2013 2725
275 33 344 68 Lib.
357 29 406 67 V.
425 27 534 66 αέα.
784 23 951 62 CONST.
974 25 1024 63 M.
1050 25 1266 64 DONATIO
1625 32 1868 67 v01.V1.p.4u·5

154 38 220 82 698

134 164 135 167 ,
154 139 271 164 corum
292 137 313 162 t.
327 126 401 161 VII.
424 121 573 172 spicilegii
595 121 789 156 Dacheriani
815 133 890 168 pag.
908 133 965 157 ux.
987 119 1063 156 inde
1079 120 1221 159 Isidorus
1245 123 1432 166 Mercator,
1459 123 1870 168 HincmarusRliemenfis,
1918 127 1940 131 ’“
1988 144 2008 181 Ῐχ

155 181 266 215 Petrus
289 177 458 216 Damiani‚
485 176 551 208 Leo
567 173 619 211 IX.
647 171 741 211 Ado,
776 171 904 221 aliique.
962 172 1130 209 Editiones
1152 177 1218 209 eius
1239 173 1422 210 admodum
1437 174 1580 211 diuersae
1603 175 1770 220 seruntur,
1798 192 1870 219 vna,

157 243 255 278 quam
278 228 395 262 habent
416 228 495 261 Acta
519 221 621 271 spuria
645 222 818 267 sylvestri,
845 236 1009 272 quamque
1033 223 1208 272 Anselmur
1231 227 1376 274 Lucensis
1392 227 1591 263 Collectioni
1608 225 1680 262 suae
1695 223 1870 265 Canonum

156 282 209 318 lib.
233 281 279 316 IV
317 291 386 326 cap,
408 288 454 319 32.
495 275 582 309 Deus
615 273 701 309 dedit
724 273 779 308 lib.
801 276 859 310 IV.
889 288 958 324 cap.
980 287 1008 311 2.
1070 278 1130 310 luo
1156 278 1356 326 Camzotmstx
1382 289 1471 326 parte
1489 289 1515 322 5,
1539 277 1656 315 decreti
1678 292 1746 327 cap.
1761 291 1815 324 49.
1841 289 1873 314 et

159 332 340 366 Gratianus
364 338 452 377 parte
469 337 493 361 1.
514 324 633 361 decreti
655 323 725 360 dist.
750 326 802 370 96.
827 339 854 362 e.
875 337 919 369 14,
943 326 1040 362 latine
1064 327 1213 370 inseruit,
1246 328 1320 363 licet
1341 331 1374 364 in
1399 331 1631 378 antiquioribus
1653 332 1796 366 Gratiani
1819 343 1873 366 co·

159 382 281 423 dicibus
309 380 373 427 legi
406 387 503 425 neget
537 376 742 418 Antoninus.
766 377 1023 427 archiepiscopus
1054 379 1108 424 [lf]
1141 381 1365 422 florentinus,
1396 391 1485 429 parte
1501 383 1525 416 1.
1548 380 1618 416 hist.
1635 384 1679 417 tit.
1695 389 1724 422 8,
1751 394 1821 430 cap.
1843 393 1872 415 2.

159 436 189 483 ᾗ,
216 442 246 474 8.
294 430 481 465 Theodorus
505 429 617 463 autem*
637 428 808 476 Balsamon
828 441 942 477 graece
966 428 1087 465 versam
1111 431 1239 467 exhibet
1263 433 1295 466 in
1322 430 1449 467 scholiis
1472 431 1511 468 ad
1534 435 1639 468 Photii
1661 434 1874 469 Nomocano-

159 499 237 521 nem
259 485 305 517 tit.
324 483 413 515 VIII.
440 483 474 515 in
499 479 573 516 bibl.
594 483 748 515 canonica
770 479 888 516 Iustelli
911 490 993 516 tom.
1008 483 1050 517 11.
1076 494 1148 530 pag.
1163 495 1238 528 9²9·
1261 480 1325 531 seq.
1389 482 1445 518 Illa
1465 483 1663 520 Balsamonis
1687 482 1789 519 versio
1814 497 1874 518 vna

161 548 237 569 cum
257 534 354 568 altera
376 531 534 567 Matthaei
556 531 716 578 Blastaris
738 530 819 566 edita
837 534 933 566 etiam
949 530 995 566 est
1010 546 1027 567 a
1042 533 1245 582 Mquardo
1262 535 1405 569 Frehero
1422 536 1458 568 A.
1474 537 1563 569 1610.
1586 546 1618 578 4.
1644 533 1759 570 additis
1773 536 1875 570 anim·

160 583 414 623 aduerfionibus.
488 585 604 631 Longe
635 583 796 632 prolixior
816 581 878 623 ess,
919 596 1019 632 quam
1048 587 1141 619 vertit
1172 598 1189 619 e
1211 597 1330 633 graeco
1358 585 1457 621 latine
1483 595 1515 621 et
1543 585 1627 622 Iulio
1651 587 1692 621 11.
1715 584 1875 634 pontifici,

160 634 315 686 inscripsit
337 635 603 679 Bartholomaeus
628 636 780 670 Picermts
801 633 841 669 de
864 635 986 669 Monte
1003 633 1116 671 arduo.
1167 638 1259 672 Haec
1282 635 1487 684 praemissam
1510 637 1625 678 habet,
1651 649 1750 686 quam
1771 634 1877 672 modo

162 689 366 730 memonui,
391 687 537 722 fictitiam
555 685 759 722 Constantini
776 686 1001 732 confagffionem,
1027 697 1123 735 atque
1145 686 1218 737 post
1238 685 1417 723 editionem
1441 687 1565 724 Colon.
1581 699 1657 734 1515.
1688 685 1809 737 saepius
1829 686 1876 722 lu-

162 753 234 774 cem
258 738 336 774 vidit
357 748 388 773 et
417 740 459 774 D.
487 738 593 772 Ioaclz.
616 738 829 773 Hildcbrandz'
854 735 1064 772 dissertationi
1091 737 1132 772 de
1161 737 1340 773 donatione
1370 738 1577 775 Constantini
1599 743 1679 788 imp.
1710 733 1878 788 praemissa

161 789 304 826 Helmst.
320 791 405 824 1661.
429 799 460 824 et
484 800 571 832 1703.
595 799 691 837 atque
712 788 914 834 Baltlzasaris
932 789 1087 823 Gualtcri
1102 787 1253 824 diatribae
1268 789 1442 824 elenc'licae
1458 789 1498 825 de
1513 792 1591 839 imp.
1608 789 1813 827 Constantini
1827 790 1878 825 ba-

161 840 303 891 ptismo,
330 839 509 876 donatione
530 852 560 875 et
578 839 742 887 legatione
765 838 803 874 ad
825 840 1014 874 Concilium
1037 841 1238 881 Nicaeum,
1265 843 1332 875 Ien.
1347 844 1430 880 16¹8.
1448 853 1499 878 12.
1515 854 1589 890 pag.
1608 842 1663 885 67.
1679 839 1744 890 seq,
1765 838 1880 876 inserta

161 893 291 941 legitur.
341 894 448 940 Atque
463 890 677 938 Augustinum
701 892 864 925 Stcuclmm
885 893 990 938 arguit
1007 892 1055 926 Io.
1069 890 1212 926 Bodinus
1231 890 1284 925 lib.
1301 895 1326 927 1.
1342 890 1382 926 de
1398 905 1464 940 rep.
1484 906 1552 942 cap.
1567 906 1600 938 9.
1621 905 1653 942 p.
1671 903 1734 928 221.
1759 903 1880 940 graeco

162 942 314 980 sermone
334 941 547 978 donationem
572 941 777 977 Constantini
799 939 967 990 scripsisse,
999 951 1032 977 vt
1052 940 1166 979 fucum
1189 940 1324 978 faceret:
1346 943 1409 990 sed
1420 943 1542 989 fiwir,
1574 945 1698 993 inquit,
1721 943 1822 989 facilc
1840 954 1880 977 cx

163 997 259 1044 ipfius
281 995 423 1029 oratione
447 1000 477 1028 et
501 995 707 1040 antiquitatis
729 994 906 1040 cognitione
934 994 1130 1039 conflaretur.
1193 995 1264 1030 Alia
1287 1007 1399 1042 graeca
1424 993 1526 1031 vei-fio
1559 992 1773 1043 (Constantini
1793 992 1883 1029 Har-

163 1047 333 1092 menopuli,
356 1055 389 1080 vt
411 1056 502 1082 notat
523 1045 677 1092 Ncſjklius
699 1055 788 1093 parte
806 1057 833 1078 2.
857 1044 997 1093 catalogi
1012 1046 1113 1080 MSS.
1138 1058 1211 1094 pag.
1223 1048 1290 1090 27.)
1317 1045 1417 1081 exstat
1439 1048 1473 1081 in
1496 1046 1568 1083 bibl.
1584 1045 1724 1084 caesarea
1738 1057 1769 1082 et
1786 1046 1880 1080 Lam.

163 1101 244 1132 becio
265 1097 317 1132 lib.
337 1099 377 1131 V.
400 1110 474 1145 pag.
489 1109 562 1140 244.
589 1097 642 1131 lib.
657 1098 712 1133 Vt.
736 1110 809 1146 pag.
829 1108 872 1140 35.
892 1103 941 1138 38.
967 1108 1169 1132 memoratur
1184 1096 1225 1141 ¹),
1251 1095 1304 1132 sed
1331 1097 1437 1146 quoad
1461 1095 1587 1134 sensum
1609 1096 1724 1132 eadem
1747 1097 1791 1133 ess
1804 1110 1882 1132 eum

162 1149 218 1185 illa
236 1146 450 1192 Balsamonis‚
491 1152 580 1183 cuius
600 1147 688 1184 idem
712 1161 785 1197 pag.
805 1159 880 1191 237.
902 1150 1109 1184 mentionem
1133 1146 1219 1184 facit.
1269 1149 1367 1185 Hanc
1388 1147 1489 1198 ipsam
1519 1163 1537 1185 e
1555 1148 1667 1185 codice
1687 1150 1772 1197 regis
1799 1149 1881 1183 chri-

924 1212 941 1228 O

161 1307 302 1340 Kollario
323 1309 352 1337 in
376 1306 564 1349 supplement.
588 1306 624 1336 ad
646 1305 706 1337 vol.
723 1309 745 1337 Ι.
767 1307 899 1336 Lambec.
922 1318 1002 1336 com-

162 1360 284 1381 mentar.
313 1350 383 1380 bibl.
408 1351 488 1380 Caes.
505 1361 570 1392 pag.
589 1358 655 1384 522.
675 1351 708 1380 C.
727 1358 755 1379 et
771 1360 830 1385 593.
845 1354 877 1380 A.
922 1349 1002 1391 MoJl

163 1394 280 1424 heminis
311 1395 340 1422 in
362 1394 497 1422 Institutt.
525 1394 589 1423 hist.
612 1392 713 1422 eccles,
734 1402 797 1433 pag*-
815 1398 881 1427 265.
906 1403 967 1422 not.
982 1396 1001 1422 i.

163 1437 210 1466 ed.
227 1439 261 1466 11.
277 1434 444 1466 Selii-oeckli
468 1437 530 1465 hist.
554 1434 622 1466 eccl.
638 1435 656 1464 l.
673 1445 696 1463 c.
711 1446 776 1475 pag.
795 1445 852 1471 125.
875 1436 952 1476 seqq.
976 1443 1004 1465 et

163 1479 249 1510 multi
269 1478 338 1514 alii,
359 1489 486 1518 quorum
509 1478 611 1519 scripta
631 1487 781 1507 enumerat
805 1478 915 1519 Mense!
935 1479 1002 1510 libr.

163 1524 212 1552 cit.
232 1521 292 1552 vol.
311 1524 343 1549 V.
358 1530 379 1551 1.
402 1532 466 1562 pag.
478 1531 547 1550 202.
571 1520 650 1560 seqq.
674 1520 750 1550 conf.
775 1520 868 1561 ipsum
892 1521 1002 1553 Fabric,

164 1566 293 1594 nostrum
313 1563 407 1599 infra,
430 1563 497 1593 libr.
513 1565 561 1595 VI,
577 1573 637 1604 cap.
653 1573 673 1598 4
699 1562 759 1593 vol.
779 1564 827 1594 XI.
852 1571 908 1593 vet.
931 1564 1002 1593 edit.

164 1618 230 1648 pag.
242 1615 300 1642 353.
316 1606 376 1646 sqq.
394 1613 421 1635 et
438 1606 616 1639 Kolias-ium,
642 1605 831 1635 donationem
847 1607 926 1635 ister..
950 1605 1003 1635 fal-

164 1651 251 1679 sitatis
267 1656 434 1686 arguentem
457 1656 484 1678 et
500 1647 597 1687 plures
613 1648 716 1677 iudicii
731 1647 775 1677 sui
792 1656 930 1688 patronos
941 1647 1002 1677 lau-

164 1692 278 1722 dantem
289 1715 298 1727 ‚
321 1691 357 1720 ad
372 1691 518 1720 Lambecii
534 1699 721 1720 commentar.
737 1690 771 1720 de
787 1690 857 1721 bibl.
874 1691 1004 1720 caesarea

161 1735 292 1765 vindob.
312 1733 361 1763 vol
387 1735 435 1763 VI.
453 1732 507 1763 col.
526 1742 573 1772 77.
590 1733 627 1773 sq.
644 1732 737 1763 Harl.

208 1778 233 1816 l)
256 1777 308 1807 Illa
324 1777 445 1805 donatio
469 1776 557 1805 exstat
573 1777 603 1804 in
617 1774 700 1805 codd.
727 1782 805 1805 msst.
832 1774 1002 1806 Vindahon.

163 1820 240 1861 apud
265 1818 403 1850 Lambtr.
424 1828 495 1848 tom.
512 1821 548 1849 V.
574 1818 671 1847 codice
695 1818 894 1848 CCLXXXIV
916 1829 959 1849 nr.
980 1828 1002 1848 1.

162 1864 368 1893 chxxxlx
384 1872 427 1892 nr.
445 1872 471 1897 4.
487 1869 560 1892 mm.
579 1862 627 1889 Vl.
644 1869 716 1902 part.
734 1863 755 1891 1.
772 1860 834 1889 cod⁴
852 1863 887 1891 X.
912 1871 957 1890 nr.
975 1871 1002 1890 2.

163 1914 234 1936 tom.
250 1907 330 1936 VIII.
346 1904 409 1934 cod.
425 1906 500 1933 Lm.
517 1915 561 1933 nr.
579 1913 617 1936 33.
636 1918 675 1924 —-
702 1903 871 1933 Florentiae
886 1905 915 1932 in
930 1903 1002 1933 bibl.

163 1949 273 1978 Medic.
291 1950 320 1976 in
336 1947 399 1977 cod.
419 1949 479 1977 XV.
499 1946 569 1986 plut.
584 1948 661 1976 VIII.
681 1956 724 1974 nr.
734 1948 795 1977 XV.
806 1948 844 1976 est
860 1948 1000 1976 Conssan-

162 1993 217 2020 tini
239 1990 385 2023 edietum,
423 1990 604 2029 propositum
627 1990 656 2017 in
680 1991 766 2018 tertio
798 1990 933 2018 narthece
956 1991 1000 2019 SS.

162 2043 283 2070 magnae
299 2031 429 2062 ecclesiae
449 2042 540 2072 prope
561 2030 656 2060 aulam
679 2040 731 2061 etc.
755 2042 798 2060 nr.
815 2039 858 2065 28.
880 2032 999 2061 donatio

163 2076 315 2117 Castam.
363 2077 447 2109 Eam,
472 2076 593 2114 quaein
610 2074 665 2103 hoc
687 2074 812 2103 habetur
835 2075 896 2105 cod.
919 2076 999 2105 exhi-

160 2120 209 2149 bet
230 2117 405 2149 Thwdorus
421 2115 583 2157 anjfamon
606 2115 670 2146 loco
688 2127 704 2145 a
722 2116 852 2146 Fabricio
869 2117 997 2154 laudato,

160 2171 188 2192 et
209 2160 369 2192 Labbaeus
392 2168 464 2190 tom.
481 2163 502 2189 Ι.
526 2159 628 2189 concil.
649 2159 694 2190 ed.
719 2163 823 2191 Vener.
850 2168 926 2197 ¹729-
947 2160 998 2190 fol.

161 2216 225 2246 pag.
256 2207 341 2240 1567.
385 2214 414 2232 v.
443 2202 579 2233 Bmm'in.
615 2201 697 2232 catal.
735 2203 820 2231 codd.
850 2204 951 2232 medic.
975 2205 997 2234 1.

161 2258 229 2288 pag.
250 2252 308 2281 361.
330 2246 386 2286 seq.
411 2262 454 2268 —-
486 2246 569 2275 Tum
594 2247 622 2274 in
646 2244 709 2274 cod.
732 2247 875 2276 LXXXV.
905 2257 948 2276 nr.
973 2257 997 2282 3.

162 2289 235 2330 plut.
259 2297 303 2323 89.
326 2299 388 2316 cum
414 2287 629 2329 Harrnenopuli
654 2290 839 2328 promtuario
860 2290 941 2319 iuris.
967 2300 997 2320 v.

159 2332 285 2362 Baudini
302 2332 352 2360 111.
371 2330 424 2361 col.
441 2338 508 2366 4¹8·
525 2347 567 2354 -—
592 2330 728 2362 l’cnttiis
744 2333 774 2361 in
796 2331 860 2360 cod.
876 2333 996 2362 Marcia-

1704 1197 1881 1236 inanissimi

1044 1318 1083 1337 no
1100 1307 1268 1338 CLXXXII.
1286 1318 1351 1337 cum
1366 1307 1596 1346 Harmenopulo.
1619 1307 1718 1349 (catal.
1736 1307 1820 1339 codd.
1837 1316 1881 1345 gr.

1044 1361 1110 1390 pag.
1126 1361 1175 1387 ¹05
1189 1356 1200 1385 )
1214 1367 1257 1372 —-
1279 1351 1409 1392 Paristis
1424 1354 1455 1380 in
1471 1352 1606 1382 biblioth.
1623 1351 1739 1393 publica
1750 1353 1780 1380 in
1798 1349 1883 1389 codd.

1045 1395 1152 1423 MCCC
1159 1396 1191 1424 X.
1206 1395 1374 1423 MCCch.
1386 1396 1566 1425 MCchxl.
1576 1405 1641 1424 cum
1652 1391 1885 1435 Harmenopfflo,
1946 1426 1954 1435 ,⁷

1045 1438 1084 1465 est
1100 1436 1227 1465 edietum
1243 1438 1423 1467 Constantini
1434 1459 1443 1473 ‚
1466 1447 1526 1478 quo
1544 1447 1668 1467 romano
1683 1438 1813 1478 pontiflci
1824 1437 1883 1477 pri-

1044 1488 1140 1508 matus
1155 1478 1248 1508 adseri
1263 1479 1378 1510 dicitur.
1398 1497 1440 1502 —
1456 1482 1489 1509 In
1504 1480 1587 1511 codd.
1598 1481 1884 1511 MCCCCXXXVII.

1047 1522 1626 1554 MCCCCXXXVIII.MCCCCXXX1X.
1648 1524 1689 1554 est
1707 1523 1799 1554 eiusd.
1817 1531 1883 1552 ora-

1045 1566 1087 1594 tio
1101 1564 1135 1593 ad
1152 1564 1315 1593 sanctorum
1330 1572 1456 1596 coetum.
1486 1568 1518 1595 In
1538 1566 1602 1597 cod.
1618 1566 1884 1597 MCCCCXXXIV.
1911 1603 1915 1605 ῃ
2011 1598 2013 1602 .

1046 1608 1213 1636 constitutio
1230 1606 1265 1635 ad
1288 1615 1388 1644 gentes
1416 1609 1468 1638 fibi
1490 1607 1625 1642 subditas
1649 1613 1708 1645 —“.
1723 1611 1758 1636 In
1783 1607 1882 1637 codice
1921 1615 1928 1620 ·
1956 1623 1972 1633 »-

1047 1650 1278 1679 CCCCLXXIV.
1308 1650 1438 1679 eiusdem
1463 1651 1610 1691 epistolae.
1630 1667 1676 1674 --
1697 1652 1777 1680 Inter
1796 1649 1881 1680 codd.

1046 1692 1189 1726 arabim&
1205 1691 1268 1720 cod.
1279 1693 1409 1722 CXXIII.
1425 1694 1538 1723 CXXV.
1554 1701 1583 1723 et
1592 1695 1735 1723 CXXVII.
1753 1694 1883 1722 continet

1047 1735 1231 1763 Constantini
1253 1734 1437 1775 aliorumque
1460 1737 1630 1776 imperator.
1654 1737 1754 1765 statuta
1771 1742 1799 1764 et
1814 1745 1882 1768 ton-

1046 1778 1217 1807 stitutione&
1233 1787 1261 1807 v.
1279 1786 1333 1805 cat.
1350 1777 1435 1808 codd.
1459 1777 1543 1809 Paris.
1565 1778 1636 1808 bibl.
1658 1778 1718 1809 vol.
1735 1780 1758 1810 Ι.
1784 1788 1812 1819 Ρ,
1830 1787 1882 1814 ιις.

1045 1827 1073 1848 et
1090 1823 1144 1849 116.
1171 1836 1215 1841 —-
1265 1820 1395 1850 Taurini
1419 1822 1496 1850 inter
1515 1821 1599 1852 codd.
1621 1832 1663 1859 gr.
1691 1820 1761 1851 bibl.
1785 1823 1882 1859 regiae
1908 1817 1910 1819 ³
1933 1819 1969 1867 “’,

1043 1864 1075 1892 in
1092 1862 1154 1891 cod.
1165 1863 1374 1893 CCLXXVIII.
1392 1862 1516 1895 ectiffum
1534 1863 1719 1906 Constantini
1733 1865 1779 1896 M.
1795 1865 1826 1893 in
1839 1863 1881 1893 fa-

1044 1915 1148 1934 vorem
1164 1906 1280 1935 romani
1295 1907 1459 1946 pontificis,
1482 1916 1517 1936 ex
1531 1909 1713 1948 iuterpretat-
1758 1908 1881 1936 Harme-

1044 1947 1164 1987 nopuli,
1188 1951 1232 1984 (v.
1249 1957 1301 1978 cat.
1318 1948 1401 1979 codd.
1417 1959 1459 1986 gr.
1478 1958 1548 1991 pag.⁶
1559 1955 1620 1985 380.
1639 1966 1680 1973 -
1702 1950 1833 1980 Mati-iti
1851 1950 1882 1978 in

1045 1991 1108 2020 cod.
1127 1993 1265 2021 LXXXV.
1289 1991 1358 2020 bibl.
1382 1994 1498 2028 regiae,
1528 1992 1579 2023 fol.
1600 2003 1652 2028 ¹93·
1676 1993 1797 2023 donatio
1817 1991 1880 2026 illa,

1044 2043 1119 2073 quae
1136 2035 1164 2070 ivn
1185 2033 1248 2063 aliis
1269 2034 1352 2064 codd.
1374 2044 1496 2064 vocatur
1520 2035 1612 2077 Const.
1629 2036 1732 2073 M..de
1752 2044 1893 2068 romano,

1041 2076 1183 2117 poezttfice
1199 2077 1377 2117 constitutio.
1424 2081 1628 2119 interpretatio
1644 2090 1685 2116 gr.
1701 2081 1730 2108 in
1746 2079 1802 2108 hoc
1816 2077 1880 2107 cod.

1044 2119 1184 2148 consentit
1200 2130 1264 2148 cum
1282 2127 1361 2149 textu
1377 2130 1391 2148 a
1409 2119 1572 2159 Bulcngero
1589 2122 1683 2152 edito:
1707 2124 1736 2151 in
1760 2121 1879 2161 quibus-

1044 2161 1109 2190 dam
1127 2172 1222 2191 tamen
1238 2161 1412 2192 lectionibus
1428 2163 1588 2199 discor-dan
1608 2174 1694 2205 atque
1718 2165 1833 2195 Iriarbe
1849 2165 1880 2193 in

1042 2206 1073 2234 in
1089 2213 1140 2234 cat.
1157 2205 1240 2234 codd.
1257 2216 1298 2242 gr.
1322 2216 1385 2246 pag.
1406 2216 1470 2242 349.
1492 2209 1646 2238 adnotauit
1667 2207 1803 2237 let—hones
1826 2207 1878 2234 hu-

1041 2249 1087 2276 ius
1102 2247 1165 2276 cod.
1183 2247 1309 2277 diuersas
1325 2259 1340 2277 a
1357 2257 1436 2278 textu
1455 2250 1610 2293 Bulengeg..
1621 2261 1673 2282 nec
1689 2251 1736 2281 hic
1752 2259 1798 2278 eas
1823 2250 1876 2279 ite·

1041 2301 1108 2321 xum
1122 2289 1220 2329 legisse
1236 2292 1407 2333 poenitebit.
1429 2292 1524 2326 Harl.
