<?xml version="1.0" encoding="UTF-8"?>
<!DOCTYPE html PUBLIC "-//W3C//DTD XHTML 1.0 Transitional//EN"
    "http://www.w3.org/TR/xhtml1/DTD/xhtml1-transitional.dtd">
<html xmlns="http://www.w3.org/1999/xhtml" xml:lang="en" lang="en">
 <head>
  <title>
</title>
<meta http-equiv="Content-Type" content="text/html;charset=utf-8" />
  <meta name='ocr-system' content='tesseract 3.04.00' />
  <meta name='ocr-capabilities' content='ocr_page ocr_carea ocr_par ocr_line ocrx_word'/>
</head>
<body>
  <div class='ocr_page' id='page_1' title='image "./bibliothecagraec05fabruoft_0025.png"; bbox 0 0 2049 2720; ppageno 0'>
   <div class='ocr_carea' id='block_1_1' title="bbox 777 138 1842 192">
    <p class='ocr_par' dir='ltr' id='par_1_1' title="bbox 777 138 1842 192">
     <span class='ocr_line' id='line_1_1' title="bbox 777 138 1842 192; baseline 0.005 -15"><span class='ocrx_word' id='word_1_1' title='bbox 777 142 857 178; x_wconf 88' lang='lat' dir='ltr'><strong>1os.</strong></span> <span class='ocrx_word' id='word_1_2' title='bbox 890 140 1034 179; x_wconf 73' lang='lat' dir='ltr'><strong>FLAvn</strong></span> <span class='ocrx_word' id='word_1_3' title='bbox 1065 138 1183 178; x_wconf 78' lang='lat' dir='ltr'><strong>vrrA</strong></span> <span class='ocrx_word' id='word_1_4' title='bbox 1395 142 1722 185; x_wconf 76' lang='lat' dir='ltr'><strong>Lib.IV.e.V111.</strong></span> <span class='ocrx_word' id='word_1_5' title='bbox 1825 160 1842 192; x_wconf 73' lang='lat'>3</span> 
     </span>
    </p>
   </div>
   <div class='ocr_carea' id='block_1_2' title="bbox 114 232 1843 339">
    <p class='ocr_par' dir='ltr' id='par_1_2' title="bbox 114 232 1843 339">
     <span class='ocr_line' id='line_1_2' title="bbox 114 232 1843 288; baseline -0.003 -13"><span class='ocrx_word' id='word_1_6' title='bbox 114 247 239 287; x_wconf 70' lang='lat' dir='ltr'><strong>eupato</strong></span> <span class='ocrx_word' id='word_1_7' title='bbox 257 241 323 273; x_wconf 87' lang='lat' dir='ltr'><strong>iam</strong></span> <span class='ocrx_word' id='word_1_8' title='bbox 337 235 487 276; x_wconf 66' lang='lat' dir='ltr'><strong>castello,</strong></span> <span class='ocrx_word' id='word_1_9' title='bbox 515 238 677 279; x_wconf 77' lang='lat' dir='ltr'><strong>Antonia,</strong></span> <span class='ocrx_word' id='word_1_10' title='bbox 705 238 738 272; x_wconf 87' lang='lat' dir='ltr'><strong>in</strong></span> <span class='ocrx_word' id='word_1_11' title='bbox 754 238 907 273; x_wconf 80' lang='lat' dir='ltr'><strong>interiora</strong></span> <span class='ocrx_word' id='word_1_12' title='bbox 922 236 1038 286; x_wconf 83' lang='lat' dir='ltr'><strong>templi</strong></span> <span class='ocrx_word' id='word_1_13' title='bbox 1053 234 1155 272; x_wconf 86' lang='lat' dir='ltr'><strong>semet</strong></span> <span class='ocrx_word' id='word_1_14' title='bbox 1170 232 1349 272; x_wconf 81' lang='lat' dir='ltr'><strong>subducere</strong></span> <span class='ocrx_word' id='word_1_15' title='bbox 1365 241 1504 288; x_wconf 81' lang='lat' dir='ltr'><strong>cogitur.</strong></span> <span class='ocrx_word' id='word_1_16' title='bbox 1556 242 1629 279; x_wconf 86' lang='lat' dir='ltr'><strong>Iam</strong></span> <span class='ocrx_word' id='word_1_17' title='bbox 1648 242 1773 278; x_wconf 85' lang='lat' dir='ltr'><strong>bellu-m</strong></span> <span class='ocrx_word' id='word_1_18' title='bbox 1789 241 1843 279; x_wconf 85' lang='lat' dir='ltr'><strong>fla.</strong></span> 
     </span>
     <span class='ocr_line' id='line_1_3' title="bbox 116 288 1283 339; baseline -0.001 -14"><span class='ocrx_word' id='word_1_19' title='bbox 116 301 210 339; x_wconf 84' lang='lat' dir='ltr'><strong>grat,</strong></span> <span class='ocrx_word' id='word_1_20' title='bbox 233 300 264 325; x_wconf 85' lang='lat' dir='ltr'><strong>et</strong></span> <span class='ocrx_word' id='word_1_21' title='bbox 279 290 401 325; x_wconf 80' lang='lat' dir='ltr'><strong>Cestius</strong></span> <span class='ocrx_word' id='word_1_22' title='bbox 418 292 531 335; x_wconf 80' lang='lat' dir='ltr'>Syriae</span> <span class='ocrx_word' id='word_1_23' title='bbox 551 288 733 326; x_wconf 54' lang='lat' dir='ltr'><strong>praestitus</strong></span> <span class='ocrx_word' id='word_1_24' title='bbox 755 289 960 339; x_wconf 86' lang='lat' dir='ltr'><strong>profligatur.</strong></span> <span class='ocrx_word' id='word_1_25' title='bbox 1279 290 1283 293; x_wconf 88' lang='grc'><strong>’</strong></span> 
     </span>
    </p>
   </div>
   <div class='ocr_carea' id='block_1_3' title="bbox 112 353 1843 613">
    <p class='ocr_par' dir='ltr' id='par_1_3' title="bbox 112 353 1843 613">
     <span class='ocr_line' id='line_1_4' title="bbox 220 353 1843 408; baseline 0.002 -16"><span class='ocrx_word' id='word_1_26' title='bbox 220 360 331 406; x_wconf 84' lang='lat' dir='ltr'><strong>Qum</strong></span> <span class='ocrx_word' id='word_1_27' title='bbox 360 362 455 393; x_wconf 74' lang='lat' dir='ltr'><strong>etiam</strong></span> <span class='ocrx_word' id='word_1_28' title='bbox 480 360 510 391; x_wconf 91' lang='lat' dir='ltr'><strong>in</strong></span> <span class='ocrx_word' id='word_1_29' title='bbox 529 357 689 399; x_wconf 71' lang='lat' dir='ltr'><strong>Galilaea,</strong></span> <span class='ocrx_word' id='word_1_30' title='bbox 715 355 820 391; x_wconf 70' lang='lat' dir='ltr'><strong>adhue</strong></span> <span class='ocrx_word' id='word_1_31' title='bbox 842 355 1037 405; x_wconf 82' lang='lat' dir='ltr'><strong>tranquilla,</strong></span> <span class='ocrx_word' id='word_1_32' title='bbox 1065 353 1182 391; x_wconf 81' lang='lat' dir='ltr'><strong>sensim</strong></span> <span class='ocrx_word' id='word_1_33' title='bbox 1204 365 1236 391; x_wconf 88' lang='lat' dir='ltr'><strong>et</strong></span> <span class='ocrx_word' id='word_1_34' title='bbox 1260 354 1478 399; x_wconf 75' lang='lat' dir='ltr'><strong>clandestine,</strong></span> <span class='ocrx_word' id='word_1_35' title='bbox 1503 361 1645 408; x_wconf 86' lang='lat' dir='ltr'><strong>quietem</strong></span> <span class='ocrx_word' id='word_1_36' title='bbox 1664 361 1843 407; x_wconf 84' lang='lat' dir='ltr'><strong>perturbari</strong></span> 
     </span>
     <span class='ocr_line' id='line_1_5' title="bbox 112 406 1842 456; baseline 0.002 -13"><span class='ocrx_word' id='word_1_37' title='bbox 112 407 338 456; x_wconf 60' lang='lat' dir='ltr'><strong>”intelligerent</strong></span> <span class='ocrx_word' id='word_1_38' title='bbox 360 406 695 453; x_wconf 73' lang='lat' dir='ltr'><strong>Hierosolymirmmn</strong></span> <span class='ocrx_word' id='word_1_39' title='bbox 719 410 894 456; x_wconf 78' lang='lat' dir='ltr'><strong>primores,</strong></span> <span class='ocrx_word' id='word_1_40' title='bbox 916 406 1091 454; x_wconf 56' lang='lat' dir='ltr'><strong>losefaehum</strong></span> <span class='ocrx_word' id='word_1_41' title='bbox 1116 420 1192 442; x_wconf 85' lang='lat' dir='ltr'><strong>cum</strong></span> <span class='ocrx_word' id='word_1_42' title='bbox 1219 408 1345 443; x_wconf 86' lang='lat' dir='ltr'><strong>duobus</strong></span> <span class='ocrx_word' id='word_1_43' title='bbox 1370 407 1588 446; x_wconf 84' lang='lat' dir='ltr'><strong>sacerdotibus</strong></span> <span class='ocrx_word' id='word_1_44' title='bbox 1611 425 1651 447; x_wconf 86' lang='lat' dir='ltr'><strong>eo</strong></span> <span class='ocrx_word' id='word_1_45' title='bbox 1674 410 1842 453; x_wconf 71' lang='lat' dir='ltr'><strong>miserunt,</strong></span> 
     </span>
     <span class='ocr_line' id='line_1_6' title="bbox 113 459 1842 509; baseline 0.001 -13"><span class='ocrx_word' id='word_1_46' title='bbox 113 470 152 495; x_wconf 67' lang='lat' dir='ltr'><strong>vt</strong></span> <span class='ocrx_word' id='word_1_47' title='bbox 181 459 345 496; x_wconf 83' lang='lat' dir='ltr'><strong>seditiosos</strong></span> <span class='ocrx_word' id='word_1_48' title='bbox 373 463 618 509; x_wconf 78' lang='lat' dir='ltr'><strong>comprimeret,</strong></span> <span class='ocrx_word' id='word_1_49' title='bbox 675 462 838 494; x_wconf 76' lang='lat' dir='ltr'>Omnibus</span> <span class='ocrx_word' id='word_1_50' title='bbox 862 461 941 495; x_wconf 87' lang='lat' dir='ltr'><strong>bene</strong></span> <span class='ocrx_word' id='word_1_51' title='bbox 968 459 1080 508; x_wconf 71' lang='lat' dir='ltr'><strong>gesti-s,</strong></span> <span class='ocrx_word' id='word_1_52' title='bbox 1114 472 1165 494; x_wconf 78' lang='lat' dir='ltr'><strong>eas</strong></span> <span class='ocrx_word' id='word_1_53' title='bbox 1197 459 1405 507; x_wconf 79' lang='lat' dir='ltr'>prudentiae,</span> <span class='ocrx_word' id='word_1_54' title='bbox 1447 465 1571 498; x_wconf 83' lang='lat' dir='ltr'><strong>virtutis</strong></span> <span class='ocrx_word' id='word_1_55' title='bbox 1601 465 1842 509; x_wconf 69' lang='lat' dir='ltr'>imperatoriae,</span> 
     </span>
     <span class='ocr_line' id='line_1_7' title="bbox 115 510 1841 560; baseline 0.002 -13"><span class='ocrx_word' id='word_1_56' title='bbox 115 514 284 560; x_wconf 85' lang='lat' dir='ltr'><strong>aequitatis</strong></span> <span class='ocrx_word' id='word_1_57' title='bbox 304 521 336 547; x_wconf 87' lang='lat' dir='ltr'><strong>et</strong></span> <span class='ocrx_word' id='word_1_58' title='bbox 358 512 508 550; x_wconf 77' lang='lat' dir='ltr'><strong>iustitiae,</strong></span> <span class='ocrx_word' id='word_1_59' title='bbox 536 515 606 548; x_wconf 85' lang='lat' dir='ltr'><strong>imo</strong></span> <span class='ocrx_word' id='word_1_60' title='bbox 629 520 659 546; x_wconf 86' lang='lat' dir='ltr'><strong>et</strong></span> <span class='ocrx_word' id='word_1_61' title='bbox 684 511 890 547; x_wconf 74' lang='lat' dir='ltr'><strong>abstinentiae</strong></span> <span class='ocrx_word' id='word_1_62' title='bbox 911 510 1023 546; x_wconf 88' lang='lat' dir='ltr'><strong>laudes</strong></span> <span class='ocrx_word' id='word_1_63' title='bbox 1046 510 1139 551; x_wconf 82' lang='lat' dir='ltr'><strong>tulit,</strong></span> <span class='ocrx_word' id='word_1_64' title='bbox 1169 521 1202 545; x_wconf 87' lang='lat' dir='ltr'><strong>vt</strong></span> <span class='ocrx_word' id='word_1_65' title='bbox 1217 511 1343 558; x_wconf 86' lang='lat' dir='ltr'><strong>publice</strong></span> <span class='ocrx_word' id='word_1_66' title='bbox 1361 527 1379 547; x_wconf 92' lang='lat' dir='ltr'><strong>a</strong></span> <span class='ocrx_word' id='word_1_67' title='bbox 1395 514 1513 548; x_wconf 81' lang='lat' dir='ltr'>Senatu</span> <span class='ocrx_word' id='word_1_68' title='bbox 1530 513 1841 560; x_wconf 83' lang='lat' dir='ltr'><strong>Hierosolymitano</strong></span> 
     </span>
     <span class='ocr_line' id='line_1_8' title="bbox 113 561 1695 613; baseline 0.001 -15"><span class='ocrx_word' id='word_1_69' title='bbox 113 561 285 604; x_wconf 71' lang='lat' dir='ltr'><strong>vniuersae</strong></span> <span class='ocrx_word' id='word_1_70' title='bbox 298 563 519 599; x_wconf 82' lang='lat' dir='ltr'><strong>Galilaearum</strong></span> <span class='ocrx_word' id='word_1_71' title='bbox 538 574 642 600; x_wconf 83' lang='lat' dir='ltr'><strong>terrae</strong></span> <span class='ocrx_word' id='word_1_72' title='bbox 667 574 798 612; x_wconf 85' lang='lat' dir='ltr'><strong>praeto-r</strong></span> <span class='ocrx_word' id='word_1_73' title='bbox 821 564 1086 599; x_wconf 73' lang='lat' dir='ltr'><strong>constitueretur:</strong></span> <span class='ocrx_word' id='word_1_74' title='bbox 1113 561 1169 607; x_wconf 85' lang='lat' dir='ltr'><strong>(de</strong></span> <span class='ocrx_word' id='word_1_75' title='bbox 1186 562 1272 599; x_wconf 83' lang='lat' dir='ltr'><strong>bello</strong></span> <span class='ocrx_word' id='word_1_76' title='bbox 1290 563 1423 600; x_wconf 85' lang='lat' dir='ltr'><strong>ludaico</strong></span> <span class='ocrx_word' id='word_1_77' title='bbox 1442 566 1483 601; x_wconf 90' lang='lat'><strong>11.</strong></span> <span class='ocrx_word' id='word_1_78' title='bbox 1500 578 1542 609; x_wconf 81' lang='lat'><strong>25-</strong></span> <span class='ocrx_word' id='word_1_79' title='bbox 1559 579 1589 613; x_wconf 87' lang='lat' dir='ltr'><strong>p.</strong></span> <span class='ocrx_word' id='word_1_80' title='bbox 1609 569 1695 612; x_wconf 76' lang='lat'><strong>822.)</strong></span> 
     </span>
    </p>
   </div>
   <div class='ocr_carea' id='block_1_4' title="bbox 104 627 1842 1093">
    <p class='ocr_par' dir='ltr' id='par_1_4' title="bbox 104 627 1842 1093">
     <span class='ocr_line' id='line_1_9' title="bbox 214 627 1842 683; baseline 0.001 -15"><span class='ocrx_word' id='word_1_81' title='bbox 214 632 336 668; x_wconf 85' lang='lat' dir='ltr'><strong>Mitem</strong></span> <span class='ocrx_word' id='word_1_82' title='bbox 347 657 356 672; x_wconf 86' lang='lat'>‚</span> <span class='ocrx_word' id='word_1_83' title='bbox 383 643 590 680; x_wconf 84' lang='lat' dir='ltr'><strong>vacuumque</strong></span> <span class='ocrx_word' id='word_1_84' title='bbox 606 633 644 666; x_wconf 90' lang='lat' dir='ltr'><strong>ab</strong></span> <span class='ocrx_word' id='word_1_85' title='bbox 659 635 706 666; x_wconf 86' lang='lat' dir='ltr'><strong>ira</strong></span> <span class='ocrx_word' id='word_1_86' title='bbox 722 641 752 666; x_wconf 91' lang='lat' dir='ltr'><strong>et</strong></span> <span class='ocrx_word' id='word_1_87' title='bbox 768 630 994 666; x_wconf 82' lang='lat' dir='ltr'>immoderatis</span> <span class='ocrx_word' id='word_1_88' title='bbox 1012 627 1199 670; x_wconf 67' lang='lat' dir='ltr'><strong>affedtibus,</strong></span> <span class='ocrx_word' id='word_1_89' title='bbox 1225 640 1257 665; x_wconf 87' lang='lat' dir='ltr'><strong>et</strong></span> <span class='ocrx_word' id='word_1_90' title='bbox 1280 644 1380 679; x_wconf 89' lang='lat' dir='ltr'><strong>aeque</strong></span> <span class='ocrx_word' id='word_1_91' title='bbox 1397 629 1575 680; x_wconf 83' lang='lat' dir='ltr'><strong>sapientem</strong></span> <span class='ocrx_word' id='word_1_92' title='bbox 1597 644 1628 669; x_wconf 88' lang='lat' dir='ltr'><strong>et</strong></span> <span class='ocrx_word' id='word_1_93' title='bbox 1644 632 1842 683; x_wconf 82' lang='lat' dir='ltr'>prudentem</span> 
     </span>
     <span class='ocr_line' id='line_1_10' title="bbox 111 679 1840 730; baseline 0.003 -13"><span class='ocrx_word' id='word_1_94' title='bbox 111 679 209 717; x_wconf 76' lang='lat' dir='ltr'><strong>fuisse</strong></span> <span class='ocrx_word' id='word_1_95' title='bbox 232 695 328 725; x_wconf 83' lang='lat' dir='ltr'><strong>eum,</strong></span> <span class='ocrx_word' id='word_1_96' title='bbox 352 681 403 718; x_wconf 89' lang='lat' dir='ltr'><strong>vel</strong></span> <span class='ocrx_word' id='word_1_97' title='bbox 424 696 526 718; x_wconf 87' lang='lat' dir='ltr'><strong>vnum</strong></span> <span class='ocrx_word' id='word_1_98' title='bbox 549 686 615 720; x_wconf 83' lang='lat' dir='ltr'><strong>hoe</strong></span> <span class='ocrx_word' id='word_1_99' title='bbox 640 682 753 718; x_wconf 85' lang='lat' dir='ltr'><strong>illustri</strong></span> <span class='ocrx_word' id='word_1_100' title='bbox 774 683 979 718; x_wconf 68' lang='lat' dir='ltr'><strong>documento</strong></span> <span class='ocrx_word' id='word_1_101' title='bbox 999 681 1060 723; x_wconf 73' lang='lat' dir='ltr'><strong>est,</strong></span> <span class='ocrx_word' id='word_1_102' title='bbox 1086 681 1197 730; x_wconf 88' lang='lat' dir='ltr'><strong>quod,</strong></span> <span class='ocrx_word' id='word_1_103' title='bbox 1223 681 1405 718; x_wconf 77' lang='lat' dir='ltr'>Pharisaeus</span> <span class='ocrx_word' id='word_1_104' title='bbox 1427 684 1520 727; x_wconf 86' lang='lat' dir='ltr'><strong>licet,</strong></span> <span class='ocrx_word' id='word_1_105' title='bbox 1547 686 1685 723; x_wconf 72' lang='lat' dir='ltr'><strong>obstitit,</strong></span> <span class='ocrx_word' id='word_1_106' title='bbox 1713 700 1753 720; x_wconf 85' lang='lat' dir='ltr'><strong>ne</strong></span> <span class='ocrx_word' id='word_1_107' title='bbox 1773 686 1840 723; x_wconf 90' lang='lat' dir='ltr'><strong>duo</strong></span> 
     </span>
     <span class='ocr_line' id='line_1_11' title="bbox 108 732 1841 783; baseline 0.002 -15"><span class='ocrx_word' id='word_1_108' title='bbox 108 733 359 777; x_wconf 78' lang='lat' dir='ltr'><strong>Trachonitae‚</strong></span> <span class='ocrx_word' id='word_1_109' title='bbox 388 748 471 783; x_wconf 84' lang='lat' dir='ltr'><strong>quos</strong></span> <span class='ocrx_word' id='word_1_110' title='bbox 495 735 631 783; x_wconf 83' lang='lat' dir='ltr'>gentiles</span> <span class='ocrx_word' id='word_1_111' title='bbox 663 732 707 769; x_wconf 82' lang='lat' dir='ltr'><strong>sui</strong></span> <span class='ocrx_word' id='word_1_112' title='bbox 735 733 793 769; x_wconf 78' lang='lat' dir='ltr'><strong>nisi</strong></span> <span class='ocrx_word' id='word_1_113' title='bbox 821 737 881 769; x_wconf 82' lang='lat' dir='ltr'><strong>hac</strong></span> <span class='ocrx_word' id='word_1_114' title='bbox 911 733 1101 769; x_wconf 72' lang='lat' dir='ltr'><strong>conditione</strong></span> <span class='ocrx_word' id='word_1_115' title='bbox 1125 733 1210 780; x_wconf 86' lang='lat' dir='ltr'><strong>apud</strong></span> <span class='ocrx_word' id='word_1_116' title='bbox 1234 732 1265 768; x_wconf 82' lang='lat' dir='ltr'><strong>se</strong></span> <span class='ocrx_word' id='word_1_117' title='bbox 1289 734 1430 770; x_wconf 83' lang='lat' dir='ltr'><strong>tolerare</strong></span> <span class='ocrx_word' id='word_1_118' title='bbox 1452 736 1640 779; x_wconf 82' lang='lat' dir='ltr'><strong>voluerant,</strong></span> <span class='ocrx_word' id='word_1_119' title='bbox 1666 739 1758 772; x_wconf 78' lang='lat' dir='ltr'><strong>inuiti</strong></span> <span class='ocrx_word' id='word_1_120' title='bbox 1781 740 1841 772; x_wconf 85' lang='lat' dir='ltr'><strong>cir-</strong></span> 
     </span>
     <span class='ocr_line' id='line_1_12' title="bbox 106 784 1840 836; baseline 0.003 -17"><span class='ocrx_word' id='word_1_121' title='bbox 106 784 391 828; x_wconf 67' lang='lat' dir='ltr'><strong>cumciderentur,</strong></span> <span class='ocrx_word' id='word_1_122' title='bbox 419 785 499 822; x_wconf 87' lang='lat' dir='ltr'><strong>dum</strong></span> <span class='ocrx_word' id='word_1_123' title='bbox 523 797 676 835; x_wconf 75' lang='lat' dir='ltr'><strong>oportere</strong></span> <span class='ocrx_word' id='word_1_124' title='bbox 698 786 821 822; x_wconf 84' lang='lat' dir='ltr'><strong>dicebat</strong></span> <span class='ocrx_word' id='word_1_125' title='bbox 847 789 1018 821; x_wconf 76' lang='lat' dir='ltr'><strong>hommem</strong></span> <span class='ocrx_word' id='word_1_126' title='bbox 1042 798 1206 834; x_wconf 79' lang='lat' dir='ltr'><strong>quemque</strong></span> <span class='ocrx_word' id='word_1_127' title='bbox 1230 788 1367 821; x_wconf 88' lang='lat' dir='ltr'><strong>minime</strong></span> <span class='ocrx_word' id='word_1_128' title='bbox 1390 789 1563 828; x_wconf 64' lang='lat' dir='ltr'><strong>coadium,</strong></span> <span class='ocrx_word' id='word_1_129' title='bbox 1589 787 1641 823; x_wconf 88' lang='lat' dir='ltr'><strong>sed</strong></span> <span class='ocrx_word' id='word_1_130' title='bbox 1656 786 1712 823; x_wconf 82' lang='lat' dir='ltr'><strong>sua</strong></span> <span class='ocrx_word' id='word_1_131' title='bbox 1727 787 1840 836; x_wconf 82' lang='lat' dir='ltr'><strong>sponte</strong></span> 
     </span>
     <span class='ocr_line' id='line_1_13' title="bbox 109 832 1839 888; baseline -0.001 -15"><span class='ocrx_word' id='word_1_132' title='bbox 109 837 223 873; x_wconf 84' lang='lat' dir='ltr'><strong>Deum</strong></span> <span class='ocrx_word' id='word_1_133' title='bbox 245 837 354 873; x_wconf 88' lang='lat' dir='ltr'><strong>colere</strong></span> <span class='ocrx_word' id='word_1_134' title='bbox 370 832 425 883; x_wconf 71' lang='lat' dir='ltr'><strong>f),</strong></span> <span class='ocrx_word' id='word_1_135' title='bbox 450 851 558 888; x_wconf 82' lang='lat' dir='ltr'><strong>neque</strong></span> <span class='ocrx_word' id='word_1_136' title='bbox 581 836 767 874; x_wconf 81' lang='lat' dir='ltr'><strong>faciendum</strong></span> <span class='ocrx_word' id='word_1_137' title='bbox 792 838 889 888; x_wconf 79' lang='lat' dir='ltr'><strong>quid,</strong></span> <span class='ocrx_word' id='word_1_138' title='bbox 917 836 1002 872; x_wconf 88' lang='lat' dir='ltr'><strong>vnde</strong></span> <span class='ocrx_word' id='word_1_139' title='bbox 1026 850 1102 879; x_wconf 78' lang='lat' dir='ltr'><strong>eos,</strong></span> <span class='ocrx_word' id='word_1_140' title='bbox 1129 840 1185 884; x_wconf 87' lang='lat' dir='ltr'><strong>qui</strong></span> <span class='ocrx_word' id='word_1_141' title='bbox 1208 834 1313 872; x_wconf 88' lang='lat' dir='ltr'><strong>salutis</strong></span> <span class='ocrx_word' id='word_1_142' title='bbox 1335 839 1537 886; x_wconf 77' lang='lat' dir='ltr'><strong>quaerendae</strong></span> <span class='ocrx_word' id='word_1_143' title='bbox 1560 838 1665 875; x_wconf 68' lang='lat' dir='ltr'><strong>caussa</strong></span> <span class='ocrx_word' id='word_1_144' title='bbox 1689 840 1728 874; x_wconf 87' lang='lat' dir='ltr'><strong>ad</strong></span> <span class='ocrx_word' id='word_1_145' title='bbox 1751 840 1839 876; x_wconf 86' lang='lat' dir='ltr'><strong>Gali-</strong></span> 
     </span>
     <span class='ocr_line' id='line_1_14' title="bbox 110 887 1838 940; baseline 0.002 -15"><span class='ocrx_word' id='word_1_146' title='bbox 110 888 201 925; x_wconf 79' lang='lat' dir='ltr'><strong>lacos</strong></span> <span class='ocrx_word' id='word_1_147' title='bbox 221 887 449 937; x_wconf 77' lang='lat' dir='ltr'><strong>confugerint,</strong></span> <span class='ocrx_word' id='word_1_148' title='bbox 476 889 523 926; x_wconf 86' lang='lat' dir='ltr'><strong>sui</strong></span> <span class='ocrx_word' id='word_1_149' title='bbox 546 890 670 926; x_wconf 85' lang='lat' dir='ltr'><strong>confilii</strong></span> <span class='ocrx_word' id='word_1_150' title='bbox 686 893 870 940; x_wconf 81' lang='lat' dir='ltr'><strong>poeniteat3</strong></span> <span class='ocrx_word' id='word_1_151' title='bbox 897 889 1056 938; x_wconf 75' lang='lat' dir='ltr'><strong>quodque</strong></span> <span class='ocrx_word' id='word_1_152' title='bbox 1072 887 1137 923; x_wconf 81' lang='lat' dir='ltr'><strong>sine</strong></span> <span class='ocrx_word' id='word_1_153' title='bbox 1159 888 1223 923; x_wconf 88' lang='lat' dir='ltr'><strong>vlla</strong></span> <span class='ocrx_word' id='word_1_154' title='bbox 1247 891 1368 924; x_wconf 84' lang='lat' dir='ltr'><strong>ciuium</strong></span> <span class='ocrx_word' id='word_1_155' title='bbox 1394 890 1491 926; x_wconf 88' lang='lat' dir='ltr'><strong>caede</strong></span> <span class='ocrx_word' id='word_1_156' title='bbox 1517 895 1611 928; x_wconf 85' lang='lat' dir='ltr'><strong>toties</strong></span> <span class='ocrx_word' id='word_1_157' title='bbox 1627 902 1838 928; x_wconf 72' lang='lat' dir='ltr'><strong>commotum</strong></span> 
     </span>
     <span class='ocr_line' id='line_1_15' title="bbox 110 938 1838 991; baseline 0.001 -15"><span class='ocrx_word' id='word_1_158' title='bbox 110 941 276 976; x_wconf 80' lang='lat' dir='ltr'><strong>Galilaeae</strong></span> <span class='ocrx_word' id='word_1_159' title='bbox 298 942 461 990; x_wconf 86' lang='lat' dir='ltr'><strong>populum</strong></span> <span class='ocrx_word' id='word_1_160' title='bbox 485 944 603 978; x_wconf 87' lang='lat' dir='ltr'><strong>iterum</strong></span> <span class='ocrx_word' id='word_1_161' title='bbox 627 940 828 991; x_wconf 73' lang='lat' dir='ltr'><strong>composuit,</strong></span> <span class='ocrx_word' id='word_1_162' title='bbox 854 952 952 991; x_wconf 82' lang='lat' dir='ltr'><strong>atque</strong></span> <span class='ocrx_word' id='word_1_163' title='bbox 974 940 1076 977; x_wconf 82' lang='lat' dir='ltr'><strong>semet</strong></span> <span class='ocrx_word' id='word_1_164' title='bbox 1094 956 1110 975; x_wconf 92' lang='lat' dir='ltr'><strong>a</strong></span> <span class='ocrx_word' id='word_1_165' title='bbox 1131 938 1306 987; x_wconf 76' lang='lat' dir='ltr'><strong>praesenti,</strong></span> <span class='ocrx_word' id='word_1_166' title='bbox 1336 943 1368 976; x_wconf 86' lang='lat' dir='ltr'><strong>in</strong></span> <span class='ocrx_word' id='word_1_167' title='bbox 1386 955 1454 991; x_wconf 85' lang='lat' dir='ltr'><strong>quo</strong></span> <span class='ocrx_word' id='word_1_168' title='bbox 1470 957 1536 978; x_wconf 89' lang='lat' dir='ltr'><strong>non</strong></span> <span class='ocrx_word' id='word_1_169' title='bbox 1555 957 1628 979; x_wconf 88' lang='lat' dir='ltr'><strong>raro</strong></span> <span class='ocrx_word' id='word_1_170' title='bbox 1645 941 1838 983; x_wconf 77' lang='lat' dir='ltr'><strong>versabatur,</strong></span> 
     </span>
     <span class='ocr_line' id='line_1_16' title="bbox 111 991 1838 1043; baseline 0.003 -18"><span class='ocrx_word' id='word_1_171' title='bbox 111 993 194 1027; x_wconf 88' lang='lat' dir='ltr'><strong>vitae</strong></span> <span class='ocrx_word' id='word_1_172' title='bbox 217 995 382 1040; x_wconf 65' lang='lat' dir='ltr'><strong>periculm</strong></span> <span class='ocrx_word' id='word_1_173' title='bbox 409 991 535 1043; x_wconf 79' lang='lat' dir='ltr'><strong>semper</strong></span> <span class='ocrx_word' id='word_1_174' title='bbox 554 992 681 1029; x_wconf 88' lang='lat' dir='ltr'><strong>saluum</strong></span> <span class='ocrx_word' id='word_1_175' title='bbox 706 994 893 1030; x_wconf 85' lang='lat' dir='ltr'><strong>vindicauit.</strong></span> <span class='ocrx_word' id='word_1_176' title='bbox 950 992 1052 1041; x_wconf 79' lang='lat' dir='ltr'><strong>ipsam</strong></span> <span class='ocrx_word' id='word_1_177' title='bbox 1073 995 1287 1027; x_wconf 85' lang='lat' dir='ltr'><strong>inimicorum</strong></span> <span class='ocrx_word' id='word_1_178' title='bbox 1310 991 1446 1029; x_wconf 85' lang='lat' dir='ltr'><strong>suorum</strong></span> <span class='ocrx_word' id='word_1_179' title='bbox 1469 997 1646 1038; x_wconf 81' lang='lat' dir='ltr'><strong>inuidiam,</strong></span> <span class='ocrx_word' id='word_1_180' title='bbox 1673 994 1838 1031; x_wconf 55' lang='lat' dir='ltr'><strong>callidam*</strong></span> 
     </span>
     <span class='ocr_line' id='line_1_17' title="bbox 104 1041 1462 1093; baseline 0.002 -16"><span class='ocrx_word' id='word_1_181' title='bbox 104 1055 175 1091; x_wconf 31' lang='lat' dir='ltr'><strong>*que</strong></span> <span class='ocrx_word' id='word_1_182' title='bbox 188 1042 227 1078; x_wconf 85' lang='lat' dir='ltr'><strong>ad</strong></span> <span class='ocrx_word' id='word_1_183' title='bbox 247 1041 351 1093; x_wconf 86' lang='lat' dir='ltr'><strong>ipsum</strong></span> <span class='ocrx_word' id='word_1_184' title='bbox 367 1044 571 1092; x_wconf 80' lang='lat' dir='ltr'><strong>perdendum</strong></span> <span class='ocrx_word' id='word_1_185' title='bbox 597 1044 748 1080; x_wconf 75' lang='lat' dir='ltr'><strong>fraudem</strong></span> <span class='ocrx_word' id='word_1_186' title='bbox 770 1048 912 1086; x_wconf 84' lang='lat' dir='ltr'><strong>variam,</strong></span> <span class='ocrx_word' id='word_1_187' title='bbox 934 1044 1165 1091; x_wconf 72' lang='lat' dir='ltr'><strong>stratagematis</strong></span> <span class='ocrx_word' id='word_1_188' title='bbox 1183 1041 1298 1091; x_wconf 83' lang='lat' dir='ltr'><strong>effugit</strong></span> <span class='ocrx_word' id='word_1_189' title='bbox 1314 1041 1462 1080; x_wconf 62' lang='lat' dir='ltr'><strong>feliciter.</strong></span> 
     </span>
    </p>
   </div>
   <div class='ocr_carea' id='block_1_5' title="bbox 211 1107 1837 1164">
    <p class='ocr_par' dir='ltr' id='par_1_5' title="bbox 211 1107 1837 1164">
     <span class='ocr_line' id='line_1_18' title="bbox 211 1107 1837 1164; baseline 0.003 -19"><span class='ocrx_word' id='word_1_190' title='bbox 211 1108 322 1146; x_wconf 80' lang='lat' dir='ltr'><strong>Cestio</strong></span> <span class='ocrx_word' id='word_1_191' title='bbox 346 1114 468 1158; x_wconf 76' lang='lat' dir='ltr'><strong>ingenti</strong></span> <span class='ocrx_word' id='word_1_192' title='bbox 492 1111 583 1147; x_wconf 83' lang='lat' dir='ltr'><strong>clade</strong></span> <span class='ocrx_word' id='word_1_193' title='bbox 610 1115 643 1147; x_wconf 90' lang='lat' dir='ltr'><strong>in</strong></span> <span class='ocrx_word' id='word_1_194' title='bbox 667 1112 812 1148; x_wconf 76' lang='lat' dir='ltr'><strong>Galilaea</strong></span> <span class='ocrx_word' id='word_1_195' title='bbox 834 1110 1033 1159; x_wconf 76' lang='lat' dir='ltr'><strong>profligato,</strong></span> <span class='ocrx_word' id='word_1_196' title='bbox 1066 1112 1156 1145; x_wconf 84' lang='lat' dir='ltr'><strong>Nero</strong></span> <span class='ocrx_word' id='word_1_197' title='bbox 1175 1107 1422 1157; x_wconf 66' lang='lat' dir='ltr'><strong>Vespasianum,</strong></span> <span class='ocrx_word' id='word_1_198' title='bbox 1449 1114 1495 1147; x_wconf 85' lang='lat' dir='ltr'><strong>rei</strong></span> <span class='ocrx_word' id='word_1_199' title='bbox 1519 1113 1670 1149; x_wconf 82' lang='lat' dir='ltr'><strong>militaris</strong></span> <span class='ocrx_word' id='word_1_200' title='bbox 1691 1113 1837 1164; x_wconf 80' lang='lat' dir='ltr'><strong>peritiffi-</strong></span> 
     </span>
    </p>
   </div>
   <div class='ocr_carea' id='block_1_6' title="bbox 14 1159 1836 1212">
    <p class='ocr_par' dir='ltr' id='par_1_6' title="bbox 14 1159 1836 1212">
     <span class='ocr_line' id='line_1_19' title="bbox 14 1159 1836 1212; baseline 0.002 -17"><span class='ocrx_word' id='word_1_201' title='bbox 14 1187 19 1191; x_wconf 82' lang='lat'>.</span> <span class='ocrx_word' id='word_1_202' title='bbox 72 1207 76 1209; x_wconf 18' lang='grc' dir='ltr'><em>Β</em></span> <span class='ocrx_word' id='word_1_203' title='bbox 106 1173 218 1204; x_wconf 81' lang='lat' dir='ltr'><strong>mum,</strong></span> <span class='ocrx_word' id='word_1_204' title='bbox 240 1164 273 1197; x_wconf 80' lang='lat' dir='ltr'><strong>in</strong></span> <span class='ocrx_word' id='word_1_205' title='bbox 291 1162 501 1198; x_wconf 77' lang='lat' dir='ltr'><strong>Palaestinam</strong></span> <span class='ocrx_word' id='word_1_206' title='bbox 518 1165 627 1198; x_wconf 83' lang='lat' dir='ltr'><strong>mittit.</strong></span> <span class='ocrx_word' id='word_1_207' title='bbox 678 1161 819 1212; x_wconf 86' lang='lat' dir='ltr'><strong>losepho</strong></span> <span class='ocrx_word' id='word_1_208' title='bbox 837 1161 921 1198; x_wconf 86' lang='lat' dir='ltr'><strong>duce</strong></span> <span class='ocrx_word' id='word_1_209' title='bbox 945 1172 976 1196; x_wconf 86' lang='lat' dir='ltr'><strong>et</strong></span> <span class='ocrx_word' id='word_1_210' title='bbox 995 1163 1128 1196; x_wconf 63' lang='lat' dir='ltr'><strong>auetore</strong></span> <span class='ocrx_word' id='word_1_211' title='bbox 1144 1159 1251 1195; x_wconf 83' lang='lat' dir='ltr'><strong>Iudaei</strong></span> <span class='ocrx_word' id='word_1_212' title='bbox 1279 1159 1407 1198; x_wconf 84' lang='lat' dir='ltr'><strong>summa</strong></span> <span class='ocrx_word' id='word_1_213' title='bbox 1424 1166 1600 1212; x_wconf 79' lang='lat' dir='ltr'><strong>pertinacia</strong></span> <span class='ocrx_word' id='word_1_214' title='bbox 1616 1168 1772 1201; x_wconf 87' lang='lat' dir='ltr'><strong>Romanis</strong></span> <span class='ocrx_word' id='word_1_215' title='bbox 1789 1180 1836 1202; x_wconf 83' lang='lat' dir='ltr'><strong>re.</strong></span> 
     </span>
    </p>
   </div>
   <div class='ocr_carea' id='block_1_7' title="bbox 103 1210 1836 1849">
    <p class='ocr_par' dir='ltr' id='par_1_7' title="bbox 103 1210 1836 1679">
     <span class='ocr_line' id='line_1_20' title="bbox 105 1210 1836 1264; baseline 0.003 -17"><span class='ocrx_word' id='word_1_216' title='bbox 105 1211 236 1254; x_wconf 81' lang='lat' dir='ltr'><strong>fistum,</strong></span> <span class='ocrx_word' id='word_1_217' title='bbox 263 1216 411 1249; x_wconf 82' lang='lat' dir='ltr'><strong>maxime</strong></span> <span class='ocrx_word' id='word_1_218' title='bbox 432 1217 467 1249; x_wconf 87' lang='lat' dir='ltr'><strong>in</strong></span> <span class='ocrx_word' id='word_1_219' title='bbox 489 1213 694 1250; x_wconf 83' lang='lat' dir='ltr'><strong>defendenda</strong></span> <span class='ocrx_word' id='word_1_220' title='bbox 716 1217 869 1262; x_wconf 77' lang='lat' dir='ltr'><strong>lotapata.</strong></span> <span class='ocrx_word' id='word_1_221' title='bbox 921 1216 1025 1262; x_wconf 80' lang='lat' dir='ltr'><strong>Capta</strong></span> <span class='ocrx_word' id='word_1_222' title='bbox 1043 1210 1176 1247; x_wconf 86' lang='lat' dir='ltr'><strong>tandem</strong></span> <span class='ocrx_word' id='word_1_223' title='bbox 1194 1212 1271 1247; x_wconf 91' lang='lat' dir='ltr'><strong>vrbe</strong></span> <span class='ocrx_word' id='word_1_224' title='bbox 1288 1227 1390 1262; x_wconf 87' lang='lat' dir='ltr'><strong>quum</strong></span> <span class='ocrx_word' id='word_1_225' title='bbox 1408 1215 1552 1250; x_wconf 86' lang='lat' dir='ltr'><strong>Romani</strong></span> <span class='ocrx_word' id='word_1_226' title='bbox 1571 1217 1613 1252; x_wconf 92' lang='lat' dir='ltr'><strong>ob</strong></span> <span class='ocrx_word' id='word_1_227' title='bbox 1631 1220 1713 1252; x_wconf 84' lang='lat' dir='ltr'><strong>vires</strong></span> <span class='ocrx_word' id='word_1_228' title='bbox 1734 1231 1836 1264; x_wconf 88' lang='lat' dir='ltr'><strong>paene</strong></span> 
     </span>
     <span class='ocr_line' id='line_1_21' title="bbox 103 1263 1835 1314; baseline 0.003 -15"><span class='ocrx_word' id='word_1_229' title='bbox 103 1276 224 1299; x_wconf 74' lang='lat' dir='ltr'><strong>omnes</strong></span> <span class='ocrx_word' id='word_1_230' title='bbox 249 1266 282 1299; x_wconf 91' lang='lat' dir='ltr'><strong>in</strong></span> <span class='ocrx_word' id='word_1_231' title='bbox 305 1279 341 1300; x_wconf 88' lang='lat' dir='ltr'><strong>ea</strong></span> <span class='ocrx_word' id='word_1_232' title='bbox 364 1266 583 1314; x_wconf 85' lang='lat' dir='ltr'><strong>expugnanda</strong></span> <span class='ocrx_word' id='word_1_233' title='bbox 609 1264 793 1302; x_wconf 84' lang='lat' dir='ltr'><strong>consumtas</strong></span> <span class='ocrx_word' id='word_1_234' title='bbox 817 1263 992 1313; x_wconf 84' lang='lat' dir='ltr'><strong>exasperati</strong></span> <span class='ocrx_word' id='word_1_235' title='bbox 1015 1267 1047 1299; x_wconf 88' lang='lat' dir='ltr'><strong>in</strong></span> <span class='ocrx_word' id='word_1_236' title='bbox 1072 1276 1188 1299; x_wconf 85' lang='lat' dir='ltr'><strong>omnes</strong></span> <span class='ocrx_word' id='word_1_237' title='bbox 1210 1267 1446 1314; x_wconf 85' lang='lat' dir='ltr'><strong>cuiuscumque</strong></span> <span class='ocrx_word' id='word_1_238' title='bbox 1466 1270 1573 1302; x_wconf 83' lang='lat' dir='ltr'><strong>aetatis</strong></span> <span class='ocrx_word' id='word_1_239' title='bbox 1591 1277 1622 1303; x_wconf 90' lang='lat' dir='ltr'><strong>et</strong></span> <span class='ocrx_word' id='word_1_240' title='bbox 1637 1268 1835 1304; x_wconf 78' lang='lat' dir='ltr'><strong>conditionis</strong></span> 
     </span>
     <span class='ocr_line' id='line_1_22' title="bbox 105 1313 1835 1368; baseline 0.003 -19"><span class='ocrx_word' id='word_1_241' title='bbox 105 1315 233 1350; x_wconf 83' lang='lat' dir='ltr'><strong>incolas</strong></span> <span class='ocrx_word' id='word_1_242' title='bbox 253 1314 472 1359; x_wconf 76' lang='lat' dir='ltr'><strong>desaeuirent‚</strong></span> <span class='ocrx_word' id='word_1_243' title='bbox 500 1316 655 1367; x_wconf 81' lang='lat' dir='ltr'><strong>Iosephus</strong></span> <span class='ocrx_word' id='word_1_244' title='bbox 677 1317 793 1354; x_wconf 73' lang='lat' dir='ltr'><strong>desiliit</strong></span> <span class='ocrx_word' id='word_1_245' title='bbox 815 1320 848 1352; x_wconf 91' lang='lat' dir='ltr'><strong>in</strong></span> <span class='ocrx_word' id='word_1_246' title='bbox 874 1328 1022 1365; x_wconf 77' lang='lat' dir='ltr'><strong>puteum,</strong></span> <span class='ocrx_word' id='word_1_247' title='bbox 1047 1317 1098 1350; x_wconf 76' lang='lat' dir='ltr'><strong>vbi</strong></span> <span class='ocrx_word' id='word_1_248' title='bbox 1116 1313 1329 1364; x_wconf 85' lang='lat' dir='ltr'><strong>quadraginta</strong></span> <span class='ocrx_word' id='word_1_249' title='bbox 1353 1320 1438 1352; x_wconf 83' lang='lat' dir='ltr'><strong>viros</strong></span> <span class='ocrx_word' id='word_1_250' title='bbox 1458 1321 1691 1368; x_wconf 79' lang='lat' dir='ltr'><strong>ingentemque</strong></span> <span class='ocrx_word' id='word_1_251' title='bbox 1713 1323 1746 1354; x_wconf 92' lang='lat' dir='ltr'><strong>in</strong></span> <span class='ocrx_word' id='word_1_252' title='bbox 1768 1319 1835 1355; x_wconf 74' lang='lat' dir='ltr'><strong>dies</strong></span> 
     </span>
     <span class='ocr_line' id='line_1_23' title="bbox 107 1367 1836 1420; baseline 0.003 -19"><span class='ocrx_word' id='word_1_253' title='bbox 107 1380 176 1401; x_wconf 90' lang='lat' dir='ltr'><strong>non</strong></span> <span class='ocrx_word' id='word_1_254' title='bbox 192 1380 314 1415; x_wconf 83' lang='lat' dir='ltr'><strong>paucos</strong></span> <span class='ocrx_word' id='word_1_255' title='bbox 326 1381 438 1404; x_wconf 78' lang='lat' dir='ltr'><strong>rerum</strong></span> <span class='ocrx_word' id='word_1_256' title='bbox 458 1368 705 1405; x_wconf 74' lang='lat' dir='ltr'><strong>necessariarum</strong></span> <span class='ocrx_word' id='word_1_257' title='bbox 730 1373 861 1420; x_wconf 81' lang='lat' dir='ltr'><strong>copiam</strong></span> <span class='ocrx_word' id='word_1_258' title='bbox 883 1367 1033 1404; x_wconf 77' lang='lat' dir='ltr'><strong>offendit.</strong></span> <span class='ocrx_word' id='word_1_259' title='bbox 1087 1368 1264 1403; x_wconf 62' lang='lat' dir='ltr'><strong>Detectum</strong></span> <span class='ocrx_word' id='word_1_260' title='bbox 1284 1368 1516 1418; x_wconf 85' lang='lat' dir='ltr'><strong>proditumque</strong></span> <span class='ocrx_word' id='word_1_261' title='bbox 1531 1384 1551 1405; x_wconf 85' lang='lat' dir='ltr'><strong>a</strong></span> <span class='ocrx_word' id='word_1_262' title='bbox 1566 1372 1702 1406; x_wconf 85' lang='lat' dir='ltr'><strong>muliere</strong></span> <span class='ocrx_word' id='word_1_263' title='bbox 1719 1370 1836 1419; x_wconf 82' lang='lat' dir='ltr'><strong>Vespa-</strong></span> 
     </span>
     <span class='ocr_line' id='line_1_24' title="bbox 105 1417 1834 1472; baseline 0.003 -18"><span class='ocrx_word' id='word_1_264' title='bbox 105 1417 211 1454; x_wconf 80' lang='lat' dir='ltr'><strong>ssanus</strong></span> <span class='ocrx_word' id='word_1_265' title='bbox 235 1422 314 1455; x_wconf 86' lang='lat' dir='ltr'><strong>tanti</strong></span> <span class='ocrx_word' id='word_1_266' title='bbox 337 1419 428 1457; x_wconf 84' lang='lat' dir='ltr'><strong>ducis</strong></span> <span class='ocrx_word' id='word_1_267' title='bbox 455 1420 586 1457; x_wconf 86' lang='lat' dir='ltr'><strong>videndi</strong></span> <span class='ocrx_word' id='word_1_268' title='bbox 610 1420 768 1457; x_wconf 73' lang='lat' dir='ltr'><strong>desiderio</strong></span> <span class='ocrx_word' id='word_1_269' title='bbox 790 1430 921 1463; x_wconf 87' lang='lat' dir='ltr'><strong>motus,</strong></span> <span class='ocrx_word' id='word_1_270' title='bbox 945 1421 1047 1455; x_wconf 86' lang='lat' dir='ltr'><strong>-mittit</strong></span> <span class='ocrx_word' id='word_1_271' title='bbox 1066 1419 1212 1453; x_wconf 86' lang='lat' dir='ltr'><strong>tribunos</strong></span> <span class='ocrx_word' id='word_1_272' title='bbox 1234 1419 1432 1469; x_wconf 83' lang='lat' dir='ltr'><strong>tandemque</strong></span> <span class='ocrx_word' id='word_1_273' title='bbox 1456 1423 1668 1463; x_wconf 78' lang='lat' dir='ltr'><strong>Nicanorem,</strong></span> <span class='ocrx_word' id='word_1_274' title='bbox 1693 1421 1834 1472; x_wconf 82' lang='lat' dir='ltr'><strong>loseph-o</strong></span> 
     </span>
     <span class='ocr_line' id='line_1_25' title="bbox 106 1468 1834 1524; baseline 0.001 -18"><span class='ocrx_word' id='word_1_275' title='bbox 106 1469 190 1506; x_wconf 87' lang='lat' dir='ltr'><strong>olim</strong></span> <span class='ocrx_word' id='word_1_276' title='bbox 212 1468 430 1515; x_wconf 73' lang='lat' dir='ltr'><strong>familiarem,</strong></span> <span class='ocrx_word' id='word_1_277' title='bbox 459 1475 514 1521; x_wconf 88' lang='lat' dir='ltr'><strong>qui</strong></span> <span class='ocrx_word' id='word_1_278' title='bbox 539 1472 620 1508; x_wconf 84' lang='lat' dir='ltr'><strong>datis</strong></span> <span class='ocrx_word' id='word_1_279' title='bbox 641 1472 780 1514; x_wconf 75' lang='lat' dir='ltr'><strong>dextris,</strong></span> <span class='ocrx_word' id='word_1_280' title='bbox 806 1472 1057 1521; x_wconf 82' lang='lat' dir='ltr'><strong>ingentibusque</strong></span> <span class='ocrx_word' id='word_1_281' title='bbox 1080 1469 1243 1518; x_wconf 78' lang='lat' dir='ltr'><strong>promiffis</strong></span> <span class='ocrx_word' id='word_1_282' title='bbox 1268 1482 1300 1506; x_wconf 87' lang='lat' dir='ltr'><strong>vt</strong></span> <span class='ocrx_word' id='word_1_283' title='bbox 1321 1469 1352 1507; x_wconf 93' lang='lat' dir='ltr'><strong>se</strong></span> <span class='ocrx_word' id='word_1_284' title='bbox 1373 1472 1523 1515; x_wconf 81' lang='lat' dir='ltr'><strong>dederet,</strong></span> <span class='ocrx_word' id='word_1_285' title='bbox 1552 1473 1684 1509; x_wconf 86' lang='lat' dir='ltr'><strong>tandem</strong></span> <span class='ocrx_word' id='word_1_286' title='bbox 1705 1472 1834 1524; x_wconf 85' lang='lat' dir='ltr'><strong>persua.</strong></span> 
     </span>
     <span class='ocr_line' id='line_1_26' title="bbox 106 1520 1834 1573; baseline 0.003 -17"><span class='ocrx_word' id='word_1_287' title='bbox 106 1521 238 1565; x_wconf 71' lang='lat' dir='ltr'><strong>deterit,</strong></span> <span class='ocrx_word' id='word_1_288' title='bbox 275 1524 365 1572; x_wconf 81' lang='lat' dir='ltr'><strong>quod</strong></span> <span class='ocrx_word' id='word_1_289' title='bbox 390 1534 502 1560; x_wconf 89' lang='lat' dir='ltr'><strong>tamen</strong></span> <span class='ocrx_word' id='word_1_290' title='bbox 529 1538 599 1560; x_wconf 90' lang='lat' dir='ltr'><strong>non</strong></span> <span class='ocrx_word' id='word_1_291' title='bbox 622 1522 688 1560; x_wconf 85' lang='lat' dir='ltr'><strong>fine</strong></span> <span class='ocrx_word' id='word_1_292' title='bbox 711 1538 803 1560; x_wconf 88' lang='lat' dir='ltr'><strong>nouo</strong></span> <span class='ocrx_word' id='word_1_293' title='bbox 829 1526 911 1560; x_wconf 84' lang='lat' dir='ltr'><strong>vitae</strong></span> <span class='ocrx_word' id='word_1_294' title='bbox 939 1523 1106 1573; x_wconf 81' lang='lat' dir='ltr'><strong>periculo,</strong></span> <span class='ocrx_word' id='word_1_295' title='bbox 1136 1521 1191 1557; x_wconf 81' lang='lat' dir='ltr'><strong>sibi</strong></span> <span class='ocrx_word' id='word_1_296' title='bbox 1214 1537 1231 1558; x_wconf 88' lang='lat' dir='ltr'><strong>a</strong></span> <span class='ocrx_word' id='word_1_297' title='bbox 1250 1520 1312 1558; x_wconf 86' lang='lat' dir='ltr'><strong>suis</strong></span> <span class='ocrx_word' id='word_1_298' title='bbox 1336 1534 1414 1559; x_wconf 87' lang='lat' dir='ltr'><strong>tunc</strong></span> <span class='ocrx_word' id='word_1_299' title='bbox 1436 1525 1720 1560; x_wconf 78' lang='lat' dir='ltr'><strong>contubernalibus</strong></span> <span class='ocrx_word' id='word_1_300' title='bbox 1744 1539 1834 1573; x_wconf 82' lang='lat' dir='ltr'><strong>para-</strong></span> 
     </span>
     <span class='ocr_line' id='line_1_27' title="bbox 105 1573 1832 1626; baseline 0.003 -18"><span class='ocrx_word' id='word_1_301' title='bbox 105 1582 160 1616; x_wconf 79' lang='lat' dir='ltr'><strong>to,</strong></span> <span class='ocrx_word' id='word_1_302' title='bbox 193 1583 290 1623; x_wconf 77' lang='lat' dir='ltr'><strong>atque</strong></span> <span class='ocrx_word' id='word_1_303' title='bbox 314 1586 410 1622; x_wconf 76' lang='lat' dir='ltr'><strong>capto</strong></span> <span class='ocrx_word' id='word_1_304' title='bbox 435 1589 474 1612; x_wconf 89' lang='lat' dir='ltr'><strong>ex</strong></span> <span class='ocrx_word' id='word_1_305' title='bbox 501 1589 598 1613; x_wconf 85' lang='lat' dir='ltr'><strong>arena</strong></span> <span class='ocrx_word' id='word_1_306' title='bbox 625 1575 782 1618; x_wconf 74' lang='lat' dir='ltr'><strong>confluo,</strong></span> <span class='ocrx_word' id='word_1_307' title='bbox 812 1587 847 1612; x_wconf 84' lang='lat' dir='ltr'><strong>et</strong></span> <span class='ocrx_word' id='word_1_308' title='bbox 869 1573 1029 1625; x_wconf 82' lang='lat' dir='ltr'><strong>praesenti</strong></span> <span class='ocrx_word' id='word_1_309' title='bbox 1051 1576 1206 1611; x_wconf 86' lang='lat' dir='ltr'><strong>Numinis</strong></span> <span class='ocrx_word' id='word_1_310' title='bbox 1226 1586 1315 1624; x_wconf 82' lang='lat' dir='ltr'><strong>ope,</strong></span> <span class='ocrx_word' id='word_1_311' title='bbox 1349 1574 1483 1612; x_wconf 87' lang='lat' dir='ltr'><strong>tandem</strong></span> <span class='ocrx_word' id='word_1_312' title='bbox 1506 1574 1646 1613; x_wconf 82' lang='lat' dir='ltr'><strong>feliciter</strong></span> <span class='ocrx_word' id='word_1_313' title='bbox 1668 1575 1832 1626; x_wconf 83' lang='lat' dir='ltr'><strong>superato,</strong></span> 
     </span>
     <span class='ocr_line' id='line_1_28' title="bbox 104 1629 1299 1679; baseline 0.003 -18"><span class='ocrx_word' id='word_1_314' title='bbox 104 1629 219 1674; x_wconf 76' lang='lat' dir='ltr'><strong>peragi</strong></span> <span class='ocrx_word' id='word_1_315' title='bbox 244 1629 349 1674; x_wconf 80' lang='lat' dir='ltr'><strong>potuit</strong></span> <span class='ocrx_word' id='word_1_316' title='bbox 365 1629 404 1672; x_wconf 70' lang='grc' dir='ltr'><strong>ε).</strong></span> <span class='ocrx_word' id='word_1_317' title='bbox 1292 1675 1299 1679; x_wconf 18' lang='grc' dir='ltr'><strong>ἦ</strong></span> 
     </span>
    </p>

    <p class='ocr_par' dir='ltr' id='par_1_8' title="bbox 105 1692 1831 1849">
     <span class='ocr_line' id='line_1_29' title="bbox 155 1692 1831 1744; baseline 0.003 -16"><span class='ocrx_word' id='word_1_318' title='bbox 155 1707 158 1710; x_wconf 56' lang='lat'><strong>⁴</strong></span> <span class='ocrx_word' id='word_1_319' title='bbox 206 1694 332 1729; x_wconf 82' lang='lat' dir='ltr'><strong>Vinum</strong></span> <span class='ocrx_word' id='word_1_320' title='bbox 360 1697 566 1742; x_wconf 83' lang='lat' dir='ltr'><strong>captiuorum</strong></span> <span class='ocrx_word' id='word_1_321' title='bbox 588 1708 683 1732; x_wconf 88' lang='lat' dir='ltr'><strong>more</strong></span> <span class='ocrx_word' id='word_1_322' title='bbox 713 1694 849 1732; x_wconf 83' lang='lat' dir='ltr'><strong>vinculis</strong></span> <span class='ocrx_word' id='word_1_323' title='bbox 875 1697 977 1731; x_wconf 87' lang='lat' dir='ltr'><strong>teneri</strong></span> <span class='ocrx_word' id='word_1_324' title='bbox 1000 1705 1098 1744; x_wconf 87' lang='lat' dir='ltr'><strong>atque</strong></span> <span class='ocrx_word' id='word_1_325' title='bbox 1121 1693 1296 1744; x_wconf 79' lang='lat' dir='ltr'><strong>diligenter</strong></span> <span class='ocrx_word' id='word_1_326' title='bbox 1315 1692 1472 1731; x_wconf 80' lang='lat' dir='ltr'><strong>custodiri</strong></span> <span class='ocrx_word' id='word_1_327' title='bbox 1500 1695 1587 1730; x_wconf 88' lang='lat' dir='ltr'><strong>iubet</strong></span> <span class='ocrx_word' id='word_1_328' title='bbox 1609 1693 1831 1744; x_wconf 73' lang='lat' dir='ltr'><strong>Vespaiianus‚</strong></span> 
     </span>
     <span class='ocr_line' id='line_1_30' title="bbox 105 1744 1831 1796; baseline 0.003 -17"><span class='ocrx_word' id='word_1_329' title='bbox 105 1746 214 1786; x_wconf 73' lang='lat' dir='ltr'><strong>cuius,</strong></span> <span class='ocrx_word' id='word_1_330' title='bbox 241 1748 286 1781; x_wconf 81' lang='lat' dir='ltr'><strong>vti</strong></span> <span class='ocrx_word' id='word_1_331' title='bbox 300 1755 332 1781; x_wconf 90' lang='lat' dir='ltr'><strong>et</strong></span> <span class='ocrx_word' id='word_1_332' title='bbox 348 1746 432 1787; x_wconf 77' lang='lat' dir='ltr'><strong>Titi,</strong></span> <span class='ocrx_word' id='word_1_333' title='bbox 454 1751 595 1795; x_wconf 86' lang='lat' dir='ltr'><strong>gratiam</strong></span> <span class='ocrx_word' id='word_1_334' title='bbox 621 1758 653 1784; x_wconf 91' lang='lat' dir='ltr'><strong>et</strong></span> <span class='ocrx_word' id='word_1_335' title='bbox 673 1744 937 1784; x_wconf 82' lang='lat' dir='ltr'><strong>beneuolentiam</strong></span> <span class='ocrx_word' id='word_1_336' title='bbox 956 1746 1011 1782; x_wconf 85' lang='lat' dir='ltr'><strong>fibi</strong></span> <span class='ocrx_word' id='word_1_337' title='bbox 1033 1758 1103 1783; x_wconf 89' lang='lat' dir='ltr'><strong>tum</strong></span> <span class='ocrx_word' id='word_1_338' title='bbox 1130 1746 1244 1783; x_wconf 80' lang='lat' dir='ltr'><strong>indole</strong></span> <span class='ocrx_word' id='word_1_339' title='bbox 1266 1749 1399 1796; x_wconf 87' lang='lat' dir='ltr'><strong>egregia</strong></span> <span class='ocrx_word' id='word_1_340' title='bbox 1423 1756 1454 1782; x_wconf 88' lang='lat' dir='ltr'><strong>et</strong></span> <span class='ocrx_word' id='word_1_341' title='bbox 1474 1747 1621 1782; x_wconf 81' lang='lat' dir='ltr'><strong>moribus</strong></span> <span class='ocrx_word' id='word_1_342' title='bbox 1647 1750 1831 1796; x_wconf 77' lang='lat' dir='ltr'><strong>praeclaris,</strong></span> 
     </span>
     <span class='ocr_line' id='line_1_31' title="bbox 105 1797 1831 1849; baseline 0.003 -17"><span class='ocrx_word' id='word_1_343' title='bbox 105 1806 177 1832; x_wconf 89' lang='lat' dir='ltr'><strong>tum</strong></span> <span class='ocrx_word' id='word_1_344' title='bbox 197 1797 247 1832; x_wconf 92' lang='lat' dir='ltr'><strong>vel</strong></span> <span class='ocrx_word' id='word_1_345' title='bbox 268 1798 414 1833; x_wconf 82' lang='lat' dir='ltr'><strong>maxime</strong></span> <span class='ocrx_word' id='word_1_346' title='bbox 433 1801 609 1842; x_wconf 80' lang='lat' dir='ltr'><strong>vaticinio,</strong></span> <span class='ocrx_word' id='word_1_347' title='bbox 635 1813 702 1849; x_wconf 91' lang='lat' dir='ltr'><strong>quo</strong></span> <span class='ocrx_word' id='word_1_348' title='bbox 724 1811 899 1849; x_wconf 78' lang='lat' dir='ltr'><strong>Vtrumque</strong></span> <span class='ocrx_word' id='word_1_349' title='bbox 913 1812 1091 1835; x_wconf 86' lang='lat' dir='ltr'><strong>romanum</strong></span> <span class='ocrx_word' id='word_1_350' title='bbox 1115 1797 1311 1848; x_wconf 83' lang='lat' dir='ltr'><strong>adepturum</strong></span> <span class='ocrx_word' id='word_1_351' title='bbox 1339 1801 1515 1847; x_wconf 83' lang='lat' dir='ltr'><strong>imperium</strong></span> <span class='ocrx_word' id='word_1_352' title='bbox 1538 1799 1715 1846; x_wconf 83' lang='lat' dir='ltr'><strong>praedixit,</strong></span> <span class='ocrx_word' id='word_1_353' title='bbox 1742 1801 1831 1836; x_wconf 82' lang='lat' dir='ltr'><strong>breui</strong></span> 
     </span>
    </p>
   </div>
   <div class='ocr_carea' id='block_1_8' title="bbox 105 1847 1831 1900">
    <p class='ocr_par' dir='ltr' id='par_1_9' title="bbox 105 1847 1831 1900">
     <span class='ocr_line' id='line_1_32' title="bbox 105 1847 1831 1900; baseline 0.003 -18"><span class='ocrx_word' id='word_1_354' title='bbox 105 1847 293 1897; x_wconf 90' lang='lat' dir='ltr'><strong>conciliauit</strong></span> <span class='ocrx_word' id='word_1_355' title='bbox 307 1847 358 1892; x_wconf 63' lang='grc' dir='ltr'><strong>’Ἢ</strong></span> <span class='ocrx_word' id='word_1_356' title='bbox 385 1851 500 1899; x_wconf 87' lang='lat' dir='ltr'><strong>hisque</strong></span> <span class='ocrx_word' id='word_1_357' title='bbox 525 1862 695 1899; x_wconf 85' lang='lat' dir='ltr'><strong>permotus</strong></span> <span class='ocrx_word' id='word_1_358' title='bbox 716 1854 891 1900; x_wconf 79' lang='lat' dir='ltr'><strong>virginem,</strong></span> <span class='ocrx_word' id='word_1_359' title='bbox 908 1848 1084 1886; x_wconf 87' lang='lat' dir='ltr'><strong>Caesareae</strong></span> <span class='ocrx_word' id='word_1_360' title='bbox 1104 1861 1232 1900; x_wconf 83' lang='lat' dir='ltr'><strong>captam</strong></span> <span class='ocrx_word' id='word_1_361' title='bbox 1255 1853 1387 1898; x_wconf 85' lang='lat' dir='ltr'><strong>eiusque</strong></span> <span class='ocrx_word' id='word_1_362' title='bbox 1408 1850 1474 1885; x_wconf 80' lang='lat' dir='ltr'><strong>loci</strong></span> <span class='ocrx_word' id='word_1_363' title='bbox 1488 1850 1688 1898; x_wconf 77' lang='lat' dir='ltr'><strong>indigenam,</strong></span> <span class='ocrx_word' id='word_1_364' title='bbox 1714 1854 1747 1886; x_wconf 87' lang='lat' dir='ltr'><strong>in</strong></span> <span class='ocrx_word' id='word_1_365' title='bbox 1764 1866 1831 1887; x_wconf 86' lang='lat' dir='ltr'><strong>ma-</strong></span> 
     </span>
    </p>
   </div>
   <div class='ocr_carea' id='block_1_9' title="bbox 100 1899 419 1937">
    <p class='ocr_par' dir='ltr' id='par_1_10' title="bbox 100 1899 419 1937">
     <span class='ocr_line' id='line_1_33' title="bbox 100 1899 419 1937; baseline 0.006 -2"><span class='ocrx_word' id='word_1_366' title='bbox 100 1902 302 1937; x_wconf 64' lang='lat' dir='ltr'><strong>trimonium</strong></span> <span class='ocrx_word' id='word_1_367' title='bbox 317 1899 419 1937; x_wconf 87' lang='lat' dir='ltr'><strong>duxit.</strong></span> 
     </span>
    </p>
   </div>
   <div class='ocr_carea' id='block_1_10' title="bbox 102 2043 938 2168">
    <p class='ocr_par' dir='ltr' id='par_1_11' title="bbox 102 2043 938 2168">
     <span class='ocr_line' id='line_1_34' title="bbox 139 2043 937 2086; baseline 0.001 -11"><span class='ocrx_word' id='word_1_368' title='bbox 139 2043 185 2086; x_wconf 65' lang='grc' dir='ltr'><strong>[Ἰ</strong></span> <span class='ocrx_word' id='word_1_369' title='bbox 205 2055 269 2086; x_wconf 79' lang='lat' dir='ltr'><strong>pag.</strong></span> <span class='ocrx_word' id='word_1_370' title='bbox 285 2053 368 2083; x_wconf 81' lang='lat'><em>1007.</em></span> <span class='ocrx_word' id='word_1_371' title='bbox 390 2043 423 2075; x_wconf 67' lang='grc' dir='ltr'><strong>ἐκ</strong></span> <span class='ocrx_word' id='word_1_372' title='bbox 447 2043 524 2076; x_wconf 64' lang='grc' dir='ltr'>εἴασα</span> <span class='ocrx_word' id='word_1_373' title='bbox 546 2047 713 2083; x_wconf 60' lang='grc' dir='ltr'><strong>βιασθῆναί,</strong></span> <span class='ocrx_word' id='word_1_374' title='bbox 737 2045 865 2083; x_wconf 63' lang='grc' dir='ltr'><strong>φάσκων,</strong></span> <span class='ocrx_word' id='word_1_375' title='bbox 889 2045 937 2076; x_wconf 66' lang='grc' dir='ltr'><strong>δεῖν</strong></span> 
     </span>
     <span class='ocr_line' id='line_1_35' title="bbox 102 2084 938 2130; baseline 0.002 -14"><span class='ocrx_word' id='word_1_376' title='bbox 102 2084 195 2116; x_wconf 57' lang='grc' dir='ltr'><strong>ἔοικε-ον</strong></span> <span class='ocrx_word' id='word_1_377' title='bbox 218 2086 352 2127; x_wconf 60' lang='grc' dir='ltr'><strong>ἄνθρωπον</strong></span> <span class='ocrx_word' id='word_1_378' title='bbox 372 2091 445 2117; x_wconf 69' lang='grc' dir='ltr'><strong>και-ναὶ</strong></span> <span class='ocrx_word' id='word_1_379' title='bbox 468 2089 514 2122; x_wconf 63' lang='grc' dir='ltr'><strong>τῆν</strong></span> <span class='ocrx_word' id='word_1_380' title='bbox 535 2091 618 2119; x_wconf 67' lang='grc' dir='ltr'><strong>ἕαται-Ξ</strong></span> <span class='ocrx_word' id='word_1_381' title='bbox 640 2088 788 2130; x_wconf 56' lang='grc' dir='ltr'><strong>προώρισεν</strong></span> <span class='ocrx_word' id='word_1_382' title='bbox 810 2088 855 2119; x_wconf 67' lang='grc' dir='ltr'><strong>τόν</strong></span> <span class='ocrx_word' id='word_1_383' title='bbox 876 2089 938 2120; x_wconf 58' lang='grc' dir='ltr'><strong>ἃεδν</strong></span> 
     </span>
     <span class='ocr_line' id='line_1_36' title="bbox 103 2129 579 2168; baseline 0.004 -9"><span class='ocrx_word' id='word_1_384' title='bbox 103 2129 238 2166; x_wconf 68' lang='grc' dir='ltr'><strong>εὖσεβέἱν,</strong></span> <span class='ocrx_word' id='word_1_385' title='bbox 262 2130 340 2160; x_wconf 75' lang='grc' dir='ltr'><strong>οἷλλιὶ</strong></span> <span class='ocrx_word' id='word_1_386' title='bbox 355 2131 396 2168; x_wconf 64' lang='grc' dir='ltr'><strong>μὴ</strong></span> <span class='ocrx_word' id='word_1_387' title='bbox 414 2131 488 2161; x_wconf 65' lang='grc' dir='ltr'><strong>κατ-α’</strong></span> <span class='ocrx_word' id='word_1_388' title='bbox 504 2135 579 2168; x_wconf 74' lang='grc' dir='ltr'><strong><em>βίας.</em></strong></span> 
     </span>
    </p>
   </div>
   <div class='ocr_carea' id='block_1_11' title="bbox 102 2199 940 2472">
    <p class='ocr_par' dir='ltr' id='par_1_12' title="bbox 102 2199 937 2279">
     <span class='ocr_line' id='line_1_37' title="bbox 142 2199 937 2279; baseline 0.003 -50"><span class='ocrx_word' id='word_1_389' title='bbox 142 2199 325 2279; x_wconf 48' lang='lat' dir='ltr'><strong>gi))10seph.</strong></span> <span class='ocrx_word' id='word_1_390' title='bbox 341 2202 391 2230; x_wconf 86' lang='lat'>111.</span> <span class='ocrx_word' id='word_1_391' title='bbox 415 2200 450 2230; x_wconf 81' lang='lat' dir='ltr'><strong>de</strong></span> <span class='ocrx_word' id='word_1_392' title='bbox 471 2203 502 2232; x_wconf 89' lang='lat' dir='ltr'><strong>B.</strong></span> <span class='ocrx_word' id='word_1_393' title='bbox 519 2201 583 2233; x_wconf 82' lang='lat' dir='ltr'><strong>lud.</strong></span> <span class='ocrx_word' id='word_1_394' title='bbox 605 2211 666 2242; x_wconf 84' lang='lat' dir='ltr'><strong>cap.</strong></span> <span class='ocrx_word' id='word_1_395' title='bbox 682 2210 724 2236; x_wconf 87' lang='lat'><strong>14.</strong></span> <span class='ocrx_word' id='word_1_396' title='bbox 752 2201 799 2239; x_wconf 87' lang='lat' dir='ltr'><strong>(in</strong></span> <span class='ocrx_word' id='word_1_397' title='bbox 821 2211 937 2240; x_wconf 85' lang='lat' dir='ltr'><strong>graeco,</strong></span> 
     </span>
     <span class='ocr_line' id='line_1_38' title="bbox 102 2250 196 2277; baseline 0 -7"><span class='ocrx_word' id='word_1_398' title='bbox 102 2250 143 2277; x_wconf 83' lang='lat'><strong>²4</strong></span> <span class='ocrx_word' id='word_1_399' title='bbox 189 2263 196 2270; x_wconf 88' lang='lat'><em>.</em></span> 
     </span>
    </p>

    <p class='ocr_par' dir='ltr' id='par_1_13' title="bbox 105 2253 940 2472">
     <span class='ocr_line' id='line_1_39' title="bbox 147 2253 940 2345; baseline 0.008 -17"><span class='ocrx_word' id='word_1_400' title='bbox 147 2253 187 2336; x_wconf 47' lang='grc' dir='ltr'><strong>Ιιε)ἱ</strong></span> <span class='ocrx_word' id='word_1_401' title='bbox 213 2298 264 2340; x_wconf 83' lang='lat' dir='ltr'><strong>los.</strong></span> <span class='ocrx_word' id='word_1_402' title='bbox 281 2303 330 2329; x_wconf 83' lang='lat'>111.</span> <span class='ocrx_word' id='word_1_403' title='bbox 354 2301 389 2330; x_wconf 83' lang='lat' dir='ltr'><strong>de</strong></span> <span class='ocrx_word' id='word_1_404' title='bbox 413 2303 443 2332; x_wconf 88' lang='grc' dir='ltr'><strong>Β.</strong></span> <span class='ocrx_word' id='word_1_405' title='bbox 459 2303 482 2332; x_wconf 85' lang='grc' dir='ltr'><strong>Ι,</strong></span> <span class='ocrx_word' id='word_1_406' title='bbox 499 2311 544 2338; x_wconf 84' lang='lat'><strong>14.</strong></span> <span class='ocrx_word' id='word_1_407' title='bbox 568 2310 596 2333; x_wconf 82' lang='lat' dir='ltr'><strong>et</strong></span> <span class='ocrx_word' id='word_1_408' title='bbox 613 2305 646 2334; x_wconf 89' lang='lat' dir='ltr'><strong>V.</strong></span> <span class='ocrx_word' id='word_1_409' title='bbox 663 2313 704 2332; x_wconf 78' lang='grc' dir='ltr'><strong>η.</strong></span> <span class='ocrx_word' id='word_1_410' title='bbox 719 2314 784 2345; x_wconf 84' lang='lat' dir='ltr'><strong>pag.</strong></span> <span class='ocrx_word' id='word_1_411' title='bbox 799 2309 862 2339; x_wconf 80' lang='lat'>854.</span> <span class='ocrx_word' id='word_1_412' title='bbox 877 2312 940 2339; x_wconf 77' lang='lat'>901.</span> 
     </span>
     <span class='ocr_line' id='line_1_40' title="bbox 105 2341 938 2387; baseline 0.004 -16"><span class='ocrx_word' id='word_1_413' title='bbox 105 2344 166 2377; x_wconf 83' lang='lat'><em>96¹.</em></span> <span class='ocrx_word' id='word_1_414' title='bbox 191 2341 314 2372; x_wconf 79' lang='lat' dir='ltr'><strong>Sueton.</strong></span> <span class='ocrx_word' id='word_1_415' title='bbox 331 2343 444 2383; x_wconf 82' lang='lat' dir='ltr'><strong>Vespas.</strong></span> <span class='ocrx_word' id='word_1_416' title='bbox 463 2354 524 2384; x_wconf 79' lang='lat' dir='ltr'><strong>cap.</strong></span> <span class='ocrx_word' id='word_1_417' title='bbox 540 2354 565 2379; x_wconf 78' lang='grc' dir='ltr'><strong>ς.</strong></span> <span class='ocrx_word' id='word_1_418' title='bbox 587 2344 702 2385; x_wconf 74' lang='lat' dir='ltr'><strong>Xiphit.</strong></span> <span class='ocrx_word' id='word_1_419' title='bbox 725 2358 753 2387; x_wconf 86' lang='lat' dir='ltr'><strong>p.</strong></span> <span class='ocrx_word' id='word_1_420' title='bbox 770 2356 835 2381; x_wconf 80' lang='lat'>203.</span> <span class='ocrx_word' id='word_1_421' title='bbox 859 2345 938 2375; x_wconf 87' lang='lat' dir='ltr'><strong>Suid.</strong></span> 
     </span>
     <span class='ocr_line' id='line_1_41' title="bbox 105 2382 939 2429; baseline 0.006 -16"><span class='ocrx_word' id='word_1_422' title='bbox 105 2385 137 2414; x_wconf 85' lang='lat' dir='ltr'><strong>in</strong></span> <span class='ocrx_word' id='word_1_423' title='bbox 151 2382 281 2415; x_wconf 73' lang='grc' dir='ltr'><strong>Ἰώσηπος.</strong></span> <span class='ocrx_word' id='word_1_424' title='bbox 325 2387 369 2415; x_wconf 88' lang='lat' dir='ltr'><strong>De</strong></span> <span class='ocrx_word' id='word_1_425' title='bbox 384 2387 438 2415; x_wconf 89' lang='lat' dir='ltr'><strong>hoc</strong></span> <span class='ocrx_word' id='word_1_426' title='bbox 454 2389 597 2417; x_wconf 76' lang='lat' dir='ltr'><strong>vaticinio</strong></span> <span class='ocrx_word' id='word_1_427' title='bbox 622 2389 738 2429; x_wconf 82' lang='lat' dir='ltr'><strong>Iosephi</strong></span> <span class='ocrx_word' id='word_1_428' title='bbox 759 2388 835 2418; x_wconf 67' lang='lat' dir='ltr'><strong>leetu</strong></span> <span class='ocrx_word' id='word_1_429' title='bbox 853 2389 939 2426; x_wconf 77' lang='lat' dir='ltr'><strong>digna</strong></span> 
     </span>
     <span class='ocr_line' id='line_1_42' title="bbox 106 2427 937 2472; baseline 0.007 -16"><span class='ocrx_word' id='word_1_430' title='bbox 106 2432 138 2458; x_wconf 73' lang='lat' dir='ltr'><strong>et</strong></span> <span class='ocrx_word' id='word_1_431' title='bbox 157 2427 272 2459; x_wconf 80' lang='lat' dir='ltr'><strong>erudita</strong></span> <span class='ocrx_word' id='word_1_432' title='bbox 294 2430 384 2459; x_wconf 75' lang='lat' dir='ltr'><strong>exstat</strong></span> <span class='ocrx_word' id='word_1_433' title='bbox 401 2427 542 2469; x_wconf 55' lang='lat' dir='ltr'><strong>Gotfridi</strong></span> <span class='ocrx_word' id='word_1_434' title='bbox 561 2430 678 2462; x_wconf 71' lang='lat' dir='ltr'><strong>Olearii</strong></span> <span class='ocrx_word' id='word_1_435' title='bbox 697 2430 760 2463; x_wconf 72' lang='lat' dir='ltr'><strong>dits.</strong></span> <span class='ocrx_word' id='word_1_436' title='bbox 777 2433 855 2463; x_wconf 82' lang='lat' dir='ltr'><strong>edita</strong></span> <span class='ocrx_word' id='word_1_437' title='bbox 869 2433 937 2472; x_wconf 87' lang='lat' dir='ltr'><strong>Lip-</strong></span> 
     </span>
    </p>
   </div>
   <div class='ocr_carea' id='block_1_12' title="bbox 477 1900 1829 1952">
    <p class='ocr_par' dir='ltr' id='par_1_14' title="bbox 477 1900 1829 1952">
     <span class='ocr_line' id='line_1_43' title="bbox 477 1900 1829 1952; baseline 0.001 -15"><span class='ocrx_word' id='word_1_438' title='bbox 477 1900 699 1952; x_wconf 82' lang='lat' dir='ltr'><strong>Vespafianus,</strong></span> <span class='ocrx_word' id='word_1_439' title='bbox 722 1904 853 1939; x_wconf 85' lang='lat' dir='ltr'><strong>biennio</strong></span> <span class='ocrx_word' id='word_1_440' title='bbox 872 1903 947 1951; x_wconf 82' lang='lat' dir='ltr'><strong>post</strong></span> <span class='ocrx_word' id='word_1_441' title='bbox 964 1905 1148 1951; x_wconf 86' lang='lat' dir='ltr'><strong>Imperator</strong></span> <span class='ocrx_word' id='word_1_442' title='bbox 1169 1901 1305 1939; x_wconf 85' lang='lat' dir='ltr'><strong>demum</strong></span> <span class='ocrx_word' id='word_1_443' title='bbox 1320 1900 1436 1943; x_wconf 65' lang='lat' dir='ltr'><strong>factus,</strong></span> <span class='ocrx_word' id='word_1_444' title='bbox 1463 1903 1602 1937; x_wconf 77' lang='lat' dir='ltr'><strong>vaticinii</strong></span> <span class='ocrx_word' id='word_1_445' title='bbox 1617 1915 1760 1945; x_wconf 81' lang='lat' dir='ltr'><strong>memor,</strong></span> <span class='ocrx_word' id='word_1_446' title='bbox 1785 1902 1829 1939; x_wconf 88' lang='lat' dir='ltr'><strong>se-</strong></span> 
     </span>
    </p>
   </div>
   <div class='ocr_carea' id='block_1_13' title="bbox 989 1957 1827 2473">
    <p class='ocr_par' dir='ltr' id='par_1_15' title="bbox 989 1957 1827 2473">
     <span class='ocr_line' id='line_1_44' title="bbox 1004 1957 1827 1990; baseline 0.001 -1"><span class='ocrx_word' id='word_1_447' title='bbox 1004 1957 1035 1990; x_wconf 89' lang='lat' dir='ltr'>A</span> <span class='ocrx_word' id='word_1_448' title='bbox 1058 1967 1076 1989; x_wconf 82' lang='lat'>2</span> <span class='ocrx_word' id='word_1_449' title='bbox 1754 1959 1827 1990; x_wconf 70' lang='lat' dir='ltr'><strong>rcuri</strong></span> 
     </span>
     <span class='ocr_line' id='line_1_45' title="bbox 990 2045 1826 2087; baseline 0.005 -12"><span class='ocrx_word' id='word_1_450' title='bbox 990 2046 1044 2076; x_wconf 82' lang='lat' dir='ltr'><strong>fiae</strong></span> <span class='ocrx_word' id='word_1_451' title='bbox 1062 2049 1143 2083; x_wconf 77' lang='lat'>1699,</span> <span class='ocrx_word' id='word_1_452' title='bbox 1160 2055 1216 2087; x_wconf 88' lang='lat' dir='ltr'><strong>qua</strong></span> <span class='ocrx_word' id='word_1_453' title='bbox 1231 2047 1391 2077; x_wconf 85' lang='lat' dir='ltr'><strong>hoctotum</strong></span> <span class='ocrx_word' id='word_1_454' title='bbox 1403 2045 1523 2076; x_wconf 82' lang='lat' dir='ltr'><strong>callidae</strong></span> <span class='ocrx_word' id='word_1_455' title='bbox 1532 2047 1706 2087; x_wconf 87' lang='lat' dir='ltr'><strong>prudentiae</strong></span> <span class='ocrx_word' id='word_1_456' title='bbox 1716 2049 1826 2080; x_wconf 77' lang='lat' dir='ltr'><strong>tribuit.</strong></span> 
     </span>
     <span class='ocr_line' id='line_1_46' title="bbox 989 2089 1825 2132; baseline 0.002 -12"><span class='ocrx_word' id='word_1_457' title='bbox 989 2089 1112 2120; x_wconf 56' lang='lat' dir='ltr'><strong>Fabi-ic.</strong></span> <span class='ocrx_word' id='word_1_458' title='bbox 1134 2105 1176 2111; x_wconf 93' lang='lat'>—</span> <span class='ocrx_word' id='word_1_459' title='bbox 1198 2089 1326 2126; x_wconf 84' lang='lat' dir='ltr'><strong>Qidam</strong></span> <span class='ocrx_word' id='word_1_460' title='bbox 1346 2091 1375 2118; x_wconf 88' lang='lat' dir='ltr'><strong>in</strong></span> <span class='ocrx_word' id='word_1_461' title='bbox 1400 2089 1471 2118; x_wconf 78' lang='lat' dir='ltr'><strong>Bibl.</strong></span> <span class='ocrx_word' id='word_1_462' title='bbox 1487 2089 1552 2119; x_wconf 80' lang='lat' dir='ltr'><strong>tais.</strong></span> <span class='ocrx_word' id='word_1_463' title='bbox 1577 2101 1646 2122; x_wconf 87' lang='lat' dir='ltr'><strong>torn.</strong></span> <span class='ocrx_word' id='word_1_464' title='bbox 1665 2097 1706 2122; x_wconf 75' lang='lat'><strong>26.</strong></span> <span class='ocrx_word' id='word_1_465' title='bbox 1723 2103 1752 2132; x_wconf 86' lang='lat' dir='ltr'><strong>p.</strong></span> <span class='ocrx_word' id='word_1_466' title='bbox 1771 2103 1825 2129; x_wconf 85' lang='lat'><strong>¹¹4·</strong></span> 
     </span>
     <span class='ocr_line' id='line_1_47' title="bbox 990 2131 1825 2174; baseline 0.005 -13"><span class='ocrx_word' id='word_1_467' title='bbox 990 2140 1096 2170; x_wconf 83' lang='lat' dir='ltr'><strong>negat,</strong></span> <span class='ocrx_word' id='word_1_468' title='bbox 1119 2133 1175 2163; x_wconf 83' lang='lat' dir='ltr'><strong>hoc</strong></span> <span class='ocrx_word' id='word_1_469' title='bbox 1195 2143 1263 2162; x_wconf 85' lang='lat' dir='ltr'><strong>vere</strong></span> <span class='ocrx_word' id='word_1_470' title='bbox 1286 2132 1394 2161; x_wconf 66' lang='lat' dir='ltr'><strong>faetum</strong></span> <span class='ocrx_word' id='word_1_471' title='bbox 1416 2131 1489 2168; x_wconf 84' lang='lat' dir='ltr'><strong>esse,</strong></span> <span class='ocrx_word' id='word_1_472' title='bbox 1512 2140 1662 2174; x_wconf 85' lang='lat' dir='ltr'><strong>totamque</strong></span> <span class='ocrx_word' id='word_1_473' title='bbox 1685 2136 1758 2164; x_wconf 87' lang='lat' dir='ltr'><strong>hanc</strong></span> <span class='ocrx_word' id='word_1_474' title='bbox 1781 2136 1825 2165; x_wconf 82' lang='lat' dir='ltr'><strong>lu&#39;-</strong></span> 
     </span>
     <span class='ocr_line' id='line_1_48' title="bbox 991 2174 1826 2215; baseline 0.002 -10"><span class='ocrx_word' id='word_1_475' title='bbox 991 2176 1108 2205; x_wconf 78' lang='lat' dir='ltr'><strong>storiam</strong></span> <span class='ocrx_word' id='word_1_476' title='bbox 1125 2175 1210 2204; x_wconf 87' lang='lat' dir='ltr'><strong>habet</strong></span> <span class='ocrx_word' id='word_1_477' title='bbox 1226 2185 1279 2215; x_wconf 85' lang='lat' dir='ltr'><strong>pro</strong></span> <span class='ocrx_word' id='word_1_478' title='bbox 1295 2174 1400 2205; x_wconf 84' lang='lat' dir='ltr'><strong>fabula.</strong></span> <span class='ocrx_word' id='word_1_479' title='bbox 1424 2174 1531 2204; x_wconf 80' lang='lat' dir='ltr'><strong>Heum.</strong></span> <span class='ocrx_word' id='word_1_480' title='bbox 1554 2192 1595 2197; x_wconf 95' lang='lat'>—</span> <span class='ocrx_word' id='word_1_481' title='bbox 1619 2180 1659 2206; x_wconf 93' lang='grc' dir='ltr'><strong>Μ.</strong></span> <span class='ocrx_word' id='word_1_482' title='bbox 1682 2178 1826 2208; x_wconf 60' lang='lat' dir='ltr'><strong>Theodora</strong></span> 
     </span>
     <span class='ocr_line' id='line_1_49' title="bbox 990 2216 1825 2260; baseline 0.002 -12"><span class='ocrx_word' id='word_1_483' title='bbox 990 2216 1131 2259; x_wconf 77' lang='lat' dir='ltr'><strong>Ambrofi</strong></span> <span class='ocrx_word' id='word_1_484' title='bbox 1148 2216 1324 2248; x_wconf 74' lang='lat' dir='ltr'><strong>Strolzbaclz</strong></span> <span class='ocrx_word' id='word_1_485' title='bbox 1347 2219 1376 2246; x_wconf 82' lang='lat' dir='ltr'><strong>in</strong></span> <span class='ocrx_word' id='word_1_486' title='bbox 1392 2216 1453 2247; x_wconf 72' lang='lat' dir='ltr'><strong>diff,</strong></span> <span class='ocrx_word' id='word_1_487' title='bbox 1473 2217 1507 2246; x_wconf 88' lang='lat' dir='ltr'><strong>de</strong></span> <span class='ocrx_word' id='word_1_488' title='bbox 1529 2218 1664 2259; x_wconf 83' lang='lat' dir='ltr'><strong>Iosepho‚</strong></span> <span class='ocrx_word' id='word_1_489' title='bbox 1680 2220 1825 2260; x_wconf 81' lang='lat' dir='ltr'><strong>Vespasia-</strong></span> 
     </span>
     <span class='ocr_line' id='line_1_50' title="bbox 992 2260 1824 2301; baseline 0.002 -11"><span class='ocrx_word' id='word_1_490' title='bbox 992 2271 1032 2290; x_wconf 90' lang='lat' dir='ltr'><strong>no</strong></span> <span class='ocrx_word' id='word_1_491' title='bbox 1054 2262 1210 2301; x_wconf 79' lang='lat' dir='ltr'><strong>imperium</strong></span> <span class='ocrx_word' id='word_1_492' title='bbox 1233 2260 1438 2301; x_wconf 82' lang='lat' dir='ltr'><strong>praedicente,</strong></span> <span class='ocrx_word' id='word_1_493' title='bbox 1461 2270 1530 2289; x_wconf 87' lang='lat' dir='ltr'><strong>vere</strong></span> <span class='ocrx_word' id='word_1_494' title='bbox 1544 2271 1615 2291; x_wconf 90' lang='lat' dir='ltr'><strong>num</strong></span> <span class='ocrx_word' id='word_1_495' title='bbox 1635 2262 1824 2299; x_wconf 79' lang='lat' dir='ltr'><strong>diuinauerit,</strong></span> 
     </span>
     <span class='ocr_line' id='line_1_51' title="bbox 990 2303 1824 2344; baseline 0.002 -11"><span class='ocrx_word' id='word_1_496' title='bbox 990 2305 1103 2344; x_wconf 77' lang='lat' dir='ltr'><strong>Lipsiae</strong></span> <span class='ocrx_word' id='word_1_497' title='bbox 1122 2309 1202 2339; x_wconf 82' lang='lat'>1748.</span> <span class='ocrx_word' id='word_1_498' title='bbox 1219 2313 1249 2338; x_wconf 88' lang='lat'><strong>4.</strong></span> <span class='ocrx_word' id='word_1_499' title='bbox 1267 2313 1336 2334; x_wconf 80' lang='lat' dir='ltr'><strong>vere</strong></span> <span class='ocrx_word' id='word_1_500' title='bbox 1349 2303 1469 2343; x_wconf 86' lang='lat' dir='ltr'><strong>quidem</strong></span> <span class='ocrx_word' id='word_1_501' title='bbox 1484 2303 1613 2333; x_wconf 80' lang='lat' dir='ltr'><strong>accidisse</strong></span> <span class='ocrx_word' id='word_1_502' title='bbox 1635 2312 1736 2344; x_wconf 81' lang='lat' dir='ltr'><strong>putat,</strong></span> <span class='ocrx_word' id='word_1_503' title='bbox 1760 2314 1791 2335; x_wconf 84' lang='lat' dir='ltr'><strong>vt</strong></span> <span class='ocrx_word' id='word_1_504' title='bbox 1807 2315 1824 2335; x_wconf 82' lang='lat' dir='ltr'><strong>a</strong></span> 
     </span>
     <span class='ocr_line' id='line_1_52' title="bbox 991 2345 1821 2388; baseline 0.002 -12"><span class='ocrx_word' id='word_1_505' title='bbox 991 2346 1116 2387; x_wconf 82' lang='lat' dir='ltr'><strong>Iosepho</strong></span> <span class='ocrx_word' id='word_1_506' title='bbox 1132 2345 1242 2376; x_wconf 78' lang='lat' dir='ltr'><strong>summa</strong></span> <span class='ocrx_word' id='word_1_507' title='bbox 1265 2348 1383 2386; x_wconf 88' lang='lat' dir='ltr'><strong>imperii</strong></span> <span class='ocrx_word' id='word_1_508' title='bbox 1407 2346 1621 2386; x_wconf 82' lang='lat' dir='ltr'><strong>praediceretur</strong></span> <span class='ocrx_word' id='word_1_509' title='bbox 1639 2347 1821 2388; x_wconf 79' lang='lat' dir='ltr'><strong>Vespasiano,</strong></span> 
     </span>
     <span class='ocr_line' id='line_1_53' title="bbox 991 2388 1820 2424; baseline -0.002 -6"><span class='ocrx_word' id='word_1_510' title='bbox 991 2389 1074 2419; x_wconf 86' lang='lat' dir='ltr'><strong>illum</strong></span> <span class='ocrx_word' id='word_1_511' title='bbox 1094 2399 1163 2418; x_wconf 88' lang='lat' dir='ltr'><strong>vero</strong></span> <span class='ocrx_word' id='word_1_512' title='bbox 1180 2388 1282 2418; x_wconf 79' lang='lat' dir='ltr'><strong>callide</strong></span> <span class='ocrx_word' id='word_1_513' title='bbox 1298 2390 1519 2422; x_wconf 72' lang='lat' dir='ltr'><strong>conficientem,</strong></span> <span class='ocrx_word' id='word_1_514' title='bbox 1543 2388 1702 2422; x_wconf 87' lang='lat' dir='ltr'><strong>admodum</strong></span> <span class='ocrx_word' id='word_1_515' title='bbox 1724 2389 1820 2424; x_wconf 69' lang='lat' dir='ltr'><strong>versu„</strong></span> 
     </span>
     <span class='ocr_line' id='line_1_54' title="bbox 991 2429 1550 2473; baseline -0.002 -10"><span class='ocrx_word' id='word_1_516' title='bbox 991 2439 1021 2463; x_wconf 84' lang='lat' dir='ltr'><strong>te</strong></span> <span class='ocrx_word' id='word_1_517' title='bbox 1037 2439 1134 2463; x_wconf 72' lang='lat' dir='ltr'><strong>vatem</strong></span> <span class='ocrx_word' id='word_1_518' title='bbox 1154 2430 1182 2462; x_wconf 81' lang='lat' dir='ltr'><strong>se</strong></span> <span class='ocrx_word' id='word_1_519' title='bbox 1196 2430 1354 2473; x_wconf 63' lang='lat' dir='ltr'><strong>professum</strong></span> <span class='ocrx_word' id='word_1_520' title='bbox 1371 2429 1436 2463; x_wconf 75' lang='lat' dir='ltr'><strong>ess‘e.</strong></span> <span class='ocrx_word' id='word_1_521' title='bbox 1455 2429 1550 2462; x_wconf 79' lang='lat' dir='ltr'><strong>Harl.</strong></span> 
     </span>
    </p>
   </div>
  </div>
 </body>
</html>
