2013 2725
207 158 279 210 ’ψ
380 155 567 196 mma.
582 153 710 191 xxa.
847 150 911 189 m:
940 147 1051 188 viTA
1083 150 1318 189 Ammona

223 269 293 304 cap,
308 255 379 289 ΧΠ.
407 260 438 288 et
455 264 524 298 cap.
538 251 622 285 XIV.
643 249 675 297 §
692 259 718 293 ς.
731 246 789 284 fin.
805 245 887 297 'pag
903 261 970 293 ¹50.
1006 249 1135 283 Braecia-
1158 248 1310 296 bibliogr.
1328 249 1396 285 crit.
1419 247 1578 295 pag1437.
1605 247 1733 298 Lipfius‘
1746 252 1870 289 comm,
1892 254 1927 289 in

223 309 336 341 Tacit.
367 317 442 353 pag.
458 315 527 346 37²·
569 301 661 348 Arpe
689 300 742 335 lib.
768 299 1019 334 deTaltsmann
1053 314 1121 349 cap.
1139 312 1162 334 1.
1192 314 1263 347 pag.
1280 301 1435 342 24--26
1453 307 1490 341 83
1508 296 1550 348 sq.
1593 301 1730 336 Clericus·
1757 304 1826 338 hist.
1850 302 1929 338 ecel.

225 357 307 394 saec,
324 358 347 389 Ι.
369 369 442 404 pag.
462 366 533 399 500.
550 365 619 397 507.
655 352 796 398 Fresnoy
812 351 973 386 Methode
994 365 1077 400 pour
1101 351 1223 386 etudics
1245 350 1423 391 l‘histoire,
1450 363 1519 399 cap.
1534 363 1576 386 21.
1601 364 1672 400 pag.
1688 361 1748 396 458
1764 351 1806 402 sq.
1830 356 1930 394 *Gau-

224 410 353 444 dentius
374 406 415 443 de
436 402 553 453 philos.
569 417 655 441 rom.
671 416 740 451 cap.
756 414 807 446 73.
826 406 878 448 76.
896 410 939 444 80
957 413 988 437 et
1006 415 1068 447 ¹39·
1101 404 1244 448 Marsus.
1266 401 1418 447 Polyhiss.
1442 412 1523 437 toni.
1539 404 1577 437 H.
1602 402 1655 439 lib.
1672 406 1694 438 1.
1718 417 1784 451 cap.
1801 416 1830 439 2.
1856 405 1887 452 §.
1903 416 1930 449 5.

225 460 380 496 Modum.
397 461 429 492 in
445 455 639 492 bibliotheca
655 453 819 490 Bremenfi
836 465 920 489 tom.
939 455 991 489 111.
1012 468 1083 502 pag.
1100 468 1110 489 1
1131 452 1196 502 sqq.
1218 466 1246 487 tt
1263 465 1342 489 toni.
1359 456 1397 489 V.
1415 467 1486 501 pag.
1502 457 1561 488 216
1579 452 1644 502 sqq.
1674 455 1848 495 Budaeus,
1875 454 1932 490 Co·

225 514 327 549 lf'rm,
356 510 496 555 Herzog
517 516 548 542 et
567 508 714 554 Wignaer
729 508 763 541 iu
777 503 878 556 dispp.
905 506 1020 541 Hrum.
1050 526 1097 531 -
1124 505 1217 547 addc,
1236 519 1314 552 qnae
1333 504 1483 540 adnotaui
1502 507 1533 540 in
1553 504 1674 541 lntrod.
1690 509 1723 541 in
1737 506 1806 542 hist.
1824 508 1859 541 L.
1875 508 1931 542 Gr.

227 565 270 598 11.
291 575 313 597 ι.
337 575 411 609 pag.
428 573 481 603 2¹7
501 556 546 608 sq.
579 568 610 593 et
635 559 759 594 Olcarii
780 555 848 593 diss.
873 558 1090 606 praeliminar.
1114 557 1154 591 de
1171 559 1354 606 Apollonio
1376 568 1405 592 ct
1423 556 1603 591 Philostrati
1619 556 1750 595 historia
1773 556 1933 598 eiusdem.

225 627 300 665 pag.
316 614 419 647 XXXI
437 608 504 659 sqq.
522 608 597 646 edit.
613 620 686 644 ante
699 622 805 658 graec.
821 619 954 646 textum.
978 631 1029 637 —-
1056 611 1232 656 vulgarem
1250 620 1358 644 tamen
1376 605 1585 651 sententiani,
1610 609 1842 658 Apollonium,
1857 621 1936 645 cum

227 666 298 702 aliis
322 661 526 711 philosophis
549 661 832 700 neo-Platonicis,
857 674 894 696 ac
916 661 1162 700 Pliiloilrattnn,
1194 661 1273 695 odio
1298 661 1465 707 religionis
1488 659 1680 696 christianae
1700 661 1868 709 abreptos,
1903 669 1935 696 et

227 721 264 752 in
287 714 522 764 praeiudicium
542 712 627 748 illius
650 712 689 748 ad
714 711 914 748 illudendam
929 711 1201 756 euertendamque
1217 715 1282 747 vim
1300 712 1491 747 christianae
1503 709 1690 758 disciplinae
1709 714 1764 748 illa
1779 712 1937 747 miracula

228 769 427 815 omniaque,
454 778 536 814 quae
554 761 636 800 falso
657 774 687 800 et
707 760 875 800 ambitiose
894 777 1088 805 narrantur,
1112 762 1285 802 effinxisse,
1311 764 1446 798 illorum
1463 765 1594 810 ingenio
1613 776 1643 798 et
1658 767 1813 812 temporis
1828 763 1937 800 ordini

227 832 425 868 repugnare,
453 814 585 865 copiose
610 826 766 865 acuteque
791 815 999 851 ostenderunt
1021 817 1162 850 Mamers
1184 815 1224 851 de
1244 826 1317 850 ortu
1338 825 1369 850 et
1393 828 1504 864 progr.
1527 813 1750 851 dodi-inarum
1772 825 1830 851 etc.
1858 815 1937 862 (Ge-

225 870 369 907 schichte
383 869 438 904 des
455 866 654 917 Ursprungs‚
668 868 848 915 Portgangs
865 866 931 902 und
950 865 1088 904 Verfalls
1103 867 1161 901 der
1176 865 1417 902 Wiffenscbaft.
1434 870 1465 900 in
1480 866 1720 902 Griechenland
1736 866 1802 902 und
1819 868 1938 911 Rom,)

228 935 312 959 tom.
329 924 353 957 1.
379 932 452 969 pag.
469 928 528 965 258
545 916 611 966 sqq.
639 932 700 954 nec
721 931 789 954 non
812 920 863 953 in:
888 921 1028 967 Beytrag
1047 931 1106 952 zur
1126 917 1318 954 Geschichte
1336 916 1393 952 der
1416 918 1562 952 Denkart
1581 917 1640 952 der
1663 917 1766 952 ersten
1784 919 1942 952 lahrhun-

230 974 320 1009 derte
339 974 421 1007 nach
438 970 556 1006 Christi
573 970 704 1005 Gebnrt.
730 967 866 1018 (Lipsiae
884 979 972 1013 178³·
988 973 1032 1013 8.)
1060 981 1133 1016 pag.
1150 982 1170 1013 9
1187 967 1255 1017 sqq.
1283 978 1313 1003 et
1333 968 1523 1004 Tiedemnnn
1538 971 1590 1003 in:
1616 968 1703 1004 Geist
1721 967 1779 1004 der
1798 966 1941 1017 spekula.

228 1029 318 1062 tiven
334 1020 561 1070 Philosophie,
588 1030 669 1057 tom.
684 1022 739 1055 111.
762 1022 829 1068 (vbi
845 1034 877 1068 p.
896 1028 1087 1060 108—122.
1104 1020 1144 1056 de
1160 1019 1344 1069 Apollonio
1359 1031 1389 1054 et
1405 1019 1598 1055 Philostrato
1614 1023 1744 1069 agitur,)
1759 1034 1790 1069 p.
1804 1032 1856 1055 110
1874 1018 1940 1068 sqq.

231 1075 312 1112 adde
336 1076 393 1110 cel.
413 1073 488 1109 Keil
509 1075 544 1108 in
563 1072 680 1107 erudit.
703 1070 771 1108 diss.
795 1071 836 1107 de
859 1072 970 1107 caussis
1001 1073 1098 1108 alieni
1121 1072 1367 1108 Platonicorum
1392 1074 1611 1108 recentiorum
1637 1087 1657 1108 a
1678 1072 1836 1121 religione
1858 1072 1942 1110 chti-

231 1127 330 1165 ssiana
351 1127 462 1163 animi.
489 1123 612 1173 Lipsiae
631 1131 716 1169 1785.
732 1135 763 1167 4.
789 1121 874 1159 infra
899 1124 938 1159 ad
961 1130 994 1170 §.
1011 1125 1084 1158 XV.

335 1194 492 1228 Asturum
516 1190 706 1239 subiungere
726 1191 816 1227 lubet
834 1193 985 1226 notitiam
1007 1191 1094 1226 codd.
1113 1204 1305 1239 graecorum
1322 1189 1503 1226 Philostrat.

334 1257 504 1308 Apollonii
521 1261 639 1302 vitam,
661 1273 678 1293 a
701 1258 895 1294 Philostrato
919 1257 1086 1306 scriptam,
1107 1259 1192 1294 olim
1216 1256 1309 1294 fuisse
1327 1255 1486 1293 seruatam
1511 1260 1594 1292 inter
1615 1258 1710 1294 Msta
1731 1255 1946 1293 bibliothecae

232 1322 363 1363 patrum
381 1307 444 1346 soc.
461 1306 518 1345 les.
534 1323 583 1344 nr.
598 1323 637 1352 54
654 1320 685 1346 et
699 1323 748 1356 59.
774 1311 882 1357 Paris.
907 1314 939 1344 in
963 1311 1068 1358 platea
1089 1312 1119 1345 S.
1136 1310 1264 1351 iacobi,
1292 1310 1415 1360 Ionstus
1431 1309 1452 1344 l.
1468 1322 1493 1343 c.
1514 1322 1586 1358 pag.
1602 1320 1654 1352 74.
1675 1306 1863 1344 adnotauit:
1889 1308 1945 1355 qui
1964 1342 1970 1349 Ι

233 1362 339 1399 codex
354 1375 434 1398 num
452 1360 561 1408 postea
583 1374 658 1396 cnm
680 1360 752 1394 aliis
770 1362 878 1395 MSSt.
894 1363 926 1394 in
943 1360 1019 1394 bibl.
1033 1363 1241 1395 Meermanni
1257 1362 1434 1401 transierit,
1459 1360 1612 1407 equidem
1630 1357 1748 1393 nescio.
1774 1378 1825 1385 —
1854 1358 1947 1393 Olea-

233 1418 303 1451 νίκη
327 1417 359 1449 in
378 1411 510 1461 praefat.
531 1425 606 1460 pag.
628 1413 657 1445 X
674 1409 743 1459 sqq.
769 1411 878 1447 laudat
901 1422 931 1446 et
952 1424 1007 1446 eos
1031 1411 1174 1454 codices,
1194 1424 1338 1459 quorum
1356 1408 1468 1445 adtulit
1485 1413 1583 1445 varias
1598 1409 1776 1452 lectiones,
1801 1418 1832 1445 et
1852 1408 1944 1444 alios.

235 1469 315 1502 Sunt
337 1476 463 1502 autem,
497 1466 552 1512 qui
578 1466 678 1498 vitam
703 1462 877 1512 Apollonii
899 1465 1085 1503 continent,
1118 1473 1257 1512 quatuor
1279 1462 1353 1500 bibl.
1374 1462 1569 1503 Vaticanus,
1597 1474 1740 1510 quorum
1764 1473 1846 1497 vnus
1866 1473 1945 1496 cum

235 1521 375 1566 antiquis
399 1514 550 1557 scholiis,
581 1518 723 1561 margini
747 1513 896 1553 adied'tis,
929 1528 970 1548 ex
992 1513 1067 1549 bibl.
1089 1514 1257 1563 quondam
1280 1513 1490 1561 Heidelberg.
1509 1516 1542 1548 in
1562 1515 1752 1548 vaticanam
1775 1512 1945 1549 translatus

237 1569 300 1606 est:
328 1568 399 1604 cod.
422 1567 496 1601 bibl.
517 1565 778 1615 Magdalenenfis
804 1567 987 1602 Vratislau.
1039 1567 1163 1601 Habuit
1184 1580 1313 1615 quoque
1335 1565 1502 1607 Olearius,
1528 1577 1611 1613 quae
1630 1578 1731 1600 manu
1756 1561 1810 1600 sua
1832 1566 1948 1600 Dona-

237 1614 286 1659 tu⁶s
303 1618 486 1656 Acciaiolus
503 1629 533 1653 et
548 1618 680 1653 Fuluius
696 1616 829 1653 Vrsinus
851 1617 891 1651 ad
913 1630 986 1652 oras
1008 1616 1160 1652 codicum
1180 1616 1314 1652 suorum
1330 1616 1529 1652 adleuerant.
1553 1637 1603 1642 —
1629 1615 1680 1652 Ad
1697 1618 1782 1652 vitas
1793 1615 1950 1662 Sophtsta-

238 1684 310 1708 rum
327 1684 344 1706 e
360 1670 474 1705 codice
490 1670 621 1718 collegii
643 1663 751 1705 nouae
774 1666 863 1704 acad.
880 1669 1051 1715 Oxonicus.
1072 1681 1257 1718 excerptam
1274 1670 1420 1706 lectionis
1442 1670 1628 1703 varietatem
1644 1670 1766 1716 accepit
1780 1682 1798 1702 a
1814 1668 1950 1703 Richar-

240 1723 284 1759 do
301 1721 463 1762 BentleiO,
488 1724 545 1768 qui
560 1719 636 1769 ipse,
659 1723 749 1770 Opp.
770 1719 1057 1755 Philostrateorum
1080 1720 1260 1756 editionem
1275 1732 1453 1760 curaurus,
1474 1717 1637 1766 specimen
1652 1719 1740 1755 illius
1762 1720 1949 1766 euulgarat:

239 1785 272 1812 at
294 1773 405 1821 postea
425 1771 541 1807 destitit
555 1786 574 1806 a
590 1771 739 1807 consilio.
764 1791 817 1798 ——-
841 1772 870 1803 A
886 1772 1032 1806 Fabricio
1047 1773 1157 1807 habuit
1172 1772 1319 1807 codicem
1337 1771 1580 1817 Pufscs'zianwm
1609 1784 1707 1819 quem
1724 1769 1816 1804 valde
1829 1769 1951 1806 laudat.

239 1827 336 1860 Vitae
358 1823 497 1873 Sophist.
518 1820 592 1860 sunt
613 1835 745 1872 quoque
767 1825 800 1857 in
822 1821 920 1858 codd.
939 1825 980 1858 11.
1011 1822 1157 1858 Vatimn.
1173 1835 1202 1857 ct
1218 1827 1251 1858 in
1266 1821 1340 1858 cod.
1358 1820 1503 1869 quodam
1526 1820 1672 1856 eiusdem
1689 1821 1798 1856 Vatic.
1816 1820 1888 1857 bibl.
1905 1819 1951 1856 est

240 1879 370 1924 epitome
393 1878 481 1911 vitain
509 1877 598 1909 cuius
622 1874 776 1922 plurimas
799 1872 953 1909 lectiones
974 1872 1025 1909 Cl.
1042 1873 1214 1909 Salmasius
1233 1878 1266 1908 in
1286 1876 1469 1921 marginem
1491 1871 1612 1908 codicis
1634 1871 1680 1907 sui
1700 1875 1766 1908 iam
1787 1872 1952 1916 retulerat,

242 1941 273 1964 et
288 1941 365 1977 quas
383 1927 491 1963 Olear.
519 1940 560 1961 ex
582 1925 657 1969 bij
676 1928 724 1962 Io.
743 1926 852 1969 Mori,
877 1923 1020 1974 episcopi
1043 1925 1270 1964 Noruicenfis,
1297 1935 1462 1973 acceptas,
1485 1927 1517 1959 in
1540 1922 1643 1972 praef.
1665 1938 1696 1974 p.
1713 1924 1784 1958 XII.
1799 1937 1875 1960 cum
1892 1937 1952 1959 no-

241 1983 280 2015 tis
297 1982 414 2021 msstis,
435 1993 452 2014 a
466 1979 607 2013 Grutero
623 1990 641 2013 e
656 1976 726 2013 cod.
743 1976 841 2011 Palat.
856 1975 1073 2026 depromptis,
1096 1980 1279 2012 maximam
1299 1987 1424 2025 partem
1438 1979 1627 2018 conuenire,
1642 1974 1881 2012 animaduertit.
1905 1994 1954 2004 —-

242 2033 379 2066 Heroica
401 2030 550 2064 exhibent
573 2027 668 2065 codd.
685 2029 888 2077 offiniensis,
917 2028 1030 2076 paullo
1052 2038 1126 2064 ante
1148 2039 1370 2067 memoratus,
1397 2029 1612 2063 Baroccianus
1629 2037 1659 2062 et
1677 2029 1876 2063 Laudianus.
1902 2045 1955 2055 -

244 2084 282 2117 In
305 2081 401 2115 codd.
423 2080 499 2115 bibl.
520 2081 628 2114 Varie.
645 2093 681 2115 ac
699 2080 882 2115 Vindobon.
901 2077 972 2114 sunt
986 2080 1146 2115 [Uanuelis
1165 2081 1366 2128 Mosclmpuli
1384 2075 1505 2114 scholia
1521 2078 1558 2114 ad
1578 2081 1719 2114 Heroiea
1735 2087 1765 2114 et
1781 2080 1954 2127 Imagines,

244 2131 386 2172 eiusdem
406 2129 575 2177 ἐιομοῖτων
590 2129 739 2168 οἰττικῶν
756 2130 910 2176 συΛλοὙῆ
925 2144 964 2166 ex
978 2132 1191 2179 technologia
1211 2134 1277 2167 eius
1296 2130 1335 2166 ad
1350 2133 1508 2178 imagines
1526 2130 1709 2165 Philostrati
1724 2129 1956 2168 consarcinata.

246 2183 461 2231 Epistolarum
476 2182 687 2217 collationem
708 2194 785 2216 cum
805 2183 901 2216 tribus
918 2180 1015 2217 codd.
1039 2183 1226 2222 Vaticanis,
1250 2189 1350 2229 (quae
1367 2181 1499 2216 ineditas
1516 2181 1670 2229 quasdam
1685 2192 1755 2229 epp.
1776 2180 1825 2216 vel
1840 2179 1955 2229 episto-

246 2236 351 2273 larum
375 2233 560 2282 fragmenta
580 2231 853 2282 suppeditarunt,)
879 2243 910 2267 et
928 2234 1121 2268 Bar-occiano
1141 2232 1228 2268 idem
1252 2234 1399 2267 Olearius
1421 2234 1544 2280 accepit
1565 2232 1603 2267 ab
1624 2233 1746 2266 amicis.

347 2304 408 2338 His
433 2303 584 2336 notitiam
609 2300 751 2335 aliorum
774 2298 869 2334 codd.
894 2299 1083 2347 adiungam.
1139 2302 1232 2335 Vitae
1254 2296 1496 2347 Sophistarum,
1530 2300 1662 2339 leones,
1697 2300 1860 2341 Herma,
1893 2301 1956 2335 vita

247 2354 422 2404 Apollonii
438 2353 610 2397 Tyanam,
638 2350 679 2386 de
704 2349 875 2398 epistolico
898 2352 1081 2386 charactere
1103 2353 1149 2396 (h.
1171 2365 1196 2386 e.
1218 2350 1305 2400 episi.
1332 2352 1436 2397 prima
1458 2349 1496 2385 ad
1521 2348 1719 2400 Aspafiu111‚)
1747 2360 1777 2386 et
1802 2350 1956 2400 epistolae

249 2408 443 2446 amatoriae,
477 2401 546 2441 sunt
566 2406 600 2440 in
620 2402 768 2439 biblioth.
787 2400 877 2451 publ.
899 2401 1048 2451 Pargfina
1070 2401 1143 2439 cod.
1160 2402 1470 2441 MDCLXXXXVI.
1512 2421 1563 2428 ——-
1603 2405 1778 2450 Vitaevetc.
1803 2406 1902 2440 etiam
1920 2404 1957 2438 in

1881 2451 1958 2489 cod.
