2049 2720
90 103 252 135 vo³.V11.t=
273 105 305 133 8³
843 97 1103 134 EPISTOLAE.
1432 95 1502 131 Lv'b.
1519 94 1568 132 V.
1588 91 1691 129 XLI.
1744 98 1802 133 733

32 142 33 145 ,
89 137 305 153 ,-,-...

89 200 180 240 1630.
202 207 235 239 4.
256 193 307 238 W)
359 194 397 228 In
419 191 559 229 editione
577 203 655 229 vero
664 190 823 240 ‘Liplienfi
843 195 938 238 1696.
953 191 1013 228 sol.
1036 195 1084 228 vir
1098 191 1192 241 supra
1207 190 1319 228 laudes
1332 189 1448 226 Ezsclz.
1464 187 1668 234 spanhemius
1682 196 1800 232 graeca

30 257 31 263 ¹
87 243 423 295 ex‘praessantissimo
445 245 560 281 codice
583 242 757 285 Voffiano,
783 257 947 279 annorum
971 248 1095 281 circiter
1117 248 1397 294 quingentorum,
1433 239 1616 288 castigauit,
1649 234 1797 283 Misopo-

85 311 211 348 gonem
232 299 331 332 etiam
355 296 492 332 contulit
513 309 588 333 cum
612 294 725 331 codice
746 298 876 343 reginae
907 297 1106 339 Chrissiuae,
1131 307 1297 346 praeterea
1320 292 1558 330 obseruationes
1575 289 1641 325 suas
1655 286 1797 335 praecla-

31 339 33 401 i
84 363 135 386 ras
160 349 199 385 ad
221 350 364 398 primam
387 350 592 388 orationem,
619 358 650 383 et
672 346 797 382 erudita
818 346 1074 395 prolegomena,
1099 351 1248 397 priorum
1270 349 1367 382 etiam
1392 343 1597 381 cruditorum
1624 336 1797 389 praefatio-

83 415 140 437 nes
162 411 192 436 et
215 410 308 435 notas
331 398 486 434 adiunxit.
540 401 713 448 Praecipue
735 411 813 434 vero
839 397 1017 434 editionem
1038 401 1122 433 hanc
1145 401 1271 435 ornauit
1293 397 1408 433 additis
1429 397 1517 432 libris
1539 393 1654 429 decem
1680 390 1798 435 Cyrilli

31 467 32 470 ¹
83 449 320 491 Alexandrini,
344 461 457 485 contra
474 449 656 492 Iulianum,
683 463 758 485 cum
775 449 921 485 versione
940 451 1013 485 Nic.
1034 451 1189 485 Borbonii
1211 450 1249 485 ad
1271 449 1392 484 librum
1415 450 1582 497 primum,
1606 453 1638 479 et
1661 445 1693 477 in
1716 449 1796 475 cete-

82 505 127 539 ris
149 505 278 539 Ioannis
300 502 442 538 Auberti.
468 502 565 540 Fabr,
619 503 749 550 integra
770 499 936 549 inscriptio
952 503 1032 536 haec
1049 500 1110 536 est:
1137 500 1289 541 Ἰελιχνε
1314 521 1365 527 --
1391 520 1442 527 --
1468 497 1670 541 Iulianiimp.
1687 504 1796 539 opera,

82 568 167 603 quae
190 550 372 602 supersunt,
400 555 533 595 omnia,
560 562 592 587 et
606 554 638 588 S.
660 554 792 600 Cyrilli,
828 552 1038 588 Alexandrini
1054 552 1306 602 archiepiscopi,
1331 560 1444 587 contra
1466 550 1606 597 impium
1632 545 1795 582 Iulianum

80 606 155 642 libri
181 605 308 641 decem.
361 607 436 640 Ace.
460 605 609 653 Dionysii
634 605 765 639 Patauii
792 606 827 639 in
850 603 1014 639 lulianum
1035 614 1134 640 notae
1155 615 1185 639 et
1205 605 1347 641 aliorum
1369 605 1403 637 in
1424 602 1549 650 aliquot
1569 596 1713 634 eiusdem
1733 598 1794 631 im·

78 660 239 708 peratoris
261 655 363 692 libros
383 654 602 705 praefationes
621 668 658 690 ac
679 667 789 692 notae.
841 656 958 691 Ezech.
979 656 1183 702 Spanszenn'us
1210 669 1365 704 graecum
1390 653 1505 688 Iuliani
1533 658 1726 686 contextum
1747 659 1795 682 re·

80 707 220 750 censuit,
248 720 324 744 cum
348 709 455 742 msstis
474 706 571 741 codd.
596 707 749 748 contulit,
780 705 887 755 plures
913 705 990 742 inde
1012 707 1144 743 lacunas
1169 705 1328 756 suppleuit
1352 715 1383 741 et
1403 702 1643 741 obseruationes
1664 709 1732 735 tam
1754 697 1794 733 ad

77 763 256 799 Iulianum,
282 771 382 808 quam
402 757 441 793 ad
466 757 631 803 Cyrillum
652 757 776 793 addidit
799 770 875 793 cum
898 757 1055 794 indicibus
1084 757 1262 794 necessariis
1291 755 1415 806 Lipsiae
1444 757 1646 791 cloloxcv1.
1699 750 1794 786 Plura

78 810 120 847 de
139 814 200 847 hac
222 809 297 847 edit.
317 809 408 858 leges
429 811 463 844 in
489 811 576 845 Λέῖῐὸ
605 808 694 844 erud·
716 808 798 858 Lipf:
826 823 855 846 a.
875 812 970 856 1696.
1000 823 1073 859 pag.
1088 817 1154 854 489
1169 834 1180 841 -
1200 822 1275 855 500.
1309 820 1339 845 et
1361 810 1394 843 in
1424 809 1476 841 Io.
1498 805 1639 840 Fabricii
1660 801 1792 837 historia

77 863 156 901 bibl.
175 863 380 898 Fabricianae
402 871 482 896 tom.
499 862 552 896 111.
580 873 654 909 pag.
672 873 727 904 223
744 884 754 889 -
772 868 842 901 228.
877 862 927 896 vbi
951 874 1083 910 quoque
1097 860 1137 896 de
1160 861 1286 896 Iuliano
1301 872 1332 896 et
1354 858 1597 906 interpretibus,
1619 855 1791 893 Matrinio,

77 913 300 959 Cantoclam,
325 911 460 948 Theod.
483 911 639 947 Marcilio
657 922 754 960 atque
771 913 827 946 Ez.
847 913 1048 962 Spanhemio
1064 912 1160 948 doffte
1176 916 1292 961 agitur.
1346 913 1397 947 De
1410 910 1650 945 commentario
1669 906 1791 954 Spanh.

77 965 153 1015 quid
181 963 302 1000 iudicet
326 963 548 1011 Wyttmbach,
588 965 653 998 iarn
674 962 770 1012 supra
790 962 942 999 vidimus.
994 963 1086 1000 Idem
1109 967 1148 1002 V.
1162 966 1204 999 D.
1229 964 1336 1000 adhuc
1351 965 1495 1003 iuuenis,
1519 958 1657 996 eruditas
1669 965 1789 992 acutas-

75 1030 138 1065 que
159 1020 192 1052 in
216 1014 369 1064 pleraque
391 1015 507 1051 Iuliani
528 1015 684 1063 opuscula
707 1012 948 1051 obseruationes
974 1013 1098 1064 scripfit
1126 1019 1160 1051 in
1188 1015 1302 1051 libello
1329 1016 1482 1063 egregio:
1520 1012 1608 1047 Dan.
1630 1009 1789 1055 lVytten-

26 1073 27 1080 ¹
72 1069 172 1104 bachii
193 1065 328 1115 epistola
351 1069 459 1100 critica
483 1063 576 1114 super
594 1067 763 1102 nonnullis
785 1067 867 1101 locis
891 1065 1011 1102 Ju'liam·
1034 1070 1109 1114 imp.
1159 1070 1234 1103 Ace.
1256 1062 1482 1103 animaduerss.
1504 1066 1537 1099 in
1553 1063 1739 1110 Eunapium
1758 1067 1790 1093 et

71 1119 320 1155 Aristaenetum.
348 1119 526 1165 Gottingae
544 1120 637 1163 1769.
663 1125 693 1158 8.
748 1120 940 1154 Orationem
966 1131 1045 1153 vero
1063 1121 1086 1154 1.
1113 1118 1243 1168 reliquit
1262 1122 1287 1153 is
1309 1119 1481 1162 inmotam,
1505 1113 1594 1163 quod
1618 1123 1687 1147 tum
1707 1121 1789 1145 tem-

70 1174 159 1220 poris
183 1169 241 1218 ipfi
266 1168 476 1205 constitutum
502 1179 586 1212 erat,
611 1169 706 1204 illum
728 1173 986 1218 panegyricum,
1013 1181 1182 1217 tamquam
1205 1169 1368 1219 specimen
1384 1165 1655 1215 nouae'editionis
1671 1162 1788 1197 Iuliani

70 1222 175 1258 edere.
225 1219 307 1261 Sed,
347 1220 471 1255 abieasto
492 1222 557 1255 hoc
579 1219 742 1266 consilio,
783 1219 954 1259 obseruatt.
982 1223 1017 1256 in
1038 1223 1063 1256 Ι.
1088 1221 1182 1257 illam
1210 1223 1394 1257 orationem
1417 1217 1537 1269 publici
1558 1218 1635 1252 iuris
1657 1212 1734 1249 fecit
1751 1214 1787 1247 in

67 1273 145 1310 bibl.
169 1275 295 1315 critica,
320 1274 366 1306 vti
386 1270 481 1320 supra
498 1274 563 1307 iam
583 1274 788 1308 monuimus.

167 1350 235 1384 Hic
254 1345 372 1383 addam
394 1361 433 1383 ex
455 1349 699 1396 Briiggemanni
722 1347 794 1384 libr.
820 1361 922 1385 mem.
946 1361 1020 1398 pag.
1034 1351 1112 1391 406.
1139 1352 1290 1386 notitiam
1304 1349 1435 1384 breuem
1451 1343 1671 1397 quorumdam
1689 1342 1788 1377 libro-

67 1414 141 1437 rum
161 1411 288 1450 praeter
307 1413 384 1442 eos,
411 1412 493 1448 quos
515 1397 607 1448 supra
628 1398 759 1435 adduxi.
1072 1398 1075 1400 ’

51 1488 54 1491 ’
170 1477 293 1511 Iuliam
315 1477 422 1511 Letter
445 1486 479 1510 to
502 1477 556 1510 the
579 1474 749 1516 Both-ens,
777 1466 949 1511 translated
975 1477 1045 1511 into
1069 1476 1227 1524 English,
1261 1478 1306 1520 by
1328 1496 1378 1503 -—
1407 1446 1494 1510 Eur!
1514 1474 1557 1519 of
1573 1470 1785 1516 Shaftesbury

65 1531 100 1563 in
120 1529 168 1564 his
190 1526 492 1564 characteristica
518 1526 624 1561 Lond.
644 1539 728 1571 ¹733·
744 1540 787 1562 12.
815 1527 883 1563 vol.
899 1527 953 1561 lii.
975 1539 1049 1574 pag.
1067 1530 1121 1568 68.
1138 1525 1183 1575 sq.
1234 1528 1295 1563 Sed
1316 1525 1417 1563 Shast.
1434 1528 1584 1561 iniuriam
1602 1521 1719 1556 Iuliani
1738 1516 1785 1553 fa·

66 1589 161 1628 taque
182 1580 276 1621 Titi,
305 1574 447 1626 episcopi
465 1577 659 1620 Bostrenfis,
686 1577 813 1614 omitit:
841 1578 881 1614 de
897 1591 959 1626 qua
972 1575 1087 1613 fraude
1099 1593 1130 1614 -v.
1147 1581 1355 1618 Warhm·ton
1374 1585 1464 1627 p.78.
1481 1575 1524 1626 sq.
1541 1571 1620 1610 vers.
1634 1584 1782 1622 german.

24 1677 26 1695 ι,
165 1655 262 1690 Two
284 1656 436 1690 Orations
457 1652 500 1689 of
518 1655 572 1689 the
595 1654 759 1702 Emperor
780 1655 910 1693 Iuliam
936 1667 1000 1690 one
1022 1664 1057 1690 to
1079 1657 1134 1691 the
1155 1657 1335 1702 Sovereign
1358 1656 1442 1694 Sun,
1468 1651 1530 1688 and
1554 1652 1608 1686 the
1629 1650 1725 1686 other
1746 1657 1781 1683 to

24 1719 25 1736 ³
63 1709 118 1745 the
134 1707 271 1743 Mother
294 1703 337 1740 os
353 1707 408 1740 the
425 1704 539 1748 Gods;
580 1704 755 1740 translated
775 1703 866 1740 from
891 1707 945 1740 the
965 1708 1083 1741 Greek.
1153 1708 1251 1742 With
1275 1708 1400 1747 Notes,
1435 1703 1499 1740 and
1530 1717 1549 1739 a
1574 1704 1709 1749 copious
1729 1702 1781 1735 In-

24 1771 25 1779 *
61 1758 269 1800 troduCtion,
294 1759 328 1791 in
350 1758 464 1792 which
482 1755 573 1792 some
593 1754 635 1792 of
652 1759 706 1793 the
727 1757 863 1804 greatest
887 1760 1016 1793 Arcana
1038 1756 1081 1794 os
1100 1759 1156 1794 the
1175 1759 1316 1794 Grecian
1338 1757 1527 1805 Theology
1545 1767 1598 1790 are
1609 1748 1780 1788 unfolded,

23 1821 25 1840 τ
61 1809 215 1846 London.
243 1820 328 1854 1793.
356 1816 387 1849 8.

22 1923 24 1928 ,
161 1883 295 1931 Ess'ays,
335 1897 374 1920 or
395 1886 596 1920 Encomium
617 1882 660 1921 of
680 1882 834 1930 Sadness,
861 1885 924 1923 and
946 1884 989 1924 of
1004 1887 1115 1923 Iulian
1129 1888 1184 1924 the
1198 1885 1373 1938 Apossata,
1405 1886 1449 1930 by
1465 1882 1679 1922 SrclVilllam
1697 1880 1777 1917 CW‘

22 1938 24 1972 ἰ
59 1940 219 1979 newallis,
245 1939 362 1974 iunior.
388 1935 492 1972 Lond.
513 1939 601 1972 1616.
625 1949 657 1981 4¹
1664 1966 1671 1968 .

157 2017 257 2050 Some
279 2010 465 2048 seasonable
486 2014 648 2048 Remarks
667 2028 757 2063 upon
779 2017 832 2050 the
856 2013 1041 2065 deplorable
1061 2015 1129 2052 Fall
1156 2014 1198 2052 of
1220 2017 1274 2052 the
1297 2017 1462 2063 Emperor
1484 2013 1613 2050 Iulian,
1638 2011 1720 2045 with
1735 2023 1778 2044 an

57 2065 178 2118 Epissie
201 2064 241 2103 of
263 2066 312 2100 his
335 2074 369 2100 to
392 2066 445 2100 the
471 2066 626 2100 Citiziens
651 2064 694 2101 of
711 2066 847 2112 Bsstra,
874 2077 956 2103 now
980 2067 1077 2103 made
1100 2068 1245 2117 English.
1272 2065 1416 2103 London
1431 2067 1517 2105 1681.
1539 2075 1568 2106 4.
1597 2083 1646 2088 —
1681 2061 1775 2158 hyl-n-

973 2121 1080 2159 Zzzz
1107 2132 1124 2163 3
1734 2125 1774 2147 on

21 2210 23 2227 2
98 2197 152 2235 pp)
173 2193 289 2224 Iuliam·
301 2202 411 2234 opera,
431 2202 505 2234 quae
519 2193 637 2233 qurdem
653 2195 777 2235 reperiri
794 2201 895 2235 potue·
939 2195 1082 2234 quaedam
1098 2194 1196 2236 opusc.
1213 2194 1312 2226 Caroli
1329 2191 1509 2226 Cantoclari,
1537 2192 1566 2222 P.
1591 2190 1722 2220 Martinii
1745 2197 1772 2219 et

22 2248 23 2275 ς
56 2246 144 2271 runt,
167 2239 275 2267 omnia.
321 2239 358 2266 Ea
372 2247 443 2266 vero
460 2238 564 2277 partim
582 2237 701 2266 antehac
717 2238 804 2273 edita,
830 2248 896 2278 par·
939 2238 1004 2268 Nic.
1029 2237 1147 2276 Rigaltii
1175 2248 1270 2269 notae.
1338 2240 1369 2268 In
1391 2233 1540 2274 exemplo,
1573 2233 1653 2272 quod
1674 2234 1713 2263 est
1740 2234 1770 2262 in

21 2303 23 2326 ἐ
56 2283 109 2310 tim
126 2290 198 2310 nnnc
213 2281 341 2320 primum
356 2290 370 2308 e
388 2286 467 2309 msst.
482 2287 562 2308 eruta
573 2303 581 2315 ‚
604 2281 676 2309 etad
691 2281 796 2310 horum
806 2281 893 2310 fidem
936 2280 1005 2311 bibl.
1020 2281 1100 2312 Leid.
1118 2281 1293 2322 Misopogon
1309 2280 1428 2310 collatus
1443 2279 1482 2307 est
1496 2288 1561 2307 cum
1583 2283 1657 2306 msto
1679 2276 1714 2306 ab
1734 2276 1773 2306 1¹,

22 2330 23 2342 l
56 2322 261 2352 accuratiffime
283 2323 431 2360 castigata,
454 2331 554 2360 graece
574 2321 719 2363 latineque
736 2323 892 2363 prodeunt,
937 2324 1035 2356 Voffio
1057 2335 1084 2358 v.
1098 2324 1188 2357 Catal.
1203 2324 1282 2356 illius
1301 2323 1370 2355 bibl.
1385 2333 1448 2365 pag.
1464 2329 1523 2360 251.
1537 2319 1632 2352 Harl.

57 2367 222 2409 cum-notis.
249 2367 336 2397 Paris.
359 2365 422 2397 Seb.
444 2364 700 2402 cramoisy.1630.
720 2375 748 2404 4.
771 2369 833 2397 Act.
856 2366 893 2397 ad
