2013 2725
243 165 302 212 562
352 163 421 198 Lib.
435 161 540 199 IV-c.
555 161 686 196 XXII.
736 160 796 195 DE
829 159 1030 195 SCRIPTIS
1065 160 1303 196 APOLLONII
1337 159 1589 197 TYANENSIS
1663 161 1723 188 Vol*
1743 160 1788 187 ¹V-
1809 162 1953 195 Μοῖσα

242 259 274 306 §.
294 269 329 292 n.
356 255 437 302 [νοὶ.
453 257 475 290 1.
501 267 574 303 pag.
590 257 655 300 679
672 251 734 303 sq.]
762 255 826 289 iam
851 253 934 289 dieta
955 267 973 288 a
997 267 1050 289 me
1075 251 1158 290 sunt.
1211 252 1271 288 Sed
1294 263 1431 290 aetatem
1456 257 1524 289 eius
1546 265 1640 303 atque
1660 256 1722 290 alia
1746 253 1879 303 scripta,
1902 256 1955 291 de.

241 306 366 357 perdita
384 307 479 348 licet,
505 305 622 341 eodem
639 306 774 341 Oleario
791 315 981 353 praeeunte,
1005 316 1073 340 tum
1098 305 1138 340 de
1163 307 1226 339 vita
1250 315 1281 339 et
1302 306 1396 339 rebus
1421 305 1515 352 ipsius
1536 304 1703 354 scriptores
1726 307 1862 342 breuiter
1888 320 1960 354 per·

241 359 398 406 stringere
422 357 539 393 licebit.
610 360 758 392 Aetatem
789 355 972 406 produxisse
1001 356 1137 392 traditur
1161 356 1375 404 Apollonion,
1403 357 1571 403 Apollonii
1594 358 1624 391 F.
1652 357 1690 391 ab
1713 371 1800 392 anno
1823 357 1960 405 Augusti.

243 413 327 458 imp.
344 421 394 452 42.
417 409 457 444 ad
483 412 628 455 primum
655 411 801 443 Neruae:
834 419 867 443 vt
894 408 977 442 adeo
1002 411 1117 442 vixerit
1140 420 1241 441 annos
1265 409 1390 441 circiter
1408 410 1519 455 XCVI.
1574 409 1652 453 [Sub
1674 409 1868 443 Domitiano
1891 411 1959 457 qui-

246 461 323 497 dem
344 460 450 495 adhuc
473 460 602 501 floruit3
630 459 718 508 quod
735 458 940 507 cognoscitur
954 473 991 494 ex
1007 461 1116 494 Dione
1137 460 1234 504 Cqffio
1257 458 1311 492 lib.
1330 461 1486 494 LXXVII.
1509 473 1579 507 cap.
1596 468 1639 499 18.
1664 470 1745 493 tom.
1765 460 1798 493 II.
1823 472 1853 507 p.
1870 471 1958 502 1304.

246 512 320 548 edit.
341 514 485 547 Reimar.
536 510 588 546 Ad
606 525 633 546 a.
651 514 749 558 igitur
766 512 843 546 Chr.
861 524 907 555 50.
935 510 1019 545 illins
1041 512 1187 545 nominis
1213 509 1331 544 florem
1356 508 1453 545 refert
1469 512 1586 545 Saxius
1602 514 1632 544 in
1652 513 1775 544 Onom.
1795 512 1818 546 Ι.
1839 523 1868 558 p.
1887 521 1960 553 247.

245 563 358 609 Harl]
419 565 665 610 Praeceptorem
694 563 803 598 habuit
830 561 1094 607 Euthydemum,
1131 564 1295 596 rhetorem
1321 560 1538 602 Tarsensem,
1570 559 1783 609 philosophos
1810 564 1961 597 omniurn

247 613 406 651 sectarum
432 613 576 656 audiuit,
611 611 663 648 sed
695 617 840 649 maxime
867 614 1018 660 probauit
1051 611 1253 660 disciplinam
1279 615 1548 661 Pythagoricam‚
1584 613 1658 647 licet
1682 615 1834 648 Euxenus
1859 613 1964 647 Hera·

249 664 400 705 cleenfis,
434 678 500 714 quo
525 663 595 700 vsus
616 664 659 700 est
683 665 858 714 magistro,
891 678 959 700 non
980 665 1070 699 aliter
1094 662 1393 711 philosopharetur,
1425 678 1525 712 quam
1550 663 1697 712 psittacus
1721 677 1816 699 voces
1836 666 1963 711 repetit,

248 719 358 753 homo
381 719 483 752 ventri
507 715 632 752 deditus
655 727 686 752 et
709 720 827 765 ignaua
850 729 968 764 opera,
996 714 1190 765 philosopha
1211 714 1370 750 sententia.
1422 716 1691 764 Qadragenario
1707 718 1813 750 maior
1827 713 1965 762 Apollo-

251 772 322 806 nius
348 768 552 812 Babylonem
585 778 679 817 atque
709 770 788 802 hinc
812 767 935 802 Indiam
964 769 1070 815 petiit,
1114 769 1222 815 ibique
1244 780 1319 801 cum
1345 769 1420 801 viris
1449 766 1640 814 sapientibus
1666 765 1709 801 est
1734 766 1791 813 [If]
1815 763 1964 806 versatus.

252 818 395 855 Claudio
418 822 609 868 imperante.
663 817 821 854 Reuersus
844 817 919 854 inde
942 822 973 853 in
989 820 1158 854 Graeciam
1174 818 1294 865 diuque
1314 820 1354 851 ibi
1371 829 1595 853 commoratus
1611 820 1756 853 Romam
1773 819 1859 853 vehit
1874 828 1966 852 anno

250 872 393 908 Neronis
415 884 529 911 nono,
557 872 665 905 aetatis
689 868 832 905 secundo
855 880 886 905 et
909 868 1118 917 sexagesimo.
1171 872 1230 903 Per
1245 872 1346 904 varias
1363 869 1477 904 deinde
1498 873 1646 914 regiones
1667 872 1906 917 peregrinatus,
1933 869 1966 903 in

252 924 409 969 Aegypto
432 918 571 955 versatus
595 933 669 955 cum
691 919 993 968 gymnosophistis,
1019 933 1140 967 magna
1155 919 1266 966 passim
1281 922 1423 954 nominis
1445 920 1627 954 celebritate
1646 930 1852 967 comparata,
1880 916 1966 966 apud

253 973 506 1012 Domitianum,
541 975 595 1006 cui
618 974 797 1020 imperium
826 971 1047 1019 praedixerat,
1079 972 1118 1006 ab
1140 972 1305 1017 Euphrate
1329 973 1493 1020 Aegyptio
1517 969 1681 1011 defertur,
1717 972 1910 1018 Romaeque
1934 972 1968 1005 iu

253 1036 418 1059 carcerem
440 1023 625 1065 comedim,
651 1022 736 1058 dic'ta
755 1023 931 1071 apologia,
958 1021 1082 1061 euadit,
1108 1032 1203 1070 atque
1221 1035 1289 1057 non
1307 1024 1416 1057 multis
1441 1026 1532 1057 annis
1555 1021 1624 1068 post
1647 1021 1750 1057 statim
1767 1036 1785 1056 a
1807 1033 1886 1056 nece
1902 1022 1969 1057 Do·

253 1076 381 1111 mitiani
408 1072 446 1109 ad
468 1076 613 1108 Neruam
638 1071 758 1113 scribit,
786 1072 815 1108 se
839 1087 915 1108 cum
941 1073 1000 1108 illo
1025 1087 1086 1108 vna
1108 1075 1270 1108 victurum
1294 1073 1483 1121 longiffimo
1507 1084 1675 1121 ternpore,
1700 1086 1766 1122 quo
1779 1085 1885 1121 neque
1897 1070 1968 1107 aliis

253 1124 314 1176 ipfi
335 1138 440 1174 neque
461 1123 518 1159 fibi
539 1125 592 1159 alii
616 1127 802 1173 imperaturi
826 1123 906 1163 fine,
933 1125 1046 1173 quibus
1065 1124 1167 1159 verbis
1191 1135 1221 1159 et
1242 1122 1273 1159 se
1295 1135 1326 1159 et
1341 1126 1487 1160 Neruam
1510 1126 1601 1160 rebus
1623 1126 1773 1159 humanis
1795 1124 1882 1159 breui
1903 1125 1971 1158 exi-

255 1176 417 1213 mendum
440 1175 641 1223 significauit.
694 1176 767 1212 Post
793 1174 860 1211 fata
880 1177 1100 1224 imaginibus,
1136 1176 1259 1216 statuis,
1295 1178 1427 1225 templis
1444 1175 1490 1222 ⁵¹⁷)
1517 1176 1604 1210 velut
1619 1175 1867 1224 Deusquidam‚
1889 1176 1969 1210 inter

255 1231 410 1265 homines
427 1223 650 1275 ἒπιθημῆσας,
670 1228 776 1263 cultus
791 1228 853 1268 est,
879 1241 942 1275 qua
958 1228 998 1262 de
1012 1240 1047 1262 re
1064 1226 1220 1262 videndae
1238 1239 1333 1262 notae
1350 1228 1389 1262 ad
1407 1227 1632 1262 Philostratum
1649 1240 1722 1276 pag.
1742 1232 1818 1273 369.
1845 1236 1876 1262 et
1892 1226 1972 1261 Tri-

256 1279 365 1315 ssanus
388 1288 469 1314 tom.
485 1281 540 1313 111.
563 1292 635 1327 pag.
650 1290 717 1323 737.
744 1278 782 1313 ad
804 1292 945 1314 numum
967 1279 1079 1313 Iuliani
1103 1281 1183 1325 imp.
1207 1281 1350 1326 imagine
1375 1279 1547 1326 Apollonii
1570 1277 1742 1326 infignem.
1775 1278 1889 1326 [Bayle
1914 1280 1972 1312 vit.

257 1329 418 1378 Apollon.
433 1341 502 1365 not.
520 1330 562 1364 E.
577 1340 608 1364 et
628 1331 683 1375 F.]
736 1331 788 1364 De
809 1332 942 1377 magieis
966 1332 1034 1364 eius
1049 1331 1241 1377 τελέσμασι
1258 1330 1423 1364 adeundus
1442 1330 1582 1376 Jnstinnr
1598 1330 1715 1376 quaest.
1732 1341 1781 1371 24.
1802 1330 1840 1363 ad
1860 1330 1973 1364 ortho-

259 1380 375 1416 doxos.
401 1378 504 1427 [conf.
520 1382 675 1416 Moshem.
695 1390 919 1416 commentatt.
939 1389 969 1415 et
993 1391 1087 1415 oratt.
1103 1384 1177 1415 varii
1196 1385 1390 1427 argumenti,
1413 1395 1430 1415 a
1450 1383 1477 1414 I.
1497 1382 1536 1416 P.
1553 1381 1687 1415 ffilillero
1704 1381 1840 1415 iunctim
1859 1379 1973 1420 edita&

257 1432 449 1479 Hamburgi
467 1443 543 1477 1751.
559 1442 589 1474 8.
606 1445 638 1479 p.
653 1442 713 1476 347
728 1429 794 1480 sqq.
848 1430 939 1467 Alios
956 1441 1119 1467 memorat
1135 1430 1339 1479 (Schmindel)
1358 1436 1389 1467 in
1407 1430 1557 1467 thesauro
1575 1431 1757 1467 bibliothec.
1776 1432 1814 1467 11.
1837 1443 1866 1480 p.
1882 1442 1914 1476 55
1929 1428 1972 1480 sq.

260 1483 376 1529 Harl]
434 1483 557 1532 Scripta
581 1486 668 1525 eius,
706 1492 832 1531 praeter
854 1482 1020 1532 epistolaS,
1051 1485 1190 1531 quarum
1213 1493 1244 1518 et
1267 1481 1352 1532 ipsae
1373 1483 1475 1532 longe
1497 1483 1659 1532 plurimae
1680 1485 1862 1532 perierunt,
1894 1484 1974 1518 haec

258 1543 508 1573 memorantur:

365 1603 396 1647 ι)
410 1597 540 1659 τ’Υμνος-
558 1599 603 1639 εἰς
622 1598 844 1650 Μνημοσύνην.
871 1600 1060 1647 Philostrat.
1078 1601 1130 1637 lib.
1147 1603 1171 1637 I.
1188 1615 1257 1650 cap.
1275 1614 1320 1646 14.
1348 1601 1391 1640 τὲ
1405 1618 1456 1642 τοι
1471 1600 1661 1651 μνημονικόν
1675 1598 1906 1644 §marom-§rm
1919 1612 1975 1646 γε·

261 1650 391 1701 νὸμενος
413 1668 469 1699 »φα
492 1652 575 1702 ὑπὲρ
595 1649 652 1690 τόν
673 1649 847 1700 Σιμωνίδην
871 1662 930 1687 etc.
985 1654 1158 1688 Memoriae
1185 1656 1277 1689 etiam
1307 1657 1503 1691 centenar'us
1531 1656 1651 1700 magis,
1689 1666 1783 1701 quam
1805 1651 1976 1686 Simonidet

261 1705 381 1746 valuit,
407 1711 437 1739 et
453 1705 587 1750 hymnus
607 1706 645 1738 ab
665 1716 698 1738 eo
717 1703 758 1748 est
776 1705 890 1750 aliquis
906 1705 936 1737 in
954 1705 1141 1738 Memoriam
1162 1707 1364 1745 decantatus,
1390 1708 1421 1739 in
1442 1718 1503 1752 quo
1524 1707 1626 1740 omnia
1645 1713 1782 1750 tempore
1796 1703 1976 1749 marcrfiere

253 1755 391 1804 scribit,
425 1756 527 1801 ipfitm
550 1766 625 1789 vcro
636 1762 771 1852 Jtcmpus
792 1762 827 1790 vt
848 1768 902 1791 nec
922 1763 1169 1802 corrumpatur,
1202 1769 1221 1791 a
1242 1758 1388 1791 memoria
1410 1757 1529 1792 habere,
1563 1758 1654 1791 Suid.
1678 1758 1713 1792 in
1736 1751 1975 1797 Ἀπολλώνιος,
2012 1782 2013 1788 1

266 1807 314 1853 [et
332 1807 477 1842 Eudocia
497 1818 571 1854 pag.
589 1818 632 1851 57.

367 1874 402 1920 2)
428 1869 622 1922 Πυθωγᾶςε
641 1868 749 1923 δόξῃ·
775 1872 926 1920 ΡΙιὲΙρβν.
944 1874 1029 1908 Vm.
1048 1886 1084 1918 ¹9
1104 1871 1148 1921 sq.
1182 1871 1308 1908 Confer
1324 1874 1487 1920 Francisci
1504 1874 1688 1913 Blantln‘m',
1718 1870 1913 1908 Veronensis
1927 1873 1980 1917 “)‚'
2012 1904 2013 1911 ,

266 1923 480 1960 bibliothecae
495 1924 738 1959 ottobonianae
753 1922 919 1971 praefecti,
941 1925 1111 1973 epistolam
1126 1924 1166 1959 de
1188 1924 1295 1971 lapide
1312 1928 1458 1968 Antiate,
1485 1927 1520 1960 in
1543 1938 1607 1972 qua
1628 1925 1734 1972 agitur
1749 1923 1789 1958 de
1808 1923 1895 1958 Villa
1911 1924 1979 1959 Ha·
2012 1920 2013 1955 Ῑ

266 1974 373 2010 driani
391 1973 536 2023 Augusti,
557 1977 590 2010 in
608 1977 727 2010 Antiati
744 1974 886 2011 Colonia
899 1974 967 2018 fita,
995 1975 1130 2011 oraculo
1147 1977 1377 2017 Fortunarum,
1404 1990 1441 2011 ac
1456 1976 1597 2024 templis,
1616 1977 1649 2010 in
1663 1989 1700 2010 ea
1721 1974 1896 2015 celebratis,
1911 1974 1978 2010 col·
2012 1974 2013 1982 ¹

266 2025 359 2062 lectis
380 2026 546 2075 Apollonii
562 2025 703 2075 epistolis
719 2036 749 2062 et
768 2025 853 2062 libro
869 2027 1081 2062 oraculorum
1100 2028 1270 2075 Apollonii
1285 2029 1417 2073 Tyanei
1435 2028 1475 2061 ibi
1492 2026 1612 2067 dicato,
1637 2036 1668 2061 et
1685 2025 1830 2062 eiusdem
1845 2024 1977 2069 affectis,

268 2089 311 2113 eo
333 2077 592 2120 confluentibus,
614 2091 674 2112 nec
699 2091 766 2113 non
787 2076 826 2114 de
847 2076 942 2126 lignis
961 2078 1188 2120 celeberrimis,
1213 2078 1333 2113 ibidem
1355 2077 1492 2120 effoffis,
1518 2078 1674 2126 Apolline
1691 2077 1877 2125 praesertim
1892 2079 1978 2113 Vati-

269 2141 359 2163 cano
370 2137 400 2163 et
414 2127 600 2163 Gladiatore
613 2128 841 2177 Burghefiano.
866 2131 967 2165 Rom.
983 2132 1076 2175 1598,
1092 2143 1121 2173 4.
1150 2127 1342 2180 Πυθαγὸρε
1367 2129 1441 2172 βίον
1459 2129 1498 2164 ab
1517 2129 1697 2177 Apollonio
1715 2126 1880 2177 scripturn,
1905 2130 1978 2172 Suiq

269 2181 328 2214 das
348 2180 395 2226 [et
411 2178 576 2225 Eudocia]
597 2178 669 2215 suut
687 2182 843 2218 austeres,
870 2180 952 2228 [vid.
964 2180 1003 2217 ad
1021 2180 1086 2217 vol.
1105 2183 1128 2217 I.
1142 2195 1218 2231 pag.
1235 2189 1306 2226 830.
1328 2185 1395 2218 iam
1416 2190 1571 2230 occupata
1589 2190 1620 2216 et
1636 2195 1655 2216 a
1671 2193 1727 2216 me
1745 2179 1878 2228 adlata]

1840 2248 1981 2293 3)Δια·.’

317 2317 372 2358 bb)
394 2321 460 2350 vid.
477 2321 569 2353 Dion.
592 2319 668 2362 Caff
688 2321 706 2353 I.
728 2333 751 2353 c.
776 2322 812 2352 de
835 2324 963 2361 imagine
984 2325 1046 2354 eius
1070 2335 1106 2355 ex
1192 2325 1238 2366 cc)
1264 2324 1381 2357 Galeria
1405 2323 1436 2356 di
1458 2325 1596 2356 Minerva
1617 2330 1689 2355 tom.
1703 2332 1732 2360 4.
1755 2302 1820 2366 pag.
1837 2329 1878 2360 85.

275 2373 397 2392 nummo
411 2373 502 2392 aeneo
518 2371 545 2392 et
561 2374 596 2392 ex
612 2364 727 2404 Iaspide
742 2365 833 2396 viridi
854 2366 1022 2408 depromta,
1044 2367 1107 2399 vid.

275 2406 370 2448 Saxii
384 2407 492 2440 Onom.
509 2405 529 2437 l·
544 2417 567 2437 c.
587 2405 682 2437 Harl.
