2013 2725
231 145 291 178 226
396 140 465 175 Lib.
478 138 544 175 IV.
562 150 584 172 c.
598 137 709 174 XIII.
816 134 1079 172 PLVTARCHI
1113 132 1358 173 EDITIONES

229 238 369 274 catoria7
397 235 534 269 nomine
549 231 638 283 Aug.
651 231 729 268 Ver.
751 229 791 265 ad
811 229 988 266 Claudium
1004 229 1192 266 Lauallium
1214 226 1349 277 scripta,
1375 225 1505 263 in'edit.
1525 230 1614 277 Opp.
1634 229 1785 268 Turnebi
1808 230 1950 269 versioni

226 288 426 337 praefigitur.
452 305 501 313 —-
526 298 574 334 gr.
601 297 677 319 cuni
700 282 846 318 versione
870 283 1016 328 Philippi
1039 283 1138 317 Iacchi
1161 280 1316 329 Manffizci
1339 291 1368 315 et
1389 283 1494 322 notis,
1518 280 1632 317 addito
1658 282 1749 317 Vibii
1767 284 1949 332 Sequcstris,

228 339 321 373 latini
339 335 523 385 scriptoris,
550 336 661 371 libello
676 334 715 369 de
733 334 943 377 fluminibus,
967 331 1129 373 fontibus,
1156 333 1305 374 lacubus,
1339 331 1530 382 paludibus,
1558 334 1725 369 montibus
1747 336 1949 371 nemoribus-

229 403 293 439 que
310 398 340 424 et
353 389 502 438 gentibus
517 387 557 422 ad
573 387 795 435 virgilianum
811 387 916 421 filium
929 417 939 431 ‚
965 398 1002 420 ac
1018 385 1126 433 Psello
1148 384 1188 419 de
1208 383 1386 433 lapidibus»,
1415 397 1463 432 gr.
1487 383 1541 418 lat.
1564 398 1581 418 a
1602 385 1775 432 Mauffiico.
1801 384 1949 422 Tolosae

227 444 310 486 1615.
325 448 355 482 8.
384 440 479 488 (cum
498 437 672 474 emendatt.
690 440 796 473 msstis
813 450 851 473 ex
869 436 942 473 cod.
960 447 1045 472 msto
1068 439 1100 471 in
1118 438 1214 472 Vibio
1235 435 1297 470 fuit
1322 435 1489 484 exemplar
1511 437 1545 469 in
1569 436 1644 471 bibi.
1659 437 1855 472 Pinelliana:
1882 436 1949 473 vid.

229 492 322 527 catal.
340 494 407 526 Pin.
425 501 506 526 tom.
525 493 547 525 Ι.
567 503 641 538 pag.
657 491 742 535 357.)
769 510 819 515 -—
846 492 881 524 In
896 488 1009 523 eadem
1027 488 1100 523 bibl.
1115 499 1145 523 et
1167 490 1200 522 in
1217 488 1292 522 bibl.
1309 488 1465 522 Menken.
1483 489 1506 521 I.
1533 499 1606 534 pag.
1627 500 1685 533 155·
1708 499 1804 537 atque
1825 487 1950 523 Bodlei.
2006 536 2010 537 ⁷

230 543 346 578 exstitit
362 541 448 577 aliud
466 541 634 591 exemplar
652 540 795 576 eiusdem
811 539 982 578 editionis.
1009 542 1043 574 in
1060 552 1144 588 quo,
1169 536 1283 574 omissa
1309 537 1445 587 epistola
1468 537 1685 584 dedicatoria,
1711 550 1742 575 et
1770 539 1883 575 addito
1899 542 1951 575 Io.

230 593 366 639 Pistoris·
389 593 502 628 libello
524 592 564 628 de
589 591 814 628 microcosmo
837 589 990 627 excusum
1017 591 1060 626 est
1083 588 1231 626 Tolosae
1255 593 1339 630 1618.
1365 599 1395 631 8.
1421 610 1473 625 -ε
1501 603 1551 638 gr.
1568 602 1646 625 cum
1660 589 1808 631 versione
1822 601 1853 626 et
1867 594 1952 626 notis

230 645 403 693 Mauffiici,
431 647 514 680 inter
538 646 587 680 Io.
605 644 752 691 Hudsbm‘
772 645 958 692 Geograph.
973 655 1108 690 graecos
1124 645 1249 678 minor.
1267 641 1334 677 vol.
1351 644 1390 677 Il.
1418 654 1494 677 cum
1517 643 1620 676 Henr.
1638 642 1799 678 Dodwelli
1822 640 1890 677 diss.
1911 641 1952 677 de

230 697 426 742 Plutarcho,
451 696 524 731 libri
546 695 586 731 de
605 695 713 731 fluuiis
737 697 888 738 auc‘iore,
915 692 1057 740 (diuerso
1075 709 1092 729 a
1110 693 1358 737 Chaeronenss,)
1383 694 1488 729 obiter
1509 691 1550 728 de
1575 695 1708 730 auctore
1723 694 1954 732 parallelorum

228 751 404 788 minorum,
431 761 512 797 quae
529 750 624 783 etiam
639 745 696 782 sub
710 747 869 783 Plutarchi
885 749 1048 784 Chaeron.
1064 747 1200 782 nomine
1215 743 1371 781 feruntur.

333 816 446 851 Libros
470 815 591 851 multos
613 815 747 850 maioris
770 817 972 861 minorisque
995 813 1111 856 molis,
1151 815 1184 848 in
1206 814 1319 862 quibus
1346 809 1460 862 scripta
1485 822 1538 848 aut
1559 811 1633 848 loca
1655 812 1819 849 Plutarchi
1849 810 1954 847 modo

232 865 466 907 emendantur,
493 865 598 902 modo
614 866 835 916 explicantur,
861 864 977 915 paffim
996 868 1029 899 in
1044 867 1108 900 hoc
1127 866 1230 913 capite
1247 863 1395 911 laudaui3
1421 863 1502 899 alios
1517 866 1551 898 in
1571 863 1693 900 Introd.
1711 866 1744 900 in
1761 863 1833 899 hist.
1846 865 1882 899 L.
1897 864 1954 899 Gr.

232 920 255 955 l.
274 933 302 954 c.
317 929 348 954 et
361 920 480 953 Saxius
494 921 526 953 in
541 919 667 953 Onom.
683 918 778 954 litter.
795 917 819 954 l.
837 930 865 952 c.
882 929 1027 965 quorum
1045 918 1199 952 omnium
1215 918 1421 951 mentionem
1444 916 1498 949 hic
1518 917 1635 951 iterum
1650 913 1757 951 faeere
1772 914 1863 950 nolo.
1916 916 1957 950 In

231 970 567 1006 commentationibus
584 968 670 1004 acad.
688 966 781 1003 Paris.
800 966 897 1002 Inscr.
919 966 1032 1014 paffim
1053 977 1229 1002 occurrunt
1251 968 1564 1006 commentationes,
1597 979 1735 1014 quarum
1757 966 1866 1014 plures
1888 978 1958 1000 me-

231 1024 378 1061 moraui3
410 1020 524 1054 Sallier
548 1020 629 1062 (vol.
644 1021 684 1054 V.
709 1020 764 1053 VI.
787 1020 858 1053 VII.
882 1019 969 1053 VIII.
993 1018 1037 1051 IX
1060 1028 1091 1053 et
1115 1018 1168 1061 X.)
1210 1016 1365 1064 Semrffl,
1405 1015 1445 1050 de
1470 1019 1541 1051 vitis
1565 1017 1746 1064 parallelis,
1784 1017 1911 1064 (vol.V
1926 1026 1957 1053 et

229 1075 321 1119 ¹VII.)
354 1072 392 1106 cle
414 1072 443 1106 la
461 1070 566 1107 Carne
590 1071 626 1105 de
649 1069 907 1116 Sainte.Palaye
930 1071 963 1103 in
986 1072 1063 1103 vitas
1089 1068 1227 1103 Romuli
1251 1082 1289 1103 ac
1304 1069 1454 1108 Numae,
1482 1067 1582 1112 (Hist.
1607 1069 1673 1104 vol.
1691 1071 1778 1115 VII.)
1804 1070 1841 1103 de
1855 1070 1957 1103 Man-

232 1125 367 1173 dajors,
393 1120 432 1157 de
449 1123 583 1158 Donato
599 1121 786 1163 Acciaiolo,
810 1122 940 1156 auclore
955 1123 1094 1156 vitarum
1112 1119 1305 1155 Hannibalis
1322 1130 1353 1154 et
1367 1120 1548 1165 Scipionis,
1575 1119 1676 1167 (Hist.
1701 1121 1771 1156 vol>
1785 1121 1830 1154 111
1853 1130 1885 1155 et
1897 1119 1959 1167 V.)

232 1174 464 1223 Bougainville
480 1187 619 1209 examen
633 1172 700 1208 loci
717 1176 751 1207 in
773 1174 837 1207 vita
851 1171 1044 1214 Alexandri,
1071 1174 1105 1206 in
1122 1172 1230 1206 Mem.
1255 1180 1337 1209 tom.
1354 1172 1456 1205 XXV.
1479 1184 1553 1219 pag.
1570 1179 1725 1218 38—-39,
1753 1191 1803 1199 —-
1827 1181 1858 1207 et
1875 1181 1958 1208 tom.

233 1228 381 1263 XXXIV.
409 1239 483 1274 pag.
503 1227 565 1269 376
579 1234 638 1260 etc.
663 1223 702 1260 de
725 1222 898 1268 systemate
923 1223 1114 1272 theologico
1137 1235 1315 1271 magorum
1340 1219 1520 1258 secundum
1535 1222 1746 1258 Plutarchum
1763 1218 1958 1272 comparato

233 1291 312 1314 curn
330 1276 416 1313 libris
430 1275 594 1312 Zoroastri
607 1286 669 1312 etc.
690 1277 824 1312 auctore
839 1275 1015 1322 Aliquem,
1049 1275 1276 1322 aliorumque,
1303 1276 1358 1322 qui
1379 1287 1467 1309 nunc
1493 1274 1607 1315 latius.
1633 1288 1722 1310 nune
1743 1274 1880 1312 ssridlius
1901 1288 1958 1310 ex.

230 1326 418 1379 plima-unt
436 1328 510 1364 loca
532 1325 766 1376 sententiasque
789 1328 969 1367 Plutarchi,
995 1336 1026 1362 et
1048 1329 1080 1361 in
1103 1325 1257 1361 indicibus
1280 1324 1320 1361 ad
1342 1324 1397 1361 illa
1414 1326 1485 1360 atsta
1502 1324 1566 1360 fiue
1581 1325 1705 1361 Tables
1728 1325 1782 1361 des
1797 1328 1957 1369 matieres,

231 1394 308 1424 voc.
327 1380 502 1415 Plutarche
521 1390 551 1415 et
572 1383 606 1414 in
629 1382 819 1428 germanica
846 1391 969 1413 comm.
984 1375 1081 1413 Paris.
1101 1376 1267 1418 versione,
1295 1375 1362 1412 ind.
1380 1390 1450 1413 voc.
1466 1375 1638 1416 Plutarch,
1665 1388 1748 1415 torn.
1763 1379 1818 1414 XI.
1842 1376 1958 1413 ordine

234 1429 452 1468 recensentur.
505 1432 607 1466 Pauca
631 1432 685 1465 hic
705 1429 823 1465 addere
843 1432 940 1464 iuuat.
979 1449 1030 1456 -
1068 1431 1168 1464 Varia
1186 1429 1353 1464 Plutarchi
1375 1427 1448 1463 loca
1462 1427 1630 1464 illustrauit
1645 1430 1710 1466 Iac.
1726 1429 1908 1464 Palmerius
1922 1431 1958 1465 in
1988 1434 1993 1437 '

233 1482 528 1520 Exercitationibus
542 1481 580 1517 ad
598 1485 744 1531 optimos
760 1479 928 1529 scriptores
948 1493 1102 1529 graecos,
1130 1479 1232 1528 Lugd.
1246 1481 1312 1516 Bat.
1333 1482 1426 1521 1668.
1449 1492 1482 1523 4.
1505 1499 1557 1507 --
1581 1482 1711 1516 loannis
1725 1481 1822 1529 Regii
1840 1478 1958 1530 scripta

233 1538 270 1571 in
288 1534 499 1570 Plutarchum
514 1534 658 1582 plurima
675 1533 714 1569 ab
730 1535 766 1568 iis
778 1559 788 1574 ,
814 1535 869 1580 qui
885 1533 1008 1567 alienae
1025 1530 1210 1567 inuidebant
1229 1531 1373 1580 gloriae,
1400 1528 1582 1581 suppressa,
1615 1531 1735 1580 partim
1757 1530 1881 1568 furibus
1903 1545 1959 1582 pa·

234 1583 346 1627 tuisse,
372 1584 464 1620 dolet
479 1586 530 1620 Ιο.
547 1585 679 1620 Pierius
695 1584 750 1620 lib.
765 1586 789 1621 I.
805 1582 845 1619 de
860 1581 1045 1619 infelicitate
1060 1583 1266 1619 literatorum
1285 1595 1361 1633 pag.
1377 1596 1432 1629 49.
1459 1604 1511 1611 »--
1536 1581 1626 1619 Obfl'.
1652 1586 1686 1619 in
1708 1586 1806 1621 vitam
1821 1583 1958 1621 Periclis

235 1641 272 1674 in
290 1638 518 1684 Craflsmann,
547 1636 590 1682 by
608 1636 710 1671 Caleb
724 1635 903 1679 d'Anvers‚
928 1633 969 1669 of
981 1637 1106 1680 Grays-
1118 1638 1188 1670 Inn.
1206 1637 1280 1682 Esq.
1308 1634 1458 1670 London.
1477 1647 1563 1679 1737.
1581 1643 1609 1677 8.
1633 1635 1699 1672 vol.
1714 1637 1770 1672 IX.
1794 1650 1827 1686 p.
1841 1648 1958 1681 271—

234 1701 304 1733 273.
335 1707 383 1715 -
411 1688 597 1723 Plutarch-s
615 1696 753 1722 account
772 1684 812 1721 of
818 1711 828 1726 ‚
855 1685 919 1721 and
936 1688 984 1721 his
1000 1685 1065 1721 odd
1080 1685 1210 1722 reasons
1224 1684 1278 1721 for
1292 1688 1346 1721 the
1362 1686 1478 1722 sslence
1493 1684 1535 1722 of
1545 1688 1599 1722 the
1613 1688 1765 1724 Heathen
1776 1687 1900 1724 oracles
1922 1691 1958 1723 in

234 1742 292 1776 the
306 1736 379 1774 Life
397 1736 439 1774 of
448 1740 581 1774 Pontius
597 1738 714 1780 pilate,
741 1740 931 1785 containing
954 1752 971 1772 a
991 1736 1118 1774 concise
1141 1737 1267 1782 history
1284 1734 1325 1772 of
1338 1739 1391 1772 the
1413 1737 1491 1773 state
1505 1735 1547 1773 of
1558 1740 1610 1773 the
1623 1736 1752 1774 lewish
1766 1743 1878 1776 nation
1895 1749 1956 1776 etc.

234 1789 380 1827 London
400 1801 483 1834 1753.
507 1795 537 1828 8.
577 1810 628 1817 ——
670 1790 757 1824 Loca
783 1787 942 1837 quaedam
961 1789 1133 1824 Plutarchi
1154 1788 1370 1824 emendantur
1391 1799 1422 1824 et
1442 1788 1644 1837 explicantur
1665 1792 1700 1825 in
1718 1788 1957 1827 Animaduerff.

230 1843 434 1888 ΙΤοιιῃὶαηίν,
459 1843 494 1875 in
511 1839 586 1876 edit.
600 1840 747 1890 Dionyfii
763 1841 920 1886 Longini,
948 1841 1059 1875 Oxon.
1075 1848 1162 1885 1778.
1188 1852 1218 1883 4.
1242 1853 1316 1889 pag.
1336 1851 1398 1883 134.
1413 1852 1471 1885 155.
1490 1843 1557 1885 165.
1577 1853 1637 1885 171.
1655 1853 1718 1887 175.
1736 1854 1812 1888 ²49-
1843 1845 1878 1876 in
1901 1843 1958 1877 Ri.

234 1894 325 1930 cardi
341 1892 462 1927 Damas
478 1889 689 1926 miscellaneis
706 1894 836 1933 criticis,
863 1893 980 1926 iterum
996 1891 1086 1926 editis
1110 1906 1127 1926 a
1152 1892 1272 1926 Thoma
1286 1892 1449 1939 Burgtss,
1481 1891 1624 1927 Londini
1650 1900 1734 1936 1781.
1756 1906 1830 1942 pag.
1844 1896 1912 1929 261.
1937 1907 1957 1928 a

234 1946 395 1991 Stephano
413 1941 538 1990 Wston
553 1945 585 1978 in
598 1945 667 1977 eius
682 1941 787 1985 libro,
815 1944 866 1976 cui
882 1942 988 1976 titulus
1008 1942 1069 1984 esl3
1096 1943 1320 1988 Hermefianax
1333 1941 1399 1977 siue
1415 1944 1621 1978 coniecturae
1640 1945 1671 1979 in
1688 1946 1889 1985 Athenaeum
1911 1954 1958 1980 at-
2008 1979 2009 1991 ¹

234 2008 300 2046 que
330 1995 454 2043 aliquot
479 2005 654 2043 poetarum
674 2006 868 2042 graecorum
892 1993 965 2028 loca
988 2004 1046 2029 etc.
1087 1994 1229 2029 Londini
1252 1999 1340 2038 1784.
1365 2002 1394 2035 3.
1419 2007 1492 2042 pag.
1509 2003 1561 2035 118
1579 2005 1610 2030 et
1636 2008 1697 2041 119.
1729 2007 1760 2032 et
1781 1999 1815 2032 in
1840 1997 1958 2043 Toupt'i
2008 1994 2009 2011 ³

234 2045 520 2084 emendationibus
537 2049 570 2080 in
584 2045 717 2080 Suidam
734 2056 764 2080 et
780 2042 983 2090 Hesychium
1002 2056 1061 2080 etc.
1089 2048 1201 2080 Oxon.
1220 2058 1311 2091 ¹790.
1331 2053 1359 2086 8.
1377 2046 1439 2081 vol.
1460 2048 1526 2079 1—
1541 2048 1595 2080 IV.
1611 2046 1733 2095 passim.
1759 2067 1810 2075 -
1831 2050 1886 2084 On
1901 2050 1956 2083 the

233 2101 393 2135 variation
410 2099 442 2132 in
459 2096 628 2143 Euripides
642 2096 705 2131 and
721 2098 887 2135 Plutarch,
914 2100 948 2131 in
964 2096 1080 2145 regard
1098 2106 1132 2133 to
1149 2099 1204 2132 the
1220 2095 1346 2132 cussom
1363 2095 1403 2132 of
1416 2100 1467 2133 the
1481 2097 1675 2133 admittance
1698 2096 1740 2135 of
1757 2112 1895 2136 woman
1917 2109 1954 2134 to

235 2149 307 2186 vifit
319 2151 373 2184 the
389 2145 488 2183 recess
507 2146 549 2183 of
561 2150 614 2183 the
629 2148 794 2196 Delphick
809 2148 973 2196 Temple3
1001 2148 1064 2184 and
1079 2150 1133 2183 the
1152 2159 1290 2196 attempt
1309 2146 1351 2184 of
1360 2150 1419 2184 Dr.
1440 2151 1619 2195 musgrave
1637 2160 1670 2186 to
1687 2151 1850 2186 reconciIe
1872 2153 1954 2187 their

235 2201 416 2245 testimony
431 2197 578 2240 resuted‚
605 2199 648 2244 by
664 2200 802 2234 Richarcl
818 2201 905 2233 Paul
919 2201 1054 2240 lodrell‚
1079 2203 1153 2249 Esq.
1170 2202 1202 2235 F.
1223 2202 1264 2235 R.
1280 2202 1312 2236 S.
1333 2203 1366 2234 in
1388 2203 1454 2235 eius
1480 2199 1693 2239 Illustrations
1717 2200 1760 2240 of
1768 2203 1954 2250 Euripides,
2006 2196 2007 2199 ¹

235 2265 283 2290 on
300 2254 354 2288 the
371 2253 432 2287 Ion
444 2249 509 2287 and
529 2252 583 2285 the
599 2251 753 2286 Bacchae.
780 2250 923 2286 London
937 2257 1020 2295 1781.
1035 2258 1065 2292 8.
1085 2265 1135 2287 nr.
1149 2264 1193 2295 17.
1208 2264 1283 2301 pag.
1300 2263 1490 2298 105—-107,

338 2329 417 2362 Vita
442 2326 629 2371 Plutarchi,
653 2342 671 2362 a
697 2326 870 2372 Drydenio
895 2325 1025 2375 scripta,
1053 2341 1092 2364 ex
1124 2329 1253 2376 anglico
1277 2326 1427 2364 sermone
1457 2331 1491 2364 in
1514 2329 1669 2377 gallicum
1700 2332 1868 2375 translata,
1898 2333 1954 2368 ini

238 2377 435 2430 Recueilde
445 2380 566 2430 *Pieces-
575 2377 604 2414 d‘
613 2377 761 2417 Histoire
777 2377 1087 2431 etrdetLitterature,
1114 2377 1309 2432 Paris31738.
1327 2392 1371 2432 12.
1397 2382 1535 2433 (οη-ΙΙ.
1556 2396 1631 2434 pag.
1649 2396 1787 2432 1-97,

1831 2424 1954 2505 aaa
