2013 2725
247 161 312 208 5o8
363 158 435 195 Lib.
448 156 519 194 IV.
533 168 555 192 r.
570 154 658 193 XX.
761 155 912 192 MARCI
944 153 1170 194 ANTONINI
1203 154 1452 194 EDITIONES
1685 156 1805 185 Vole-
1823 157 1964 206 βῶξ-6

247 268 278 290 a.
296 254 404 298 1626.)
431 272 479 279 -
507 250 739 287 Hendreichius
757 252 789 284 in
806 250 955 287 Pandec't.
969 251 1150 288 Brandenb.
1167 261 1332 289 memorat
1351 250 1426 286 edit.
1444 253 1619 299 Argentor.
1643 264 1694 300 gr.
1713 261 1745 288 et
1757 253 1810 289 lat.
1836 266 1865 288 a.
1880 263 1968 298 1590.

250 312 281 346 8.
306 307 396 340 cuius
420 306 628 339 mentionem
653 303 731 338 alias
756 314 826 338 non
848 304 977 345 inueni,
1003 303 1062 340 nifi
1082 307 1118 340 in
1137 305 1329 340 Harwoodii
1351 300 1544 352 prospec‘lu,
1569 313 1637 339 tam
1657 307 1846 353 germanice
1867 316 1968 354 quam

247 357 356 392 italice
376 353 487 391 verso:
513 366 545 391 at
565 354 665 392 fidem
687 367 751 403 ego
767 366 836 389 non
857 355 977 391 habeo.

352 438 516 474 Antonini
541 436 689 482 Aulicus,
723 436 776 474 lat.
799 437 854 482 (ex
876 436 952 475 edit.
978 439 1026 474 Io.
1043 438 1188 487 Casehi)
1214 436 1398 475 Helmstad.
1419 444 1514 484 1604.
1533 451 1565 483 4.
1593 447 1798 475 memoratur
1822 440 1855 474 in
1873 436 1968 475 catal.

249 490 408 577 Μειῖῐῑῖη.
427 501 508 538 part.
514 492 560 588 61.)
567 502 641 539 pag.
658 502 713 536 90.
736 508 786 517 —-
812 489 864 526 Ad
879 491 1115 528 Commodum
1130 492 1164 527 F.
1181 491 1335 528 heredem
1349 493 1488 541 imperii.
1514 490 1646 541 Lipsiae.
1660 493 1744 535 1613.
1760 502 1790 535 4.
1817 490 1969 536 (Barber.

251 551 342 577 cata.
376 553 510 591 .pag.5
536 570 578 581 .,

352 626 500 660 Meritus
519 623 752 672 Casaubonus,'
779 634 813 661 vt
841 625 946 661 verbis
973 635 1044 662 vtar
1068 626 1224 668 Fabricii,
1258 624 1372 663 codice
1398 626 1501 675 Isanci
1517 627 1716 673 casauboni,
1748 625 1889 674 parentis
1911 621 1970 666 sui,

251 685 350 714 manu
367 675 479 725 paffim
495 687 623 720 notato,
647 675 732 719 vsus,
759 689 797 712 ex
811 680 899 712 cuius
915 680 1031 721 unius,
1059 681 1163 727 inquit
1185 691 1258 728 pag.
1273 681 1325 715 26.
1350 679 1595 725 elaborafzffimis
1616 679 1880 713 lucubrationibus·
1895 675 1970 721 plus

252 729 366 764 auxilii
389 729 433 762 ad
453 730 508 763 hoc
525 728 654 776 pensum
669 730 917 775 pertexendam,
956 742 1050 777 quom
1071 742 1109 766 ex
1129 733 1272 766 omnibus
1294 731 1432 766 altorum
1452 743 1708 778 quorumcunque
1728 730 1849 777 musteis
1870 728 1972 773 operi-

251 783 328 819 bus,
355 780 448 825 (asfit
471 782 593 815 inuidia
619 782 748 826 verb0‚)
775 781 852 816 mihi
873 784 1071 827 comparum,
1098 782 1272 831 poslquam
1295 782 1422 831 anglice
1444 785 1604 818 Antonini
1625 781 1722 818 libros
1747 776 1887 816 vertisset
1906 776 1973 813 edi-

252 829 425 880 disshque,
454 845 536 879 quos
552 830 685 867 adsidua
703 835 901 881 repetitaque
918 833 1062 868 lediione
1076 831 1254 869 familiares
1274 832 1330 869 fibi
1347 832 1548 874 reddiderat,
1575 836 1673 869 etiam
1691 831 1974 881 graeco-latinam

251 881 388 918 illorum
413 881 592 918 editionem
614 883 790 919 meliorem
815 886 957 924 curauit,
983 887 1107 932 graecis
1132 885 1171 919 ad
1195 883 1407 920 Basileensem
1431 883 1602 932 expreffis,
1626 896 1657 920 et
1679 885 1767 919 libris
1787 881 1920 929 singulis
1941 883 1975 915 in

251 943 350 969 certas
373 932 524 969 sectiones
549 933 675 977 diuisis,
700 934 961 983 interpolataque
984 944 1015 969 et
1035 935 1206 970 emendata
1223 933 1338 984 passim
1357 936 1517 980 Xylandri
1538 934 1701 976 versione,
1726 945 1757 970 et
1779 934 1864 969 notis
1886 930 1975 967 deni-

252 998 316 1034 que
333 984 465 1020 eruditis
488 996 519 1020 et
538 983 820 1021 emendationibus
843 984 883 1020 ad
901 984 1025 1020 calcem
1042 985 1143 1021 libelli
1159 985 1310 1028 adiectis,
1336 986 1396 1033 [If]
1422 987 1537 1035 quibus
1557 984 1780 1032 Xylandrinae
1796 986 1894 1020 etiam
1907 980 1976 1018 sub·

251 1038 436 1072 nec‘luntur.
504 1036 627 1071 Prodiit
661 1037 740 1072 haec
771 1035 892 1077 editio,
924 1038 1065 1072 Iohanni
1084 1036 1226 1073 Seldeno
1248 1036 1416 1088 inscripta,
1454 1041 1539 1087 typis
1563 1039 1613 1073 M.
1628 1035 1783 1080 Flesher‚
1815 1033 1910 1070 sumt.
1931 1036 1974 1071 R.

250 1090 408 1134 Mymne,
434 1087 578 1124 Londini
599 1103 628 1123 a.
644 1090 731 1132 1643.
749 1094 780 1130 8.
835 1087 917 1124 Cum
939 1101 959 1122 a
974 1089 1078 1135 sacris
1104 1090 1196 1124 libris
1223 1090 1356 1137 disceffi',
1389 1091 1661 1139 inquitpMericus
1677 1086 1887 1124 Casaubonus
1909 1087 1976 1135 epi-

251 1139 334 1176 ssola
352 1141 424 1174 Vll.
450 1138 490 1175 ad
508 1141 600 1175 Tho.
618 1140 839 1182 Gauranum,
866 1152 928 1175 non
950 1140 1046 1175 alium
1070 1147 1181 1176 temere
1204 1141 1322 1176 librum
1345 1143 1481 1187 reperte,
1505 1144 1536 1176 in
1557 1154 1618 1189 quo
1633 1141 1738 1188 magis
1755 1141 1877 1173 animus
1892 1148 1977 1173 meus

243 1192 312 1241 fiuc
333 1193 366 1226 in
388 1193 479 1226 rebus
502 1191 593 1226 laetis
617 1193 863 1237 componendus,
876 1193 946 1240 stuc
968 1194 999 1225 in
1019 1192 1164 1238 tristibus
1184 1195 1357 1240 erigendus
1377 1194 1557 1241 acquigfiat.
1606 1192 1723 1229 Multis
1743 1192 1786 1226 ibi
1807 1193 1852 1226 ins
1861 1187 1976 1225 eadem

255 1242 408 1290 epistola,
436 1255 518 1291 quae
539 1256 603 1278 vna
624 1255 702 1278 cum
723 1242 793 1277 aliis
816 1241 856 1278 ad
872 1242 995 1278 calcem
1009 1243 1196 1279 luculentae
1217 1257 1324 1280 nouae
1344 1243 1493 1281 editionis
1511 1243 1723 1293 epistolarum
1739 1241 1775 1279 1s.
1791 1239 1977 1277 casauboni

256 1294 296 1331 ab
314 1293 566 1329 Almeloueenio
587 1293 750 1342 publicata
773 1293 837 1337 est,
866 1297 1010 1332 Mericus
1031 1308 1109 1330 cum
1124 1296 1288 1330 Gatakero
1309 1295 1512 1345 expostulat,
1539 1295 1627 1345 quod
1643 1299 1677 1331 in
1694 1293 1755 1330 suis
1777 1293 1833 1329 ille
1847 1291 1887 1328 ad
1909 1294 1976 1327 An-

255 1349 410 1381 toninum
433 1349 518 1380 notis
542 1344 653 1393 paffim
677 1344 859 1381 versionem
881 1344 977 1394 ipfius
999 1347 1162 1396 anglicam
1185 1347 1418 1395 reprehendat,
1443 1347 1533 1382 nulla
1554 1350 1724 1382 mentione
1744 1343 1831 1381 facta
1846 1354 1978 1392 graeco-

254 1396 374 1433 latinae
397 1397 546 1432 editionis
572 1407 791 1447 notarumque
816 1397 860 1431 illi
883 1396 1149 1441 subiundlarum,
1175 1401 1208 1433 in
1234 1400 1349 1447 quibus
1372 1396 1440 1445 ipse
1466 1398 1620 1447 pleraque
1644 1400 1757 1433 omnia
1783 1396 1839 1432 illa
1859 1395 1977 1430 rectius

253 1446 408 1498 posuilset
431 1458 525 1496 atque
549 1446 756 1485 emendaffet.
811 1447 894 1484 Vide
918 1451 1015 1486 etiam
1038 1450 1160 1486 librum
1176 1451 1293 1486 Merici
1310 1449 1494 1486 Casauboni
1517 1451 1645 1498 anglice
1660 1450 1830 1497 vulgatum
1851 1446 1893 1482 de
1910 1458 1977 1482 cre-

255 1498 391 1536 dulitate
416 1511 446 1535 et
476 1500 719 1544 incredulitate,
747 1513 821 1549 pag.
839 1513 880 1536 20
896 1497 965 1550 sqq.
999 1503 1050 1538 vbi
1079 1502 1146 1538 loci
1166 1503 1384 1538 Antoniniani
1411 1499 1641 1552 reprehensam
1661 1515 1680 1537 a
1698 1501 1860 1537 Gatakero
1882 1501 1978 1535 inter·

255 1562 474 1602 pretationem
497 1563 615 1589 tuetur.

361 1632 558 1670 casaubono
590 1637 681 1684 prior
711 1647 848 1671 manum
874 1638 1032 1672 Antonini
1060 1635 1150 1671 libris
1181 1635 1374 1672 admouerat
1401 1636 1585 1686 praeclarus
1616 1646 1647 1672 et
1677 1632 1904 1671 eruditiffimus
1926 1635 1977 1669 vir

264 1685 404 1721 Thomas
421 1687 601 1721 Gatakcrus
617 1691 664 1732 ⁹),
691 1687 767 1722 licet
789 1687 948 1722 decennio
973 1686 1077 1723 ferme
1097 1687 1168 1736 post
1184 1687 1319 1724 demum
1341 1689 1448 1723 lucem
1471 1688 1586 1723 viderit
1608 1689 1692 1723 illius
1714 1685 1823 1722 foetus
1844 1684 1979 1736 quadra·

257 1739 348 1784 ginta
372 1751 556 1779 annorum,
581 1739 811 1786 Cantabrigiae
834 1753 861 1773 a.
882 1744 964 1785 1652.
981 1751 1012 1783 4.
1047 1742 1095 1775 M.
1115 1744 1298 1775 Antoninus
1325 1738 1442 1775 scilicet
1464 1753 1552 1776 noua
1573 1738 1720 1774 versione
1742 1737 1899 1780 donatus,
1932 1736 1978 1772 di-

256 1788 390 1823 {lindius
413 1787 624 1835 sectionibus,
651 1791 900 1838 prolegomenis
921 1790 1090 1825 luculentis
1116 1790 1156 1826 de
1172 1789 1400 1840 philosophiae
1421 1792 1552 1826 moralis
1576 1790 1693 1826 stoicae
1708 1803 1785 1839 prae
1801 1791 1994 1837 Epicureo-⁷

257 1852 333 1875 rum
354 1840 518 1888 dogmatis
537 1841 746 1888 pradianfia,
773 1843 964 1877 testimoniis
984 1843 1024 1876 de
1041 1845 1175 1878 aud‘lore
1196 1842 1335 1892 copiofis
1353 1853 1384 1877 et
1408 1841 1545 1884 selectis,
1571 1842 1724 1877 locorum
1743 1840 1978 1890 parallelorum
2012 1858 2013 1864 ¹

257 1890 324 1927 fiue
347 1891 569 1927 consimilium
591 1903 622 1927 et
646 1896 809 1928 variarum
842 1893 1023 1928 lectionum
1055 1893 1203 1942 diligenti
1229 1893 1269 1930 ad
1297 1907 1390 1929 oram
1418 1897 1605 1935 notatione,
1639 1902 1670 1928 et
1693 1893 1859 1928 vberrimo
1882 1903 1979 1940 atque

259 1942 514 1978 elaboratil'liiuo
539 1947 783 1979 commentario
806 1943 999 1986 illustratus,
1028 1948 1084 1994 qui
1109 1948 1285 1981 stoicorum
1308 1945 1348 1981 de
1372 1948 1518 1980 moribus
1541 1956 1788 1994 praeceptorum
1812 1943 1979 1979 scitorum-

258 2007 323 2043 que
345 1994 511 2043 quoddam
532 1995 632 2030 veluti
657 1998 772 2042 copiae
793 2009 896 2031 cornu
916 1996 1073 2044 praestare
1095 1996 1210 2032 let‘lori
1233 1997 1352 2047 potest„
1381 2008 1412 2032 et
1430 1999 1529 2032 acutis
1552 1999 1584 2031 in
1607 2009 1709 2032 omne
1723 2009 1825 2045 genus
1846 1992 1979 2043 scripto·

256 2058 333 2080 rum
356 2048 454 2080 etiam
476 2044 643 2082 sacrorum
667 2045 946 2083 obseruationibus
972 2049 1069 2083 velu‘i
1091 2052 1232 2096 gemmis
1256 2049 1300 2084 est
1321 2047 1506 2091 dissindlus,
1532 2047 1709 2083 nonnullas
1730 2060 1862 2095 quoque
1884 2056 1978 2082 notas

257 2106 355 2147 atque
378 2097 624 2133 emendationes
647 2099 805 2135 locorum
826 2102 985 2135 Antonini
1008 2114 1026 2135 a
1050 2100 1232 2142 Salmafio,
1257 2102 1376 2136 Bootio
1400 2111 1431 2136 et
1457 2102 1591 2136 Patricio
1608 2102 1703 2135 lunio
1723 2111 1799 2134 cum
1814 2099 1978 2133 Gatakero

1826 2162 1978 2185 commu-

295 2241 334 2281 y)
357 2239 449 2272 Subit
461 2251 508 2272 me
523 2242 750 2282 certe-subinde,
773 2245 869 2284 inquit
885 2246 1047 2275 Gatakerus
1062 2247 1093 2275 in
1137 2248 1268 2280 tantem,
1289 2253 1380 2285 quam
1398 2246 1487 2283 longe
1501 2242 1533 2273 u'n
1547 2243 1650 2273 multis
1663 2241 1702 2272 ab
1716 2252 1751 2273 eo
1765 2241 1874 2284 absim,
1897 2240 1978 2283 quoa

257 2284 408 2326 praeloqu.
429 2285 475 2315 ita
497 2286 551 2326 ista
572 2287 643 2316 dum
663 2288 747 2325 lega,
769 2286 917 2326 alifeffum
937 2298 981 2317 me
995 2287 1094 2328 sentio
1139 2286 1223 2329 dese
1242 2288 1294 2318 vir
1313 2287 1383 2328 iste,
1408 2287 1472 2317 reri
1493 2287 1533 2316 (ω’
1546 2285 1677 2326 Jhlutem
1699 2285 1889 2325 perducentis
1909 2289 1976 2316 tra-

258 2333 286 2357 ει
315 2330 443 2366 ingenue
462 2327 610 2368 agiqu7·o‚
642 2339 699 2358 non
714 2329 822 2369 stupor
845 2331 1019 2368 duntaxat,
1049 2330 1099 2363 sed
1139 2331 1223 2361 mitis
1245 2331 1376 2370 ignarus
1399 2331 1433 2359 de
1444 2333 1481 2370 je
1508 2329 1684 2369 nrofiretur,
1706 2338 1757 2360 nec
1777 2329 1850 2371 quin
1863 2337 1932 2360 vere
1945 2329 1977 2359 et

257 2368 372 2399 hom-01·
392 2372 503 2404 etivm,
538 2381 602 2400 curn
630 2373 738 2401 arcani
767 2373 863 2401 diuini
893 2372 1098 2403 admiratione
1140 2375 1287 2414 ingenue,
1309 2371 1520 2414 ambigipoffb
1542 2372 1675 2404 videtur.

258 2412 504 2455 veliementtffima
525 2413 717 2453 coniunffus,
731 2413 815 2456 serio
837 2417 920 2456 apud
940 2425 986 2446 me
1006 2426 1098 2457 repu-
