2049 2720
173 152 256 189 108.
289 150 535 188 EDITIONES
570 149 797 191 GRAECAE,
822 148 895 185 “ET
928 150 1316 188 GRAECOLATINAE
1365 151 1440 188 Lib.
1454 151 1526 189 IV.
1538 164 1562 190 c.
1577 151 1688 195 VIII,
1741 170 1780 202 43

66 247 190 290 centia,
224 256 255 282 et
277 255 409 296 apertae
429 246 518 288 lites,
542 248 694 292 <Vtrisque
714 259 776 294 pro
799 243 943 285 diuersa,
970 259 1076 294 ¹quam
1102 243 1224 294 sequuti
1248 246 1339 287 sunt,
1375 245 1547 291 sententia,
1579 253 1779 298 argumentis

64 299 313 347 vltro-citroqne
332 300 479 346 agitatis,
499 296 703 332 ⁴tenacillinie
727 297 978 333 inhaerentibus,
1032 300 1109 333 Hoc
1135 297 1205 333 vssit
1226 302 1373 334 animum
1399 301 1571 342 Rernardi,
1600 305 1783 348 angeri-ime

64 348 218 394 feren'tis,
243 350 339 386 aliam
357 349 570 390 methodum,
595 359 707 384 contra
725 362 823 396 quam
842 346 906 397 ipse
923 349 1090 388 statuisset,
1116 349 1170 385 sibi
1191 352 1292 386 iuberi
1309 352 1495 387 ineundam.
1543 351 1681 390 Cellant
1705 369 1782 404 ope.

63 415 118 438 rae
141 404 416 452 typographitae,
442 415 510 436 nec
531 402 672 450 amplius
697 403 781 441 iam,
808 400 1053 445 democraticis,
1073 400 1354 452 *schismaticisque
1378 417 1447 438 rem
1475 404 1639 453 publicam
1662 406 1783 443 littera.

60 456 146 500 'riam
167 456 285 502 pariter
299 468 336 489 ac
351 453 482 488 ciuilem
501 463 532 488 et
545 451 789 488 ecclesiasticam
806 453 1020 496 turbantibus,
1049 452 1235 501 praesertim
1253 456 1322 503 poll
1340 456 1454 491 felleri
1467 484 1477 497 ,
1505 461 1669 506 praecipui
1686 460 1780 495 huius

64 505 217 541 editionis
232 503 342 545 fundi,
369 508 514 539 animam
533 506 566 539 in
583 504 681 539 coelis
702 515 884 553 receptam,
921 503 961 538 de
984 504 1112 540 edendo
1132 509 1260 554 integro
1282 505 1444 555 losepho,
1473 505 1628 544 sumtibus
1656 513 1780 546 vniuer-

63 556 159 593 {itatis
178 558 290 592 oxon.
306 567 373 592 erat
390 559 583 604 cogitatum.
636 555 709 591 Post
726 554 779 591 sex
791 583 801 597 ‚
829 555 1115 604 septeniueannos
1126 559 1310 594 Bernartius
1328 562 1526 607 importunis
1543 564 1641 596 trium
1663 562 1778 598 biblio.

61 609 217 658 polaruin
236 610 346 644 Oxon.
364 610 510 656 precibus
528 610 648 650 vidlus,
676 621 758 656 opus
777 608 855 643 illud
871 608 982 644 denuo
996 611 1030 643 iii
1053 623 1168 644 manus
1194 609 1318 652 sumsit,
1344 613 1409 646 iam
1427 615 1644 648 contractiori
1666 611 1778 650 forma

63 661 103 696 ad
120 659 297 695 modulum
314 663 395 696 noui
417 658 603 707 speciminis
623 659 872 708 publicandum.
925 662 1035 709 Qum
1061 675 1157 704 vero,
1183 661 1341 710 flagrante
1365 662 1473 704 bello,
1500 674 1592 699 tanto
1617 668 1711 700 oneri
1733 663 1779 701 fe-

61 711 166 748 rendo
183 713 236 747 vix
252 710 369 754 effent,
397 714 506 760 paucis
529 709 650 747 schedis
663 711 838 760 impressis,
865 715 930 747 iam
948 712 1018 748 suae
1035 717 1222 749 temeritatis
1238 716 1401 757 conuicti,
1424 726 1460 750 et
1484 714 1541 762 ipfi
1567 729 1699 765 quoque
1723 716 1778 753 de·

62 764 218 800 stiterunt.
269 767 439 813 Qantum
457 777 534 799 vero
548 766 590 798 in
613 766 707 799 omni
728 763 910 799 litterarum
936 777 1056 812 genere
1079 765 1269 801 excelluerit
1291 768 1495 809 Bernardus,
1528 767 1659 816 qualem
1684 770 1778 818 poly-

61 815 203 856 hissoni,
225 825 256 851 et
273 819 441 861 criticum,
460 826 588 863 -quanta
610 813 781 851 subtilitate
804 818 945 864 ingenii,
979 830 1079 865 quam
1103 815 1213 852 solerti
1234 818 1415 866 pollentem
1432 818 1582 866 iudicio,
1606 834 1709 865 quain
1732 824 1779 856 in-

52 866 266 903 ·tricatiffimis
282 878 473 915 temporum
490 864 772 914 supputationibus
795 867 1007 911 adcuratum,
1034 882 1131 917 quam
1155 872 1188 904 in
1212 869 1418 919 scriptoribus
1441 874 1593 905 oninium
1614 863 1778 920 {generum

61 919 186 962 latinis,
223 922 364 967 graeeiS,
398 917 589 961 chaldaicis,
618 916 769 964 syriacis,
802 920 952 960 arabicis,
983 923 1196 963 armeniacis,
1229 925 1363 969 copticis
1390 922 1539 970 legendis
1566 921 1777 966 familiarem,

49 984 162 1019 squam
179 973 406 1020 antiquitatum
423 967 583 1005 sacrarum
601 968 883 1020 profanarumque
898 973 999 1019 probe
1015 973 1201 1014 callentem,
1222 976 1255 1008 in
1268 971 1415 1015 scholiis,
1443 973 1722 1017 adnotationibus,
1748 986 1780 1012 et

60 1021 332 1058 differtationibus
350 1024 383 1056 in
398 1024 453 1057 iv.
470 1023 566 1056 libros
582 1022 746 1058 archaeol.
765 1034 797 1057 et
812 1032 941 1070 partem
959 1026 1081 1071 quinti,
1105 1021 1137 1058 se
1161 1025 1370 1070 praestiterit,
1397 1023 1625 1073 superuacanei
1649 1030 1710 1062 erit
1730 1027 1779 1063 'la-

62 1075 169 1120 boris,
196 1076 251 1108 hic
275 1071 624 1120 pluribusrollendere,
650 1086 754 1122 quum
781 1072 814 1107 id
840 1077 904 1108 iam
928 1086 1062 1115 omneS,
1106 1074 1265 1111 distractis
1290 1075 1545 1124 exemplaribuS,
1580 1080 1712 1121 norint,
1746 1089 1778 1115 et
1799 1075 1804 1078 ”

61 1127 166 1162 vbiuis
183 1124 219 1159 sit
234 1124 504 1160 tellatillimuin.“
550 1126 629 1172 Ego
647 1123 793 1172 quidem,
818 1135 871 1166 vt,
898 1125 974 1172 quid
993 1123 1125 1160 sentiam
1140 1130 1292 1161 tot-inter
1304 1131 1457 1163 ‘virorum
1472 1127 1778 1167 litteratissimorum

61 1175 188 1213 diuersa
211 1176 251 1211 de
275 1175 473 1211 Bernardina
497 1173 623 1224 losephi
648 1174 838 1210 recensione
864 1175 1000 1218 iudicia,
1027 1177 1174 1211 modeste
1199 1180 1366 1223 aperiam,
1401 1179 1626 1227 diligentiam,
1659 1192 1690 1216 et
1717 1184 1778 1217 im..

13 1236 22 1241 “
59 1226 207 1265 mensam
225 1227 378 1263 Bernardi
399 1225 582 1262 doctrinam
600 1239 769 1268 reuereor,
798 1224 944 1262 effudiss'e
959 1239 1069 1262 tamen
1094 1231 1128 1262 in
1147 1226 1322 1275 losephum
1345 1243 1558 1280 quaecunque
1579 1230 1689 1274 sciuit,
1713 1231 1779 1269 sine

58 1279 140 1316 sano
153 1279 302 1327 deledlu,
328 1279 492 1328 dignaque
510 1276 699 1317 subtilitate,
727 1291 796 1313 non
812 1279 975 1319 diffiteor,
1001 1293 1061 1314 nec
1078 1279 1152 1314 talia
1167 1278 1261 1315 fuiile
1275 1281 1345 1316 libri
1364 1279 1430 1316 fata
1452 1285 1565 1318 miror.
1620 1285 1778 1320 Ceterum

61 1328 265 1368 Bernardina
282 1330 401 1372 editio,
429 1343 553 1365 annum
571 1332 716 1368 MDCC.
741 1332 795 1379 qui
812 1341 845 1365 vt
858 1344 952 1366 verus
967 1346 985 1366 a
1001 1331 1150 1367 Fabricio
1172 1343 1204 1367 et
1227 1336 1259 1368 in
1275 1333 1350 1368 bibl.
1367 1332 1436 1368 hist.
1459 1348 1476 1368 a
1499 1331 1663 1369 Meuselio
1681 1334 1778 1378 edita,

60 1384 226 1424 statuitur,
244 1385 329 1431 *prae
345 1380 377 1417 se
392 1380 516 1429 ferens,
544 1395 636 1418 nouo
653 1393 780 1417 tantum
802 1379 1005 1430 frontispicio
1024 1396 1143 1418 venum
1162 1381 1223 1419 fuit
1245 1399 1263 1419 a
1287 1385 1474 1432 bibliopolis
1498 1386 1659 1434 expolita;
1686 1401 1778 1423 nam-

5 1433 20 1445 ”
61 1449 124 1486 que
141 1439 205 1471 iam
223 1438 307 1480 1691.
330 1436 459 1482 lttigio‚
485 1447 553 1483 quo
570 1431 625 1469 sua
642 1437 675 1469 in
689 1432 753 1470 los.
776 1434 1022 1483 prolegomena
1043 1432 1228 1485 scripserat,
1253 1439 1360 1485 prima
1382 1439 1449 1472 iam
1472 1438 1691 1473 Bei‘nardinae
1713 1438 1778 1474 edi·

49 1490 155 1524 lionis
175 1485 258 1521 folia
271 1484 405 1522 fuerunt
423 1483 496 1521 visa.
1585 1527 1587 1529 ,

164 1537 322 1574 Tandem
338 1537 515 1586 aliquando
530 1539 684 1573 omnium
703 1536 866 1574 desideriis
881 1536 959 1574 fecit
975 1535 1064 1581 satis,
1081 1552 1295 1587 omnemque
1309 1543 1476 1584 omnium,
1494 1540 1534 1576 de
1548 1538 1694 1589 iosepho
1712 1555 1778 1578 me-

61 1591 205 1627 rentium
222 1600 262 1626 ct
281 1590 562 1630 contendentium,
585 1589 744 1637 superauit
768 1588 862 1625 ausus
887 1589 1124 1639 fortunamque
1143 1592 1296 1626 Bernardi
1319 1593 1470 1641 gentilis,
1498 1595 1632 1627 Ioannes
1653 1594 1779 1641 Hudsb-

62 1655 138 1683 nuso,
164 1643 221 1691 qui
235 1654 360 1691 praeter
376 1643 437 1677 alia
451 1644 485 1676 in
500 1655 571 1678 rem
587 1643 774 1677 litterariam
799 1645 931 1684 merita,
957 1645 1054 1677 etiam
1072 1640 1200 1692 losephi
1223 1657 1323 1691 opera
1342 1644 1382 1679 ad
1404 1642 1669 1692 perfec‘hss'imain
1696 1645 1779 1681 mul-

35 1710 39 1713 ·
60 1700 174 1730 torum
195 1707 359 1729 annorum
383 1692 498 1728 sudore
518 1693 641 1729 ‘limam
658 1697 819 1729 reuocata
841 1707 930 1737 1720.
942 1693 1033 1729 dedit
1051 1694 1178 1730 Oxom'i
1193 1709 1217 1730 >e
1240 1697 1370 1731 theatro
1395 1695 1635 1732 Sheldoiiiaiio.
1690 1698 1778 1732 Grati

63 1749 162 1782 animi
179 1744 367 1780 testificandi
389 1743 494 1780 cauffa
509 1747 593 1780 hanc
610 1745 787 1781 editionem
806 1747 926 1781 Iacobo
942 1747 1080 1794 Bruges,
1099 1746 1181 1782 *duci
1203 1745 1244 1781 de
1263 1747 1435 1789 Chandos,
1463 1750 1646 1783 marchioni
1673 1758 1703 1782 et
1726 1761 1779 1794 cp-

63 1799 134 1833 miti
158 1796 198 1831 de
218 1799 412 1832 Carnaruon
433 1799 464 1831 et
489 1797 602 1832 bai-oni
620 1798 775 1833 Chaiidos
799 1797 839 1832 de
857 1797 998 1843 Sudeley
1025 1797 1199 1835 dedicauit.
1258 1799 1333 1834 Post
1355 1798 1544 1834 diuturnum
1568 1799 1777 1846 languorem,

63 1848 218 1896 hydrope
231 1849 402 1885 exssiiic'lus
415 1846 553 1883 disceffit
573 1848 613 1884 ad
638 1847 768 1897 superos
791 1848 820 1883 d.
839 1861 890 1892 27.
906 1851 1050 1885 Nouem.
1070 1863 1156 1895 ¹7¹9·
1182 1860 1275 1886 aetat.
1300 1853 1427 1886 circiter
1440 1862 1492 1896 57.
1521 1851 1601 1886 dum
1629 1850 1778 1897 suprema

15 1900 26 1943 J
64 1913 182 1937 manus
199 1903 290 1948 operi
307 1903 506 1948 imponitur,
533 1910 564 1935 et
582 1902 615 1934 in
631 1901 823 1936 excudendo
839 1900 945 1936 indice
961 1904 1031 1948 typi
1054 1900 1238 1942 versantur,
1261 1900 1429 1949 praefandi
1450 1915 1583 1950 quoque
1601 1904 1777 1950 prouincia

65 1952 137 1987 aliis
160 1951 333 1992 derelic'la,
361 1965 459 2000 quam
482 1965 542 1999 pro
569 1949 622 1986 sua
645 1956 678 1986 in
700 1951 892 1988 defundium
917 1955 1035 2000 pietate
1057 1950 1192 2000 suscepit
1217 1953 1382 1987 Antonius
1403 1954 1544 1989 Hamus.
1598 1952 1775 1989 Hudstnio

62 2002 106 2038 ad
134 2015 249 2038 manus
271 2013 362 2038 erant
385 2015 501 2037 omnes
524 2014 585 2037 vet.
603 2001 730 2051 losephi
753 2007 988 2050 interpretum,
1020 2015 1052 2039 et
1073 2014 1175 2038 textus
1200 2006 1307 2053 graeci
1328 2004 1498 2040 editiones.
1552 2004 1661 2040 Codd.
1680 2005 1776 2040 MSS.

65 2054 178 2091 itidem
198 2052 266 2089 fere
280 2067 394 2089 omnes
413 2055 462 2089 vel
478 2051 543 2099 ipse
557 2054 660 2088 oculis
675 2054 882 2097 lussrauerat,
909 2056 960 2090 vel
973 2055 1131 2090 ledtiones
1149 2070 1185 2096 ex
1205 2059 1252 2101 iis,
1268 2057 1306 2090 ab
1322 2056 1389 2091 aliis
1405 2056 1570 2096 comecias,
1588 2056 1776 2104 pritlidebat.

13 2102 16 2105 ’
67 2108 268 2152 Criticorum
285 2109 380 2141 etiam
401 2106 471 2152 poll
489 2107 605 2140 litteras
623 2106 808 2141 instauratas
835 2105 1174 2152 praestantiss'imorum
1197 2106 1310 2142 scrinia
1332 2107 1505 2155 diligenter
1525 2106 1720 2147 excuil'erat,
1745 2115 1777 2143 et

67 2156 93 2193 fi
109 2157 185 2206 quid
203 2158 283 2193 lucis
299 2156 374 2192 inde
390 2157 430 2192 ad
452 2155 620 2203 lnsephum
639 2155 729 2192 suum
754 2157 978 2192 illustrandum
1004 2159 1123 2194 haur¹ri
1149 2157 1238 2207 posse
1260 2158 1443 2200 videbatur,
1471 2158 1500 2193 id
1521 2172 1620 2193 omne
1636 2162 1665 2193 in
1685 2171 1777 2194 notas

67 2206 138 2245 suas
155 2209 366 2251 transtulerat.
418 2210 562 2244 Textum
582 2223 734 2257 graecum
747 2208 992 2255 diligentiss'ime
1006 2214 1219 2258 recognouit,
1242 2221 1273 2247 et
1294 2210 1333 2245 ad
1355 2210 1450 2246 codd.
1473 2218 1624 2250 correxit,
1651 2223 1776 2245 errores

67 2262 343 2309 typographicos,
366 2262 421 2308 qui
443 2263 473 2294 in
498 2264 622 2308 priores
648 2261 805 2296 editiones
827 2259 1035 2308 irrepserant,
1063 2261 1200 2298 studiose
1226 2260 1366 2305 sustulit3
1393 2263 1569 2297 nonnullos
1596 2275 1702 2296 ‹aiii-„n
1723 2271 1777 2297 aut

69 2311 138 2362 ipse
152 2313 300 2360 reliquit,
324 2322 379 2346 aut
395 2309 524 2347 foi-rasse
542 2316 638 2348 etiam
655 2312 798 2353 admisit,
827 2317 879 2362 qui
901 2314 1118 2350 nihilominus
1140 2327 1276 2354 onineS,
1302 2325 1422 2362 quanta
1448 2315 1514 2347 lieri
1540 2316 1661 2360 prwuit,
1689 2326 1778 2357 cura,

69 2363 111 2399 ad
129 2364 226 2399 finem
243 2366 350 2412 operis
367 2365 528 2398 emendati
545 2366 746 2400 exhibentur.
802 2367 860 2406 Et,
888 2378 963 2399 cuiii
982 2376 1070 2400 vetus
1096 2363 1223 2413 losephi
1248 2368 1399 2412 interpres
1423 2365 1671 2411 iiiiperitillinws
1695 2381 1711 2399 a
1729 2365 1779 2400 lo-

23 2421 26 2423 ’
70 2411 172 2466 sepho
185 2415 350 2466 Scaligero
365 2415 543 2466 adpellatus
559 2414 652 2461 estet,
676 2430 783 2467 neque
799 2417 930 2466 Sigioili.
947 2419 1101 2453 Gelenius
1127 2420 1222 2454 omni
1241 2430 1282 2453 ex
1304 2428 1397 2468 parte
1419 2416 1550 2454 eruditis
1573 2414 1617 2452 sat
1636 2415 1692 2450 »ἴω
1704 2414 1781 2459 iiset,

764 2483 767 2484 ⁷
947 2469 973 2504 F
998 2479 1019 2506 2
1657 2481 1783 2505 nouam
