2049 2720
394 131 460 169 ET
492 131 674 182 Quom
706 108 1041 178 GENVmORx'rM.
1075 133 1294 171 accensio
1349 133 1500 172 Lsz.
1520 146 1543 170 c.
1560 134 1670 172 xlx.
1723 149 1779 183 435

164 230 215 274 65.
241 226 408 274 Ὑγιεινῶν
427 223 525 269 λέγω
551 221 590 266 ς’.
641 226 698 261 Do
710 225 856 272 sanitate
881 225 1017 266 tuenda,
1051 226 1124 260 libri
1139 227 1208 274 fix.
1271 227 1404 268 Exstant
1429 231 1463 263 in
1485 227 1600 264 Aldina
1621 240 1701 279 part.
1720 232 1776 266 IV.

62 274 128 317 fol.
145 291 169 315 1.
196 282 230 314 in
243 292 360 327 graeca
375 276 466 312 Baffl.
481 287 563 327 part.
578 277 632 311 lV.
649 289 725 325 pag.
738 289 809 311 220.
834 278 868 311 in
883 275 959 311 edit.
978 277 1140 311 Charterii
1162 288 1241 314 tom.
1259 280 1315 314 Vl.
1329 292 1404 327 pag.
1421 291 1474 322 40.
1501 282 1535 315 in
1552 278 1686 328 septima
1706 285 1778 317 lun-

62 339 172 366 tarum
193 327 276 365 class‘.
295 331 332 364 ΙΙ.
356 326 416 364 fol.
431 330 483 364 62.
536 330 707 364 Memorat
721 328 863 362 Galenus
879 330 963 364 inter
977 324 1050 363 suos
1069 329 1101 363 in
1117 328 1187 364 libr.
1203 339 1260 365 art.
1278 329 1364 366 med.
1384 344 1452 379 cap.
1470 341 1518 375 37.
1548 342 1579 366 et
1598 334 1631 366 in
1651 332 1723 368 libr.
1740 333 1779 368 de

61 379 135 416 libr.
151 383 301 430 propriis.
353 381 440 416 Citat
457 379 601 415 Galenus
617 380 651 414 in
668 380 719 414 his
737 378 777 414 de
796 376 928 414 sanitate
946 377 1066 414 tuenda
1086 379 1176 414 libris
1192 379 1292 416 libros
1309 380 1350 416 de
1365 383 1576 429 Hippocratis
1592 392 1621 417 et
1638 383 1779 419 Platonis

62 430 222 475 decretis;
249 431 290 467 de
312 433 597 479 temperamentis;
620 430 741 466 librum
761 428 802 466 ad
822 427 1072 473 Thrasybulum
1095 440 1204 466 vtrum
1227 432 1408 468 medicinae
1429 431 1466 467 sit
1487 432 1538 468 vel
1561 434 1779 482 gymnastices

63 483 227 531 hygiene3
257 483 298 519 de
318 482 508 525 marasmo‚'
529 481 571 518 de
591 491 657 518 arte
679 479 823 522 medica,
848 481 889 516 de
909 481 1144 518 alimentorum
1165 479 1388 528 facultatibus;
1412 482 1453 518 de
1468 485 1543 518 cibis
1559 486 1636 520 boni
1654 496 1685 521 et
1699 487 1779 521 mali

63 533 171 576 succi3
203 533 244 570 de
264 543 448 570 attenuante
472 535 573 570 vidtus
595 536 730 572 ratione.
791 531 911 581 Estque
935 529 1125 568 referendus
1147 536 1229 568 inter
1255 534 1370 570 Galeni
1391 537 1538 583 optimos
1564 536 1664 571 libros
1683 546 1778 586 atque

62 582 351 626 elaboratiffimos,
387 597 491 634 quos,
528 595 685 620 monente
709 582 826 620 nostris
855 583 962 619 adhuc
984 585 1187 632 temporibus
1211 583 1363 627 Tissoto‚
1399 589 1470 620 viro
1493 583 1644 629 summo,
1677 602 1777 625 nemo

61 634 270 672 medicorum
295 633 392 671 fuerit
411 633 614 684 adsequutus.
643 654 692 662 -
726 635 845 671 Codex
865 647 1000 682 graecus
1024 635 1068 671 est
1091 638 1125 670 in
1151 635 1223 671 bibl.
1248 637 1326 672 Diu.
1344 638 1449 671 Marci
1472 637 1513 671 V
1511 644 1587 672 met.
1612 636 1689 673 saec.
1707 640 1776 673 XII.

63 685 139 722 cod.
155 688 362 722 CCLXXVL
423 686 516 722 Alius
539 686 583 722 est
603 685 678 721 ibid.
705 685 787 723 saec.
803 688 873 721 XV.
898 686 971 722 cod.
987 688 1204 722 CCLXXXII.
1236 708 1287 715 —
1319 686 1436 723 Codex
1458 688 1621 723 hebraicus
1644 702 1683 724 ex
1703 692 1780 726 Ara-

60 736 137 773 bico
159 734 265 774 versus
289 752 308 774 a
329 739 370 773 R.
388 738 512 774 Chanin
529 740 585 773 ben
601 737 693 785 Isaac
716 738 760 773 est
788 739 822 773 in
849 736 995 773 biblioth.
1019 736 1144 775 Caesar.
1171 739 1315 774 Vindoh.
1340 739 1491 774 Lambec.
1516 738 1590 775 edit.
1615 739 1736 778 Kollar.
1753 744 1778 778 1.

60 800 141 838 pag.
157 801 225 834 291.
254 808 306 816 -—
331 788 446 825 Codex
461 791 604 828 latinus,
634 798 665 824 et
680 788 812 838 quidem
830 803 871 824 ex
887 790 1011 824 arabica
1027 788 1174 825 versione
1193 788 1317 832 fanus,
1343 800 1486 825 vertente
1503 791 1634 826 Nicolao
1646 793 1684 826 de
1700 793 1780 827 Rhe.

55 841 117 886 gio
134 847 164 875 et
182 841 442 887 Burgundione‚
469 840 572 876 iudice
594 839 725 887 Pisano,
752 840 796 877 est
818 843 850 875 in
873 840 949 876 bibl.
972 840 1059 887 publ.
1079 842 1188 888 Paris:
1210 843 1777 880 nr.MMMMMM1)CCCLXVlI.

61 890 206 926 Galenus
230 890 271 926 de
291 889 423 927 sanitate
445 889 582 928 fruenda
607 891 652 927 est
673 894 708 926 in
726 894 893 928 Vaticana.
923 891 1047 928 Montf.
1069 905 1144 941 pag.
1163 899 1213 932 28.
1239 912 1286 919 —
1314 891 1437 928 Prodiit
1446 904 1576 938 graece:
1603 895 1718 930 Galmi
1737 894 1778 931 de

59 940 182 977 tuenda
202 941 385 978 valetudine
405 943 478 977 libri
491 945 546 979 vl.
571 956 705 991 graece,
732 941 772 978 ad
786 942 906 978 vetusta
922 944 1122 991 exemplaria
1137 943 1278 990 castigati
1295 956 1354 990 per
1369 946 1419 978 Io.
1438 944 1560 979 Caium.
1585 944 1674 979 Bafil.
1691 957 1778 992 1549,

59 999 92 1033 8.
108 996 129 1020 *
155 1013 204 1019 -
231 996 319 1028 Cum
345 993 430 1036 aliis,
450 1004 481 1029 et
497 994 615 1040 Prosp.
633 994 756 1028 Gelenii
777 993 961 1040 paraphrasi
982 993 1103 1042 prodiit
1124 1002 1203 1039 1538.
1222 1001 1252 1035 8.
1279 1014 1318 1020 --
1354 996 1488 1033 Latine,
1515 997 1689 1044 interprete
1715 998 1777 1034 Th.

58 1043 213 1079 Linacro.
250 1042 345 1079 Paris.
371 1058 428 1092 per
447 1044 534 1081 Guil.
552 1045 713 1080 Rubeum.
738 1056 817 1089 1517.
833 1042 894 1080 fol.
910 1048 929 1067 ²²
963 1046 1078 1080 Venet.
1093 1056 1174 1089 1523.
1193 1048 1255 1087 4.*
1288 1044 1470 1086 Coloniae,
1497 1049 1579 1091 1526.
1596 1053 1625 1087 8.
1640 1051 1662 1075 *
1683 1045 1775 1084 Paris

58 1099 144 1139 1526.
160 1106 191 1138 4.
219 1106 305 1139 1530.
320 1092 381 1130 fol.
410 1103 489 1142 1538.
505 1094 565 1133 fol.
599 1094 706 1144 Lugd.
728 1103 810 1138 1548.
825 1107 868 1130 12.
905 1095 1010 1144 Lugd.
1027 1099 1209 1141 1549.12.*
1237 1108 1318 1142 1559.
1337 1108 1378 1133 12,
1466 1098 1533 1132 Th.
1554 1099 1683 1132 Linacri
1708 1111 1776 1134 ver.

50 1143 186 1183 ,fionem
210 1150 407 1194 recognouit
438 1157 533 1194 atque
556 1144 596 1181 ad
623 1159 820 1194 graecorum
848 1147 1089 1195 exemplarium
1116 1145 1219 1182 fidem
1246 1145 1434 1182 emendauit
1453 1150 1540 1194 Aug.
1557 1149 1774 1186 Gadaldinus.

57 1195 256 1232 Emendauit
285 1196 437 1233 eamdem
461 1199 650 1244 Hicronym.
669 1197 897 1232 Douzelsinus.
933 1217 982 1224 —
1022 1200 1175 1232 Vertente
1201 1197 1331 1232 Albano
1353 1198 1480 1233 Torino.
1515 1197 1608 1234 Basil.
1631 1209 1717 1244 1538.
1743 1207 1773 1242 8.

55 1248 191 1282 Nouam
213 1246 395 1283 verfionem
419 1248 575 1290 latinam,
601 1260 738 1296 eamque
759 1250 941 1295 optimam,
971 1246 1114 1283 confecit
1135 1245 1228 1295 Casp.
1247 1246 1443 1293 Hofmann,
1470 1250 1504 1283 in
1527 1261 1711 1286 comment.
1736 1254 1771 1288 in

53 1299 148 1334 hunc
159 1298 230 1334 libr.
247 1312 328 1334 mox
343 1298 496 1335 dicendis.
522 1319 572 1326 —
597 1299 719 1334 Italiac.
744 1299 873 1345 Ioseplw
894 1298 1030 1333 Galiano
1047 1301 1226 1348 interprete.
1254 1300 1428 1341 Panormi,
1455 1303 1542 1344 1650.
1560 1309 1589 1342 8.
1615 1321 1663 1328 —
1694 1303 1774 1338 Ger-

57 1351 176 1386 manice
197 1350 270 1385 libri
287 1353 309 1384 1.
331 1364 403 1400 cap.
421 1363 451 1394 7.
479 1362 577 1397 vsque
601 1349 640 1385 ad
665 1348 874 1384 vn'decimum
900 1349 1040 1397 prodiit,
1065 1360 1209 1386 vertente
1229 1352 1277 1385 10.
1298 1352 1416 1387 carolo
1434 1350 1659 1398 Osterhaufin,
1686 1356 1718 1388 in
1743 1354 1772 1390 b.

62 1401 234 1439 thmcri
255 1402 376 1437 Archiv
398 1399 452 1437 fiir
474 1399 525 1436 die
545 1399 735 1436 Geschichte
757 1400 816 1436 der
834 1400 1080 1446 Arzneykunde
1101 1403 1135 1437 B.
1154 1404 1177 1436 1.
1200 1402 1245 1436 St.
1263 1402 1285 1436 Ι.
1308 1414 1382 1450 pag.
1398 1403 1447 1448 56.
1497 1402 1636 1438 Molitus
1657 1404 1703 1440 est
1719 1404 1772 1442 Cl.

57 1450 272 1488 Osterhausen
292 1455 591 1501 interpretationem
616 1455 837 1500 germanicam
859 1454 952 1487 huius
975 1453 1065 1493 libri,
1092 1466 1175 1502 quae
1196 1453 1351 1488 hactenus
1375 1453 1484 1488 lucem
1509 1462 1619 1490 tamen
1634 1467 1706 1490 non
1725 1457 1771 1496 vi-

57 1501 113 1541 dit.
140 1523 190 1529 --
216 1506 456 1539 Commentarii
470 1506 503 1538 in
524 1505 610 1538 hunc
628 1504 748 1539 librum
764 1502 853 1538 sunt:
880 1504 997 1539 Galeni
1011 1503 1052 1539 de
1069 1502 1198 1539 sanitate
1212 1503 1332 1539 tuenda
1348 1503 1420 1539 libri
1438 1501 1490 1538 sex
1504 1518 1522 1539 a
1546 1505 1605 1540 Th.
1620 1507 1772 1548 Linacro,

56 1554 183 1602 Anglo,
210 1554 368 1590 latinitate
392 1555 504 1590 donati
527 1564 557 1590 et
576 1552 664 1590 nunc
685 1568 795 1591 recens
816 1556 1081 1590 annotationibus
1104 1554 1177 1591 sane
1199 1554 1372 1590 luculentis
1389 1565 1420 1591 et
1438 1568 1520 1604 quae
1541 1561 1772 1599 commentarii

57 1606 129 1641 viee
152 1603 214 1640 effe
235 1598 368 1654 poffint,
401 1621 419 1641 a
439 1606 626 1641 Leonhardo
643 1607 771 1655 Fuchsto
796 1606 951 1641 illustrati.
983 1607 1131 1654 Tubing.
1157 1617 1234 1651 1541.
1258 1614 1289 1647 8.
1305 1610 1321 1627 ²*
1381 1609 1617 1643 Annotationes
1643 1608 1771 1644 Fuchfii

56 1657 190 1693 titulum
211 1658 409 1707 peculiarem
430 1659 556 1693 habent.
583 1678 633 1684 --
658 1658 798 1693 Antonii
813 1658 944 1693 Raberii
967 1668 1147 1694 comment.
1170 1660 1202 1693 in
1225 1657 1295 1693 libr.
1313 1660 1337 1693 1.
1362 1656 1556 1707 prodierunt
1577 1658 1667 1694 Bafil.
1685 1672 1772 1705 1547.

54 1705 120 1743 fol.
148 1727 197 1736 —-
223 1710 494 1755 lacohiBora'ing
511 1719 692 1744 comment.
721 1713 810 1753 1605.
829 1720 859 1751 4.
886 1728 936 1736 —
963 1712 1038 1745 Vita
1061 1709 1205 1750 medica,
1231 1711 1297 1744 hoc
1318 1707 1361 1744 est
1385 1710 1501 1744 Galcm
1518 1708 1679 1756 ὑγιεινῶν,
1705 1711 1771 1747 fiue

56 1758 206 1794 methodi
223 1757 362 1796 sanitatis
383 1759 521 1795 tuendae
544 1760 618 1795 libri
637 1761 692 1795 Vl.
720 1773 808 1794 noua
830 1773 932 1808 eaque
954 1763 1107 1797 omnium
1129 1758 1534 1796 accuratiffima*verfione
1558 1772 1589 1797 et
1607 1766 1771 1812 perpetuis

57 1814 303 1846 commentariis
325 1821 358 1847 et
379 1811 638 1858 castigationibus
662 1810 810 1845 illustrati
836 1825 854 1845 a
878 1811 976 1857 Gaffi-
995 1814 1195 1858 Hcffmanno.
1250 1812 1394 1846 Curante
1415 1812 1592 1857 Sebastiano
1608 1814 1771 1860 Scbeffiro.

56 1859 210 1896 Francos.
227 1865 318 1901 1680.
334 1874 365 1904 4.
381 1866 399 1885 *
451 1864 532 1897 Boni
557 1859 630 1896 sunt
649 1863 684 1896 hi
707 1865 959 1906 commentarii,
992 1866 1100 1898 minus
1124 1872 1236 1898 tamen
1259 1860 1300 1897 ad
1320 1862 1394 1897 libri
1415 1861 1512 1910 ipsius
1535 1865 1770 1914 interpretatio-

56 1924 153 1954 nem,
179 1914 283 1959 magis
303 1911 345 1947 ad
363 1911 552 1953 diaereticen
571 1914 752 1959 generatim
774 1911 941 1949 facientes.

159 2014 214 2049 66.
241 2013 320 2061 Περὶ
339 2013 473 2063 τροφῶν
495 2008 664 2061 δυνάμεως
687 2012 822 2057 βιβλία
837 2010 881 2059 γ’.
934 2014 989 2049 De
1005 2014 1224 2050 alimentorum
1235 2014 1452 2061 facultatibus
1473 2016 1548 2051 libri
1561 2017 1636 2054 III.
1688 2019 1770 2054 Sunt

59 2064 95 2100 in
118 2063 194 2099 edit.
220 2063 329 2099 Aldin.
354 2075 432 2112 part.
448 2067 500 2100 IV.
522 2062 581 2100 fol.
598 2076 647 2109 45.
684 2068 715 2099 in
739 2077 855 2112 graeca
878 2063 971 2099 Bafil.
995 2076 1075 2112 part.
1093 2069 1149 2101 IV.
1172 2079 1246 2114 pag.
1259 2078 1328 2109 303.
1355 2069 1388 2100 in
1409 2068 1481 2103 edit.
1503 2070 1586 2105 Ren.
1606 2070 1768 2104 Charterii

59 2123 141 2150 tom.
160 2117 216 2150 Vl.
240 2128 312 2164 pag.
327 2128 400 2157 300.
427 2119 461 2150 in
483 2114 616 2164 septima
638 2117 802 2150 luntarum
826 2113 911 2150 class.
929 2118 966 2150 ΙΙ.
986 2115 1044 2152 fol.
1060 2130 1090 2160 7.
1143 2118 1219 2152 Non
1243 2119 1318 2152 citat
1337 2120 1425 2152 hunc
1445 2119 1564 2154 librum
1587 2122 1671 2155 inter
1695 2119 1767 2155 suos

60 2167 204 2201 Galenus
227 2169 259 2200 in
279 2167 365 2202 libro
387 2165 427 2201 de
447 2166 518 2202 libr.
537 2168 676 2215 propriis
695 2177 725 2201 et
744 2168 778 2200 in
794 2176 861 2201 arte
877 2165 1024 2210 medica,
1051 2181 1120 2215 cap.
1134 2181 1182 2213 37.
1235 2168 1320 2203 Citat
1340 2182 1416 2204 vero
1435 2173 1469 2204 in
1492 2169 1565 2219 ipfis
1585 2172 1632 2206 his
1653 2170 1692 2206 de
1713 2171 1768 2206 ali-

61 2227 247 2253 mentorum
270 2215 477 2253 facultatibus
502 2218 590 2252 libris
613 2217 710 2253 libros
730 2217 778 2253 de*
796 2217 994 2267 simplicium
1016 2219 1333 2255 medicamentorum
1358 2218 1582 2263 facultatibus3
1622 2221 1662 2256 de
1687 2232 1766 2257 tem·
1828 2222 1832 2225 ‘

59 2271 273 2316 peramentis;
300 2269 339 2304 de
356 2269 459 2304 diaeta
478 2266 652 2311 sanorum3
680 2272 935 2304 commentarios
958 2272 991 2304 in
1009 2271 1219 2319 Hippocratis
1242 2270 1361 2306 librum
1385 2271 1425 2307 de
1448 2271 1550 2307 diaeta
1572 2282 1765 2315 acutorum;

61 2317 102 2354 de
124 2319 282 2354 methodo
304 2319 474 2363 medendi3
497 2319 538 2355 de
560 2318 690 2355 sanitate
711 2319 839 2357 tuenda.
891 2321 980 2356 Hinc
996 2322 1039 2357 est
1057 2321 1171 2357 Galeni
1195 2334 1276 2371 opus
1292 2321 1509 2371 conscriptum
1526 2324 1564 2358 ab
1580 2336 1638 2365 eo,
1662 2336 1766 2371 quum

63 2380 164 2414 aetate
186 2368 260 2406 effet
281 2374 344 2407 iam
367 2373 565 2422 prouectior.
593 2391 644 2399 -—
672 2373 816 2419 Epiruma
835 2383 951 2420 graeca
972 2385 1011 2408 ex
1033 2375 1097 2409 hoc
1119 2373 1201 2409 libro
1224 2373 1322 2409 exstat
1344 2376 1377 2409 in
1396 2374 1542 2408 biblioth.
1559 2374 1765 2460 Tauridnensi.

891 2423 945 2458 lii
972 2437 990 2460 2
1614 2438 1654 2461 co
1680 2454 1687 2460 .
1709 2427 1764 2461 VI.
