2013 2725
197 166 257 191 ιω
344 150 418 186 Lib.
434 146 507 183 IV.
521 158 543 181 c.
558 144 606 181 X.
754 141 879 178 FLAV.
907 140 1096 177 ARRIANI
1130 141 1335 178 PERIPLVS
1518 141 1581 170 Vol.
1596 143 1644 171 m.
1661 150 1687 175 x).
1705 145 1915 178 εἷπε-,17473

199 245 273 283 soni
288 243 362 279 edit.
380 246 460 279 min.
478 253 593 291 geogr.
610 251 716 287 graec.
735 239 770 272 in
784 241 886 287 capite
900 238 940 272 11.
955 239 1048 272 huius
1062 235 1136 271 libri
1151 246 1182 272 et
1199 235 1265 272 vol.
1284 238 1338 271 IV.
1353 234 1425 272 sunt
1441 235 1603 273 adnotata.
1655 238 1763 273 Italice
1785 249 1919 287 quoque

198 303 233 335 in
248 297 445 332 eolledtione
462 305 521 329 ete.
541 290 686 328 Ramulii
700 292 738 325 II.
755 288 813 325 fol.
838 303 913 339 pag.
934 301 998 335 137.
1026 291 1141 324 Venet.
1169 289 1233 323 vid.
1250 289 1340 323 catal.
1355 289 1430 325 bibl.
1449 290 1651 337 Tigurinae‚
1676 299 1758 331 tom.
1776 291 1798 325 I.
1814 303 1849 340 p.
1864 301 1920 334 70.

200 369 249 377 -—
277 352 393 384 Venet.
414 358 496 392 1559.
512 343 574 383 fol.
603 347 636 379 in
662 341 754 378 catal.
771 342 848 378 bibl.
865 342 1027 376 Barberin.
1044 343 1068 376 1.
1093 353 1168 389 pag.
1184 352 1237 386 79.
1265 341 1378 387 Harl]

300 420 699 471 m.neernA0T2
742 417 852 458 ΤΗἘ
891 417 1141 456 ἙΡΥΘΡΧΣ
1183 415 1921 465 ΘΑΛΛΈΣΗΣ,ΙΜψωιωΜὴΕὴμ

200 478 304 513 thraci
334 477 390 523 [if]
417 474 571 523 supet-wiri
590 474 687 507 maris
702 473 817 506 Euxini
834 468 963 517 periplo
979 468 1112 516 adiungi
1127 472 1161 503 in
1179 468 1373 503 editionibus
1399 467 1508 504 solitus
1531 480 1625 517 atque
1650 471 1788 505 Arriano
1809 469 1920 505 nostro

200 531 302 577 vulgo
323 529 478 569 tributu33
507 522 557 560 sed
575 533 605 559 et
622 536 698 558 cum
715 524 807 557 variis
824 522 1075 569 nauigationum
1093 518 1363 568 descriptionibus
1383 520 1488 555 italice
1512 520 1614 556 editus
1631 531 1726 568 atque
1745 520 1920 556 illustratus

200 595 218 616 a
234 582 282 617 Β),
302 578 448 625 Baptista
466 572 634 625 RamufiO,
660 578 774 610 Vener.
796 574 892 621 [1563.
915 575 952 607 in
975 572 1067 607 catal.
1090 571 1166 606 bibl.
1181 573 1382 620 ⁷l‘igurinae,
1411 583 1492 607 tom.
1509 573 1531 606 1.
1556 585 1630 620 pag.
1651 585 1704 616 70.
1727 581 1758 608 et
1779 575 1813 607 in
1828 571 1920 607 catal.

199 632 276 669 bzbl.
293 632 418 668 Barber.
436 632 458 665 1.
477 641 550 676 pag.
565 629 632 674 79.]
660 633 734 672 ¹588
760 623 819 661 fol.
835 627 869 669 ³)
920 625 957 658 In
973 621 1002 658 se
1018 621 1087 672 ipso
1105 623 1232 658 libellus
1247 623 1350 658 nullas
1366 624 1461 658 habet
1477 635 1570 658 notas
1587 634 1704 665 certas,
1730 625 1845 673 quibus
1863 626 1921 659 Ar-

199 687 292 720 riano
310 683 420 719 nostro
437 680 652 721 adl‘ctibatun
678 678 799 713 nullius
816 677 914 711 ctiam
933 677 1045 710 veteris
1062 673 1225 723 scriptoris
1249 675 1454 717 testimonio,
1482 677 1566 710 hanc
1589 674 1778 710 seutentiam
1800 675 1921 711 confir-

199 745 319 773 mante.
372 737 461 770 Cum
479 743 590 767 tamen
605 735 637 765 in
655 729 787 772 codice,
813 741 880 775 quo
899 727 1040 762 Gelenus
1057 726 1100 761 est
1115 725 1207 769 vsus,
1236 729 1362 762 Arriani
1386 739 1510 762 nomen
1534 740 1610 776 prae
1631 725 1662 762 se
1685 724 1788 769 ferat,
1813 739 1921 776 neque

200 798 286 823 certa
304 786 363 821 fint
380 794 595 833 argumenta,
622 783 736 829 quibus
754 783 782 815 ei
795 780 1013 821 abiudicata,
1039 792 1146 827 neque
1162 778 1246 813 illius
1262 781 1414 826 ingenio,
1438 777 1622 814 curiositate
1645 787 1743 827 atque
1765 776 1921 813 eruditio·

199 853 241 875 ne
264 838 299 873 lit
323 838 495 884 indignus,
522 838 605 870 inter
630 834 754 868 Arriani
782 830 882 866 noslri
906 828 1020 879 scripta
1045 833 1073 864 ei
1097 830 1210 865 Iocum
1234 829 1311 865 dare
1327 844 1394 865 non
1410 829 1562 865 dubitaui.
1617 832 1828 879 Qamquam
1849 842 1920 865 non

198 890 306 940 probo
321 889 502 924 libertatem
519 887 660 926 Stuckii,
688 886 744 933 qui
756 893 882 932 praeter
899 883 996 916 MSS.
1013 881 1166 916 codicum
1187 892 1218 916 et
1233 881 1382 916 editionis
1399 881 1598 917 Gelenianae
1615 882 1716 916 fidem
1734 883 1818 916 huic
1840 894 1922 930 quo-

199 955 263 991 que
289 940 416 989 periplo
439 938 589 988 praefixit
613 933 880 984 inscriptionem:
908 932 946 967 ad
967 934 1150 967 Adi-ianam
1175 934 1346 968 [traianum
1370 936 1590 979 imperatorem
1615 933 1781 979 Caesarem
1803 933 1920 980 Augu.

188 995 285 1039 fluxu.
339 990 437 1040 Qod
461 1002 539 1024 vero
561 997 772 1036 argumenta,
806 998 888 1034 quae
910 986 1127 1024 obiiciantur,
1155 985 1412 1031 chronologica,
1435 998 1504 1019 non
1520 983 1579 1019 sint
1595 995 1662 1018 tam
1678 983 1860 1022 euidentia,
1888 993 1920 1018 vt

198 1054 371 1094 propterea
387 1042 466 1076 alius
483 1042 595 1075 audior
613 1037 650 1072 sit
670 1039 762 1073 nobis
780 1034 1001 1084 quaerendus,¹
1029 1034 1079 1069 vel
1096 1047 1135 1069 ex
1152 1047 1192 1069 eo
1209 1037 1316 1083 capias
1334 1037 1410 1070 licet
1422 1037 1644 1071 eoniedturam
1656 1063 1666 1077 ,
1693 1033 1783 1084 quod
1804 1033 1921 1070 eadem

198 1096 272 1138 illa,
299 1108 338 1130 ex
361 1093 474 1142 quibus
491 1092 662 1139 Salmasius
685 1091 716 1122 in
742 1087 1021 1123 exercitationibus
1039 1086 1191 1121 Plinianis
1212 1100 1242 1134 p.
1258 1089 1343 1125 1186.
1362 1085 1436 1121 edit.
1457 1085 1632 1122 Parifienlis
1649 1088 1786 1134 probare
1803 1086 1919 1128 voluit,

198 1161 275 1183 eum
293 1148 431 1180 Arriano
452 1144 554 1191 longe
576 1142 797 1188 antiquiorem
823 1137 903 1178 effe,
932 1135 1179 1172 adsentientibus
1201 1138 1309 1183 Vqfflo
1330 1137 1386 1172 lib.
1404 1139 1442 1172 II.
1463 1137 1503 1173 de
1519 1137 1588 1172 hist.
1603 1141 1726 1186 graecis
1747 1151 1816 1186 cap.
1832 1153 1861 1182 7.
1888 1147 1920 1173 et

198 1202 250 1235 Io.
270 1199 444 1233 Hardaino
467 1194 506 1229 ad
531 1193 624 1228 Plinii
644 1192 700 1227 lib.
718 1193 773 1228 VI.
794 1203 863 1238 cap.
879 1201 925 1232 23.
959 1188 1075 1224 eadem
1098 1188 1151 1223 illa
1181 1199 1374 1236 argumenta
1400 1201 1556 1236 vrgentur
1579 1204 1596 1224 a
1624 1188 1811 1225 doctiflimo
1828 1190 1922 1224 Dod-

198 1251 285 1287 mello
300 1252 332 1283 in
347 1245 565 1283 dissertatione
580 1243 620 1278 de
633 1252 735 1278 aetate
753 1252 782 1277 et
799 1242 931 1276 auclore
949 1241 1064 1289 peripli
1081 1243 1178 1275 maris
1196 1242 1368 1284 Erythraei
1387 1253 1458 1288 pag.
1476 1249 1516 1284 87
1535 1239 1578 1289 sq.
1605 1251 1638 1276 vt
1659 1241 1754 1276 illum
1781 1244 1919 1277 Arriano
1998 1257 1999 1277 i

197 1300 291 1338 fuisse
308 1302 488 1339 iuniorem,
516 1307 612 1343 atque
627 1293 682 1329 sub
696 1296 815 1330 Marco
833 1306 870 1327 ae
888 1295 973 1326 Vero
989 1289 1142 1339 scripsisse
1158 1290 1303 1327 ostendat
1327 1305 1364 1326 ae
1387 1292 1574 1328 confirmet.
1625 1294 1740 1340 Neque
1763 1305 1842 1327 vero
1864 1305 1922 1328 ne«
1998 1287 1999 1291 ¹

198 1351 279 1389 cesse
300 1351 366 1393 est,
400 1345 687 1398 Αὐτοκράτορας,
717 1359 800 1393 quos
822 1344 917 1380 donis
938 1353 968 1378 et
988 1343 1206 1391 legationibus
1231 1342 1348 1377 dicitur
1368 1346 1492 1378 amieos
1511 1342 1566 1377 sibi
1585 1340 1720 1379 seruasse
1735 1343 1919 1385 Charibae'l‚

198 1406 453 1441 Homeritaruni
470 1414 507 1435 ac
524 1401 723 1434 Sabaitarum
743 1399 776 1431 in
792 1397 907 1431 Arabia
933 1395 1085 1443 regulus,
1112 1394 1150 1429 de
1176 1395 1255 1429 binis
1278 1397 1310 1429 in
1335 1396 1476 1443 imperio
1499 1392 1592 1441 sociis
1608 1399 1733 1443 potius,
1757 1408 1856 1444 quam
1878 1394 1921 1431 de
1973 1394 1976 1396 .

145 1486 150 1487 γ
197 1456 324 1493 duobus
344 1452 399 1488 sibi
415 1450 656 1487 succedentibus
673 1448 854 1496 intelligere
869 1448 1141 1495 imperatoribus3
1168 1447 1317 1480 Traiano
1342 1460 1369 1481 v.
1388 1460 1421 1494 g.
1447 1457 1478 1481 et
1501 1446 1690 1488 Hadriano,
1717 1446 1767 1482 vel
1782 1445 1919 1482 Hadria-

199 1522 243 1544 no
269 1517 299 1542 et
321 1506 491 1541 Antonino
507 1505 583 1543 Pio,
611 1499 768 1549 siquidem
795 1508 825 1534 et
846 1501 940 1533 huius
965 1508 1102 1533 aetatem
1129 1496 1244 1545 adtigit
1265 1496 1374 1532 noster
1397 1501 1561 1533 Arrianus.
1614 1497 1664 1533 Ad
1687 1496 1919 1541 diuerfitateni,

198 1572 298 1609 quam
314 1557 480 1592 Abraham
497 1553 640 1589 Ortelius
656 1553 784 1592 obiicit,
811 1553 893 1584 inter
917 1551 1005 1584 hunc
1024 1549 1187 1598 periplum
1210 1559 1240 1584 et
1260 1546 1512 1596 descriptionem
1531 1549 1678 1585 eiusdem
1694 1563 1784 1592 orae,
1812 1552 1846 1584 in
1860 1553 1918 1585 Ar-

198 1613 279 1647 riani
294 1607 409 1644 Indicis
430 1615 675 1646 occurrentem,
700 1601 796 1650 possit
811 1599 1019 1650 responderi,
1046 1602 1223 1636 Arrianum
1239 1604 1328 1649 prius
1350 1603 1386 1635 in
1404 1601 1521 1636 Indicis
1546 1599 1608 1636 suis
1631 1615 1725 1637 oram
1749 1601 1840 1637 illam
1864 1599 1918 1638 de.

198 1659 352 1709 scripfiffe
379 1672 417 1693 ex
441 1659 600 1697 Nearchi,
629 1665 662 1690 vt
686 1653 750 1704 ipse
775 1653 924 1693 testatur,
951 1653 1058 1695 libro,
1093 1651 1211 1687 deinde
1234 1665 1273 1686 ex
1294 1655 1475 1687 recentiore
1502 1650 1745 1694 obseruatione,
1776 1666 1876 1702 quam
1898 1667 1919 1689 a

197 1714 337 1751 Nearchi
354 1710 408 1745 illa
424 1707 554 1743 differre
571 1706 652 1741 nihil
670 1704 821 1753 profecslo
837 1707 972 1740 mirum.
1027 1703 1088 1739 Sed
1109 1701 1149 1738 de
1166 1704 1228 1738 hac
1245 1716 1278 1738 re
1293 1703 1405 1739 statuet
1419 1707 1575 1751 quisque,
1601 1715 1635 1739 vt
1650 1704 1757 1740 volet:
1779 1706 1864 1739 mihi
1877 1702 1917 1740 ad

198 1765 259 1801 alia
286 1763 413 1799 Arriani
436 1758 550 1807 scripta
574 1759 618 1794 est
641 1755 934 1806 progrediendum.
977 1756 1041 1802 [St.
1057 1756 1159 1792 Croix
1181 1756 1216 1789 in
1238 1756 1386 1791 Examen
1407 1757 1544 1805 critique
1562 1754 1617 1791 des
1640 1756 1762 1792 Histor.
1786 1755 1916 1793 &Alex-

196 1829 271 1868 pag.
289 1826 360 1862 197.
382 1814 518 1860 abnegat
536 1810 701 1855 Arriano]

301 1904 341 1928 u,
367 1894 386 1914 ss
410 1884 687 1931 ’AAANIKPR
720 1880 738 1929 ἦ
770 1881 846 1923 TA*
884 1883 997 1922 KAT‘
1028 1883 1322 1929 ’ΛΛΑΝἵΟΎ“Σ,
1350 1883 1404 1918 De
1419 1884 1494 1919 bello
1510 1884 1664 1932 aduersus
1680 1883 1805 1918 Alanos
1827 1884 1920 1927 (Hui

193 1947 313 1982 η’νίαηο
334 1944 512 1986 Immante
535 1937 643 1985 gesto)
662 1937 746 1971 liber.
800 1937 878 1970 Hoc
899 1934 1024 1969 bellum
1046 1933 1110 1982 ipse
1133 1936 1271 1981 patrauit
1296 1937 1471 1974 Arrianus,
1497 1936 1706 1983 Almosque,
1730 1946 1764 1970 vt
1784 1935 1916 1971 testatur

197 1999 266 2033 Dio
285 1994 338 2029 lib.
360 1992 469 2027 LXIX.
490 2002 564 2038 pag.
584 2000 659 2034 794.
686 1989 784 2034 [tom.
801 1987 841 2021 11.
858 1998 888 2033 p.
906 1987 987 2027 1163.
1009 1984 1083 2020 edit.
1098 1988 1267 2028 Reimari‚
1295 1990 1384 2021 cuius
1411 1997 1480 2022 not.
1497 1985 1673 2032 consules‚]
1699 1984 1914 2034 compescuit.

192 2051 368 2085 ‘Memorat
382 2039 561 2083 Ἀλανικῆν
578 2043 643 2074 eius
661 2040 800 2072 Plzotins
815 2036 887 2072 cod.
905 2038 1020 2071 LVIII.
1044 2047 1075 2072 et
1097 2039 1162 2071 eius
1183 2034 1407 2085 fragmentum
1427 2036 1487 2073 effe
1504 2037 1632 2073 videtur
1652 2036 1794 2088 ἔκταξις
1816 2035 1915 2076 κριτοὶ

198 2097 368 2141 Ἀλανῶν,
402 2093 565 2139 instruffio
586 2092 657 2124 aciei
677 2089 829 2134 aduersus
852 2088 999 2127 Alanos,
1041 2101 1139 2137 quam
1163 2101 1280 2136 graece
1304 2102 1342 2124 ex
1368 2091 1442 2124 MS.
1464 2089 1719 2128 Mediolanensi,
1758 2093 1847 2125 cuius
1875 2090 1913 2125 ab

197 2151 353 2187 Emerico
373 2146 501 2193 Bigotio
518 2142 749 2191 apographum
766 2149 949 2187 acceperat,
975 2152 1053 2174 cum
1071 2138 1217 2174 versione
1233 2139 1332 2174 latina
1352 2141 1407 2186 [if]
1427 2150 1457 2174 et
1472 2144 1557 2175 notis
1581 2138 1641 2174 suis
1664 2139 1763 2175 edidit
1787 2153 1817 2175 et
1844 2143 1913 2176 Ta.

197 2204 297 2238 &icae
311 2198 440 2234 Arriani
455 2193 585 2230 subiecit
608 2194 746 2227 Ioannes
762 2191 946 2236 Schxfhrus,
983 2188 1131 2238 Vpsaliae
1155 2192 1243 2233 1664.
1264 2198 1294 2231 8.
1311 2204 1387 2240 pag.
1401 2193 1444 2237 69
1462 2189 1528 2240 sqq.
1565 2189 1710 2227 Scheferi
1733 2186 1912 2228 editionem

198 2250 306 2291 recudi
329 2250 453 2285 curauit
470 2246 623 2282 Nicolam
645 2243 861 2282 mamardus,
888 2241 1067 2278 Amsselod·
1090 2246 1178 2284 1683·
1201 2248 1233 2281 8-

2007 1226 2013 1341 ¹1}

1655 2302 1910 2344 m-Aoroz

242 2385 280 2419 x)
313 2378 422 2411 leeod.
438 2373 578 2418 Hasaeus
600 2376 630 2405 in
657 2371 728 2403 bibl.
752 2372 916 2407 Bremenfi,
951 2370 1026 2401 class'.
1079 2371 1116 2401 ad
1135 2370 1232 2400 locum
1254 2369 1360 2411 peripli
1382 2372 1468 2400 maris
1483 2371 1636 2406 Erythraei
1655 2371 1691 2402 de
1711 2373 1812 2404 vocab'
1827 2373 1911 2405 Este,

199 2428 248 2458 Ἦ.
271 2423 337 2457 fasc.
353 2424 376 2454 1.
404 2431 469 2464 pag.
488 2426 535 2457 189
552 2418 611 2460 sqq.
647 2415 754 2458 scripfit
784 2414 1027 2446 Obseruauoncm
1081 2412 1409 2455 nedlomm-enutlzefias,
1430 2413 1522 2446 Harl.
1703 2410 1707 2414 ’
1908 2408 1910 2411 ’
