2049 2720
76 153 204 207 voi-1311.
221 169 543 204 p.421.422.⁴23rm
625 166 815 204 semma
847 166 984 202 VARJA
1016 166 1283 203 PTOLEMAH
1359 167 1673 204 Limaeam.
1743 180 1798 213 291

73 260 204 314 terpret.
225 265 446 301 Nic.²Lconic.
474 263 620 299 Florent.
642 276 702 311 per
719 264 786 297 her.
806 261 885 297 Phil.
903 262 1022 296 Iuntae.
1052 273 1132 306 ¹525-
1151 268 1181 301 8.
1206 273 1282 295 cum
1304 260 1495 308 quibusdam
1514 261 1627 297 Ouidii
1649 272 1793 309 poemat.

72 318 139 354 vid.
157 319 299 352 Bandim'
317 315 434 351 Annal.
451 315 600 350 luminae
616 325 746 363 typogr.
762 324 844 361 part.
863 315 902 347 ΙΙ.
922 325 995 361 pag.
1012 324 1080 356 197-
1107 332 1158 339 --
1186 323 1278 348 antea
1298 314 1332 347 in
1354 322 1448 348 tomo
1464 315 1501 347 11.
1518 313 1591 348 edit.
1609 314 1720 349 Ouidii
1739 314 1793 349 Al.

71 369 184 412 dinae,
208 371 323 403 Venet.
340 380 417 413 ¹515-
435 373 464 406 8.
494 366 554 400 vid.
570 367 709 402 Sclzeihel.
735 365 851 402 astron.
875 364 1075 412 Bibliog1·.1,
1100 377 1173 412 pag.
1190 371 1238 403 82.
1265 363 1384 412 HarL]
1409 385 1457 390 —
1486 367 1631 406 Partem,
1655 379 1794 413 eamque

70 419 174 470 ipsam
197 418 379 455 admodum
407 419 558 453 mutilam
582 432 620 453 ac
644 418 856 466 deprauatam
877 417 909 450 in
934 416 1143 462 Vranologio
1165 414 1223 450 suo
1246 428 1360 463 graece
1381 429 1456 450 cum
1482 414 1628 451 versione
1648 416 1702 451 sua
1725 417 1794 452 vul·

69 476 161 521 gauit
178 479 228 515 38.
245 473 337 507 annis
352 470 424 519 post
442 470 617 519 Dionysius
632 471 806 510 Petauius,
832 465 925 503 Paris.
941 471 1030 512 1630.
1046 465 1106 501 fol.
1162 466 1325 502 Recusum
1347 467 1389 502 est
1406 469 1536 502 Petauii
1551 469 1793 516 Vranologium

69 523 249 559 Amstelod.
267 523 393 567 (titulus
405 524 553 570 quamvis
568 519 732 570 praeferat
741 520 990 568 Antwerpiam)
1007 531 1088 564 1703.
1101 516 1159 554 fol.
1183 521 1289 554 Huius
1305 522 1546 567 parapegmatis
1562 520 1730 568 exemplar
1748 523 1794 555 in-

68 584 198 623 tegrum
213 586 367 623 graecum
385 574 423 607 ab
434 573 672 607 Henr.Sauilio
692 572 747 608 fibi
762 574 1049 608 communicatum
1064 569 1170 613 fuiss'e⁷
1185 569 1325 605 Vfferius
1339 570 1477 606 testatur.
1506 570 1619 605 Suidas
1637 572 1694 617 [if]
1712 585 1793 620 quo.

68 640 130 676 que
146 629 227 662 inter
235 625 410 661 Ptolemaei
421 622 536 673 scripta
550 634 714 660 memorat
723 624 799 674 περὶ
808 619 1016 671 φάσεωςιῳᾴ
1025 624 1252 672 ἐπισημασιῶν
1272 620 1399 672 οἱςέρων
1417 620 1729 665 οἱπλοινῶνβιβλίοι
1744 620 1792 666 β’.

170 693 342 729 Secundum
360 704 558 741 parapegma
573 689 733 728 fastorum
748 690 838 726 libris
855 689 978 725 Ouidio
999 692 1200 738 antiquiores
1222 688 1379 730 editiones
1400 687 1594 732 subiiciunt,
1622 692 1655 725 in
1673 692 1792 725 Petanii

67 757 201 794 quoque
216 742 427 791 Vranologio
446 754 635 792 comparet,
663 742 862 792 traditurque
884 755 901 776 e
927 754 1048 789 graeco
1067 742 1245 777 Ptolemaei
1270 741 1460 777 translatum
1483 739 1545 776 esse
1561 756 1577 776 a
1593 743 1665 777 Nic.
1681 743 1793 777 Lcom'.

66 808 149 832 ceno,
201 795 264 832 Sed
287 794 459 844 Scaligeri,
492 797 613 831 Petauii
634 795 844 844 aliorumque
865 791 1021 829 sententia
1042 792 1126 828 falso
1150 794 1189 829 ad
1214 794 1439 829 Ptolemaeum
1465 791 1621 835 refertur7
1656 807 1732 829 cum
1754 793 1791 829 sit

64 845 248 896 rhapsodia‚
276 860 316 882 ex
331 850 427 882 variis
450 848 734 896 parapegmatibus
756 847 850 882 nullo
872 843 992 881 iudicio
1013 844 1146 881 consuta
1167 844 1299 891 (confer
1314 849 1418 881 Petau.
1436 847 1507 881 vn.
1528 860 1554 890 5.
1569 843 1636 879 diff
1655 845 1694 881 ad
1711 847 1791 880 Vra·

34 919 41 924 ·
65 900 197 947 nolog.)
212 909 242 934 et
258 896 357 936 sorte,
374 909 408 934 vt
425 896 567 933 Vfferius
582 896 798 947 suspicabatur
811 912 828 932 a
845 899 1033 932 Leoniceno
1048 896 1116 945 ipso
1132 911 1173 932 ex
1188 897 1312 933 Ouidio
1331 909 1360 932 et
1376 897 1447 932 aliis
1461 895 1667 944 scriptoribus
1684 897 1791 932 latini&

65 951 230 998 congesta.
260 951 383 985 Fabric.
440 951 490 984 Ex
514 949 706 986 Columella
727 947 789 985 effe
818 959 1034 992 contextum,
1069 949 1240 985 contendit
1258 950 1452 984 Pontedera.
1482 948 1547 984 vid.
1570 961 1654 996 quae
1677 951 1789 984 notaui

65 1004 101 1037 in
117 1001 296 1037 introduet.
310 1001 332 1036 l.
347 1014 393 1036 m.
411 1014 484 1048 pag.
500 1014 548 1046 ¹55
566 999 612 1050 sq.
639 1002 735 1036 Harl.

174 1069 321 1103 Tertium
336 1078 365 1102 et
383 1068 510 1102 breuius
530 1077 562 1103 et
577 1066 699 1102 nullius
719 1063 816 1116 plane
837 1067 1000 1102 momenti
1014 1079 1104 1102 anno
1123 1064 1244 1102 Christi
1261 1076 1344 1111 1345.
1372 1065 1598 1115 Astrologicae
1612 1062 1687 1101 suae
1703 1064 1790 1102 sum-

65 1134 140 1158 mae
161 1118 294 1155 inseruit
309 1121 447 1154 Ioannes
463 1119 648 1166 Eschenden.

164 1189 324 1234 Quartum
346 1184 524 1221 subieetum
547 1186 683 1220 habetur
706 1181 878 1232 Isagogico
904 1182 1099 1231 astrologiae
1120 1183 1296 1218 Ptolemaei
1319 1197 1357 1219 ex
1380 1184 1522 1220 Arabico
1544 1173 1584 1218 cib
1604 1184 1788 1220 Abrabamo

65 1241 104 1276 de
117 1239 246 1277 Balnm
269 1234 447 1279 conuerso,
474 1235 563 1285 quod
589 1249 659 1273 non
682 1234 771 1271 aliud
792 1235 856 1281 est,
889 1249 927 1270 ac
948 1235 1082 1270 Gemini
1104 1234 1228 1269 Rhodii
1250 1232 1388 1284 isagoge
1411 1237 1444 1270 in
1466 1236 1718 1284 phaenomena,
1749 1235 1790 1272 de

65 1305 130 1342 qua
149 1291 234 1327 libro
253 1291 306 1326 111.
325 1288 403 1325 dixi.
430 1288 487 1335 [lt]

165 1359 252 1394 vlu.
286 1358 375 1393 Cum
395 1355 574 1392 Ptolemaei
599 1352 680 1390 liber
709 1354 802 1390 huius
825 1353 1011 1402 argumenti
1029 1355 1211 1402 genuinus,
1243 1364 1344 1402 quem
1365 1352 1536 1389 Federicus
1554 1352 1788 1389 Bonauentm·a

65 1424 127 1447 vna
149 1423 225 1446 cum
248 1409 403 1458 apologia
419 1411 457 1453 ²²)
479 1406 534 1442 sua
553 1419 616 1456 pro
634 1405 867 1455 Theophrasto
890 1415 988 1454 atque
1006 1403 1216 1446 Alexandro,
1245 1403 1471 1454 Aphrodiseo,
1499 1405 1597 1439 latine
1612 1418 1686 1439 cum
1700 1407 1787 1440 notis

62 1461 182 1505 edidit,
208 1460 264 1497 ille
286 1458 351 1509 ipse
373 1463 407 1494 in
428 1471 544 1495 manus
564 1472 654 1494 meas
674 1460 856 1506 peruenerit
871 1470 987 1506 graece
1005 1457 1164 1492 beneficio
1180 1455 1355 1491 doetissimi
1376 1466 1471 1505 atque
1492 1455 1674 1491 amicissimi
1690 1457 1789 1492 colle-

64 1527 127 1563 gae
143 1516 221 1554 mei,
237 1514 286 1548 lo.
305 1513 396 1547 Frid.
417 1511 612 1551 WhnkIerz',
640 1513 696 1558 qui
711 1523 787 1545 eum
805 1523 882 1544 cum
905 1518 978 1544 ante
996 1508 1122 1558 aliquot
1141 1521 1244 1543 annos
1260 1511 1410 1544 Oxoniae
1429 1505 1606 1543 versaretur
1622 1521 1660 1543 ex
1675 1507 1788 1544 codice

64 1565 233 1600 Sauiliano
253 1561 438 1612 descripsit,
464 1576 583 1611 operae
599 1564 741 1611 pretium
759 1561 953 1602 existimaui,
974 1571 1099 1609 partem
1123 1563 1290 1609 priorem,
1319 1573 1401 1608 quae
1418 1572 1534 1608 graece
1553 1572 1722 1608 nunquam
1739 1559 1788 1595 lu-

62 1630 138 1652 cem
162 1615 252 1657 vidit,
276 1617 341 1650 hoc
361 1615 440 1649 loco
461 1627 523 1649 vna
547 1626 623 1648 curn
648 1612 794 1648 verfione
816 1614 1246 1660 Bonauenturae„integram
1271 1609 1479 1659 subiungere,
1507 1611 1691 1658 posterioris
1709 1624 1787 1646 vero

90 1670 183 1709 artis,
212 1681 311 1714 quam
331 1669 362 1701 in
380 1665 587 1713 Vranologio
602 1667 749 1700 Petauius
771 1664 890 1706 edidit,
915 1674 1043 1700 tantum
1060 1674 1220 1699 annotare
1236 1677 1286 1707 ea,
1308 1664 1422 1712 quibus
1444 1663 1526 1699 locis
1541 1662 1648 1698 codex
1664 1662 1719 1697 isse
1736 1662 1788 1698 vel

63 1720 193 1770 plenior
215 1718 276 1761 est,
301 1719 353 1754 vel
376 1732 394 1753 a
414 1719 586 1753 Petauiana
608 1714 752 1753 editione
772 1715 901 1752 recedit.
929 1716 984 1763 [If]

166 1787 253 1834 [Ego
272 1799 349 1822 vero
375 1785 470 1821 illum
491 1785 631 1827 librum,
658 1798 676 1819 a
693 1784 841 1820 Fabricio
866 1784 920 1818 hic
941 1781 1085 1822 editum,
1110 1780 1135 1817 fi
1158 1784 1222 1817 vita
1241 1780 1366 1823 sitierit,
1392 1794 1454 1817 nec
1471 1780 1646 1817 lefloribus
1667 1784 1725 1817 erit
1742 1783 1788 1817 in-

66 1850 213 1888 gratum,
241 1840 273 1872 in
288 1838 456 1886 Supplem.
478 1848 608 1872 tomum
628 1838 814 1872 coniiciam.
840 1835 955 1881 Harl]

168 1906 223 1938 IX.
258 1903 386 1942 ΠΕΡΓ
414 1902 883 1948 ἈΝΑΛῘ-ΪΜΜΛΤΟΣ,
914 1901 970 1937 De
992 1900 1194 1935 analemmate
1216 1912 1256 1934 ex
1279 1899 1423 1934 edizione
1439 1898 1535 1935 Fridg
1556 1898 1787 1937 Commandlni.

65 1958 164 1993 Rom.
184 1954 266 1999 ¹1562.
285 1967 316 1998 4,
370 1956 469 1989 Hune
493 1955 615 1989 librum
638 1955 789 1989 nondum
815 1953 900 1988 vidi:
927 1950 979 1987 sed
1005 1954 1166 1991 coniicio,
1193 1964 1269 1985 eum
1288 1964 1406 1999 parum
1427 1949 1590 1986 diuersum
1608 1948 1669 1985 effe
1686 1965 1703 1985 a
1718 1951 1788 2000 pla-

67 2007 252 2058 nisphaerio
270 2006 465 2047 Ptolemaei,
491 2004 530 2040 de
551 2018 617 2055 quo
637 2003 721 2040 infra
740 2005 770 2052 §.
787 2017 827 2040 11.
851 2014 883 2039 et
898 2003 987 2052 quod
1007 2004 1072 2051 legi
1091 2016 1129 2037 ex
1151 2000 1293 2037 eiusdem
1311 2001 1551 2036 Commandini
1568 2002 1723 2045 editione,
1743 2002 1787 2036 ibi

45 2061 261 2096 'memorata
288 2059 415 2092 Fabric.
469 2058 519 2102 [In
536 2056 628 2092 catal.
645 2055 844 2098 Pinelliano,
871 2066 953 2090 tom.
971 2056 996 2090 1.
1013 2067 1087 2103 pag.
1104 2065 1169 2096 321.
1191 2055 1225 2088 in
1247 2066 1311 2088 vno
1335 2053 1506 2088 volumine
1527 2056 1689 2101 compaffl
1714 2051 1787 2088 sunt

67 2104 116 2148 illi
136 2111 201 2148 duo
224 2110 316 2151 libri,
350 2106 475 2143 diuerse
497 2106 657 2157 inscripti:
691 2108 830 2143 Ptolem.
855 2103 1155 2156 planisphaerium,
1188 2117 1264 2140 cum
1287 2114 1508 2141 commentar.
1527 2105 1605 2140 Fed.
1624 2107 1787 2142 Commun-

926 2159 957 2193 O
970 2170 990 2192 ο
1018 2170 1034 2192 a
1708 2159 1784 2198 dini,

114 2234 155 2265 ee)
175 2227 298 2260 Titulus
320 2228 432 2265 integer
451 2225 521 2257 libri
541 2228 601 2256 est:
633 2224 702 2255 Fed.
720 2226 903 2255 Bonauentu-
947 2231 1112 2266 poetarum,
1137 2222 1318 2254 medicorum
1335 2233 1368 2252 ac
1383 2222 1630 2264 philosophorum
1653 2230 1681 2252 et
1703 2234 1785 2264 prae*

69 2283 129 2308 tae,
144 2272 303 2306 Vrbinatis‚
318 2280 379 2311 pro
395 2270 605 2310 Theophrasto
620 2277 707 2309 atque
726 2267 902 2304 Alexandro,
947 2268 1046 2298 sertim
1062 2269 1205 2302 Homeri,
1226 2269 1430 2305 Hippocrati5‚
1455 2267 1591 2302 Hesiodi,
1614 2265 1784 2300 Aristotelis,

69 2315 296 2357 Aphrodifienfi,
322 2314 358 2343 de
380 2323 452 2343 vero
476 2319 609 2352 tempore
625 2319 706 2342 ortus
723 2320 808 2351 atque
824 2321 904 2340 occa·
949 2313 1046 2348 Arati,
1072 2311 1253 2349 Hipparchi,
1280 2308 1400 2345 Galeni,
1426 2310 1637 2346 Theophrasti,
1661 2307 1784 2338 Alexan-

63 2359 114 2390 'sus
129 2360 246 2388 Orionis
262 2355 405 2397 Apologia
420 2355 512 2385 tribus
531 2355 613 2384 libris
628 2354 776 2389 distineta,
801 2356 831 2382 in
849 2364 905 2394 qua
950 2354 1012 2388 dri,
1042 2353 1218 2393 Virgiliique
1239 2360 1412 2382 enarrantur
1433 2352 1466 2381 ad
1491 2350 1601 2380 clariss.
1625 2352 1783 2381 mathema-

72 2401 110 2430 de
122 2400 267 2441 speciebus
284 2409 366 2428 ortus
383 2406 410 2428 et
426 2397 539 2427 occasus
555 2398 678 2427 siderum
696 2407 730 2426 ex
747 2396 906 2427 Ptolemaei
948 2399 1039 2428 ticum
1057 2398 1102 2431 10,
1119 2398 1280 2427 Antonium
1295 2397 1463 2433 Magiuum,
1487 2395 1647 2424 Patauium«

35 2480 38 2483 Ι
69 2443 209 2474 sententia
230 2442 360 2474 latiffime
380 2443 494 2480 egitur,
517 2439 666 2483 multaque
683 2439 745 2470 loca
767 2449 901 2471 veterum
