2049 2720
28 104 240 140 vol-1V.p,137
515 100 766 140 EDITION'ES
801 102 985 139 PLOTINI
1018 103 1212 142 OPERVM
1263 104 1335 141 Lib.
1351 102 1422 142 IV.
1435 117 1458 142 e.
1470 104 1621 144 XXIX.
1674 109 1744 152 699

130 200 247 233 Latine
265 209 305 232 ex
319 194 464 233 versione
479 196 588 239 Ficini‚
618 200 671 246 qui
689 195 759 245 post
774 197 945 234 Platonem
965 200 1062 233 etiam
1077 198 1244 235 Plotinum
1265 204 1298 235 in
1315 197 1428 235 Cosmi
1447 197 1585 235 Medicis
1598 202 1742 247 gratiam

29 249 188 286 transtulit
203 263 266 284 vna
281 262 358 285 cum
374 251 440 284 eius
456 251 700 283 commentariis
718 247 784 283 fiue
798 253 1000 296 argumentis
1018 250 1127 284 lucem
1140 249 1292 286 viderunt
1308 252 1435 285 Plotini
1452 250 1639 292 Euneades,
1667 250 1742 285 Flo.

29 303 150 336 rendae
167 301 200 345 Ζ)
218 312 306 346 1492.
322 298 382 335 fol.
398 308 429 334 et
444 298 617 346 Saligniaci
632 312 720 334 anno
734 311 819 345 1540.
837 299 897 336 fol.
913 301 998 348 apud
1012 303 1060 337 10.
1075 302 1244 343 Soterem,
1266 311 1296 336 et
1311 300 1401 336 Bafil.
1420 300 1505 350 apud
1520 303 1651 335 Petrum
1668 303 1741 335 Per-

27 364 126 392 nam,
155 364 237 397 1559.
251 349 311 386 fol.
364 353 568 398 Argumenta
583 349 648 385 fine
666 353 896 386 commentarii
914 352 1013 385 Ficini
1029 351 1152 387 exstant
1167 355 1263 387 etiam
1281 354 1313 387 in
1328 363 1421 387 tomo
1438 350 1581 387 secundo
1597 363 1742 398 operum

28 401 182 444 Marsilii,
209 402 279 450 plus
298 400 435 450 fimplici
457 404 526 437 vice
545 400 750 437 excusorum.
790 400 903 448 [Conf.
929 415 1010 451 quae
1034 405 1148 438 notaui
1172 405 1206 437 in
1225 402 1403 439 Introduc‘l.
1426 406 1460 438 in
1483 402 1551 438 hist.
1569 404 1605 437 L.
1626 404 1681 438 Gr.
1699 403 1738 436 11.

27 463 110 502 part.
125 455 149 489 Ι.
165 466 193 500 p.
211 464 279 496 274.
300 452 385 488 etde
400 451 486 490 editt.
505 465 582 500 opp.
599 451 733 487 Marfilii
752 448 850 488 Ficini
871 453 1007 490 Clement
1022 451 1254 489 bibl.'curieuse
1269 463 1329 489 etc.
1348 465 1431 489 tom.
1449 455 1536 488 VllI.
1553 467 1586 502 p.
1602 465 1654 496 313
1672 451 1738 501 sqq.

28 523 79 532 —-
104 503 175 538 Cel.
191 504 230 538 V
229 504 348 549 illoifim
364 507 397 538 in
411 502 538 538 duobus
553 502 649 538 codd.
665 506 794 539 Venetis
808 503 837 538 se
852 502 1001 552 reperiffe
1018 514 1103 539 ratus
1118 504 1196 539 duas
1209 504 1331 540 Plotini
1347 503 1511 540 dissertatt.
1527 506 1623 552 (quae
1639 506 1738 539 etiam

27 552 98 590 sunt
113 556 146 589 in
161 553 235 589 cod.
255 553 415 597 Vindob.)
441 553 546 589 adhuc
563 551 714 590 nondum
730 554 846 599 editas3
870 569 921 590 eas
942 559 977 590 'in
995 555 1116 591 Anecd.
1133 558 1240 604 graec.
1255 565 1339 591 tom.
1356 557 1396 590 Π.
1420 568 1492 603 pag.
1510 567 1568 597 227
1585 553 1650 603 sqq.
1674 557 1738 603 pri.

28 618 120 647 mus,
146 614 178 639 vt
202 603 258 639 fibi
280 604 460 646 videbatur,
487 618 602 653 graece
624 606 792 654 euulgauit
813 619 888 641 cum
911 609 1019 654 paucis
1041 609 1127 642 notis
1149 608 1273 641 criticis.
1341 605 1405 641 Sed
1428 605 1538 654 postea
1559 603 1651 639 suum
1673 603 1740 652 ipse

27 658 162 704 agnouit
176 668 320 691 errorem
331 684 339 698 ‚
365 666 396 691 et
412 658 506 692 Friar.
522 656 638 701 Christ.
655 658 830 691 Grimmius
847 661 880 692 in
898 667 1080 693 comment.
1099 669 1160 703 qua
1177 658 1304 691 Plotini
1317 657 1356 691 de
1368 669 1479 692 rcmm
1494 658 1654 701 principio
1670 656 1737 690 En-

27 707 116 742 acad.
134 708 202 742 ΙΙΙ.
220 707 271 743 tib.
289 707 329 742 V
327 708 393 743 ΙΙΙ.
408 720 474 752 cap.
494 715 570 745 8-
583 720 621 741 lo.
651 709 749 756 (quae
763 708 806 743 est
828 708 984 756 particula
1002 711 1107 756 prima
1123 707 1309 755 posterioris
1326 706 1563 749 differtationis‚
1584 720 1605 742 a
1621 706 1739 741 Villoi.

27 755 140 798 senio,
163 767 332 808 tamquam
347 757 504 800 ineditae,
530 760 564 794 in
576 757 688 794 lucem
701 760 878 810 prolatae.)
904 760 1220 808 animaduerfionibus
1236 758 1430 806 illustrauit,
1454 757 1579 808 Lipfiae
1600 765 1697 844 1338}³
1706 764 1737 798 8.

869 811 925 847 Tt
940 820 973 846 tt
998 823 1016 846 2
1586 821 1608 844 o
1636 822 1677 844 en
1700 811 1736 848 it,

29 904 138 945 etx83.)
166 916 208 925 -—
237 902 360 933 Eaedem
382 904 412 933 in
434 902 534 934 codice
552 902 689 934 biblioth.
704 903 858 944 Augusta·
903 906 1056 943 ChiggIan.
1071 904 1144 945 saec.
1157 906 1234 937 XIV.
1250 906 1318 936 teste
1333 903 1507 944 Montfauc.
1518 904 1551 933 in
1566 902 1660 933 diario
1673 893 1736 932 ital,

28 953 85 974 nae
104 944 219 974 Vindel.
236 951 283 981 (ex
297 946 461 987 direptione
480 947 613 976 Budenfis
628 945 778 982 biblioth.)
793 957 857 975 cum

27 987 161 1024 Schegkii
185 986 277 1024 gloffis
301 991 410 1023 msstis,
438 990 506 1019 teste
521 988 658 1029 Reisero,
680 991 711 1018 in
736 988 855 1027 catalog.

27 1039 95 1070 pag.
113 1037 156 1065 73.

71 1071 205 1102 Venetiis
216 1073 248 1101 in
265 1071 399 1102 biblioth.
415 1075 450 1103 D.
468 1073 570 1108 Marci,
591 1072 654 1102 eod.
667 1073 768 1103 CCIX.
784 1071 854 1102 Plo-

27 1113 86 1144 tini
108 1114 143 1142 de
164 1116 254 1143 animi
274 1114 509 1145 immortalitate:
544 1115 616 1156 quid
639 1116 749 1145 homo?
785 1115 858 1156 quid

26 1153 153 1185 animal?
179 1156 214 1185 de
231 1156 347 1187 essentia
361 1159 462 1188 animi.
477 1157 569 1191 (catal.
586 1157 669 1187 codd.
688 1167 728 1194 gr.
746 1169 773 1197 p.
786 1161 855 1191 1¹3-)

26 1211 68 1221 -
91 1197 174 1227 codd.
189 1199 288 1228 CCXL
305 1207 333 1228 et
349 1201 473 1229 CCXLI.
492 1199 573 1229 Plot.
587 1200 728 1229 enneades
742 1199 797 1228 sex.
815 1215 856 1222 —-

28 1239 110 1271 codd.
131 1240 270 1270 CCXLII.
292 1241 432 1270 enneades
446 1241 526 1276 {duae
555 1244 686 1282 priorem
720 1241 856 1270 enneadis

27 1284 129 1314 tertiae
149 1281 217 1312 libri
231 1284 296 1313 VII.
318 1284 511 1323 posteriores,
546 1294 670 1325 quarum
696 1284 856 1324 postremus

25 1326 84 1355 fine
98 1324 232 1360 mutilum
255 1327 373 1365 quintae
388 1325 438 1356 lib.
457 1327 526 1356 vm
542 1334 569 1356 et
586 1328 635 1356 lx.
658 1327 715 1355 fine
737 1325 795 1355 vlla
812 1326 856 1355 di-

25 1368 194 1399 fiinfflonm
216 1367 309 1397 sextae
322 1378 339 1397 a
351 1367 428 1398 libro
444 1370 493 1398 IV.
511 1379 601 1409 vsque
620 1369 655 1398 ad
676 1370 725 1398 IX.
743 1368 856 1398 inclusi-

27 1420 81 1443 ve3
117 1409 277 1448 tumffduae
296 1409 364 1440 illae
387 1410 534 1446 dissertatt.
554 1422 623 1452 quas
649 1411 795 1440 Fabricius
824 1412 856 1440 in

27 1453 90 1482 cod.
106 1452 274 1483 Vindobon.
289 1454 416 1488 exstare,
438 1464 453 1482 e
469 1454 622 1483 Lambccio
637 1455 696 1483 iam
712 1463 855 1483 memora-

27 1497 89 1531 vit,
111 1503 138 1525 et
151 1504 194 1524 nr.
209 1499 236 1525 6.
248 1506 284 1525 ex
304 1495 419 1526 Plotino
437 1504 570 1537 excerpta
586 1497 620 1525 de
638 1498 789 1537 principiis
811 1506 855 1526 ra-

27 1539 139 1568 tionem
160 1538 341 1569 habentibus.
364 1556 408 1562 -
429 1541 511 1569 Duae
533 1538 599 1568 illae
621 1538 682 1569 diff.
700 1538 764 1568 sunt
784 1549 857 1578 quo-

31 1590 87 1621 que
108 1583 139 1609 in
160 1580 224 1610 cod.
249 1582 400 1611 CCXLIV.
423 1583 452 1610 in
477 1592 536 1623 quo
556 1584 644 1611 etiam
674 1583 859 1611 continentur

31 1633 110 1664 capp.
127 1633 162 1652 ex
175 1623 358 1652 Enneadibus
373 1624 408 1652 de
423 1626 591 1654 aeternitate
605 1635 636 1652 ac
651 1631 799 1665 tempore:
823 1622 858 1652 de

29 1664 206 1702 intelligibili
227 1665 442 1706 pulcritudine,
464 1674 492 1695 et
515 1666 594 1707 quod
607 1677 699 1696 vnum
723 1666 858 1706 idemque

29 1707 112 1738 simul
127 1708 235 1748 vbique
253 1709 285 1738 fit
305 1715 417 1740 totum3
439 1716 467 1738 et
484 1707 564 1738 aliud
587 1709 716 1738 eiusdem
739 1708 859 1749 opuscu-

30 1749 92 1780 lum
109 1750 164 1779 fine
178 1749 237 1779 vlla
249 1749 452 1790 inscriptione:
475 1753 577 1792 incipit
591 1753 646 1780 Nis
662 1750 729 1790 ἇρξὶ,
753 1767 795 1772 -
816 1767 859 1773 -——

31 1807 91 1828 -—,
119 1792 198 1832 quod
222 1792 380 1832 publicauit
402 1792 550 1833 Villoison.
573 1795 606 1823 in
630 1794 727 1823 anecd.
749 1795 858 1830 graecis

30 1836 69 1864 11.
95 1843 158 1874 pag.
183 1843 233 1869 241
255 1834 294 1874 sq.
319 1834 413 1867 (catal.
436 1845 500 1874 pag.
525 1845 572 1864 121
595 1835 634 1875 sq.
662 1851 703 1857 -
732 1835 811 1865 [bid.
828 1838 859 1864 in

30 1876 167 1907 biblioth.
184 1877 302 1905 monast.
319 1878 346 1906 S.
363 1876 531 1912 Michaelis,
556 1878 631 1907 Plot.
649 1877 794 1906 Enncades
811 1879 860 1905 VI.

29 1929 97 1948 cum
121 1917 192 1947 Plot.
209 1920 285 1953 vita,
306 1928 321 1946 a
337 1919 500 1958 Porphyrio
520 1926 665 1954 enarrata,
689 1919 751 1948 cod.
769 1920 859 1949 chart.

33 1972 77 1999 gr.
95 1959 164 1990 saec.
181 1962 244 1990 XV.
274 1971 337 1989 cum
361 1963 436 1989 notis
455 1962 563 1997 graecis
585 1971 616 1990 ac
638 1961 685 1990 lat.
707 1960 862 1991 Hermolai

32 2004 162 2035 Barbari.
186 2002 246 2033 vid.
265 2003 429 2032 Mittarelffz·
444 2002 513 2032 bibl.
531 2003 613 2031 codd.
629 2003 705 2032 illius
722 2005 861 2033 monaste-

33 2047 88 2082 tii,
112 2056 175 2085 pag.
191 2055 245 2078 9¹1.
270 2060 310 2067 —
333 2045 505 2075 Florentiae
524 2047 555 2074 in
576 2045 648 2076 bibl.
671 2046 772 2075 medic.
797 2045 861 2077 cod.

35 2089 96 2118 XV.
112 2087 183 2128 plut.
202 2094 245 2122 85.
262 2086 366 2116 Plotini
382 2089 442 2116 vita
456 2097 471 2116 a
489 2089 651 2127 Porphyrio
667 2089 791 2128 expolita
802 2109 811 2121 ‚
834 2095 862 2117 et

37 2129 143 2161 Plotini
157 2129 298 2159 enneades
313 2128 369 2159 sex.
391 2134 402 2163 (
456 2130 540 2159 n‘iin.
556 2129 636 2160 catal.
653 2130 736 2161 codd.
756 2141 797 2168 gr.
811 2132 862 2160 111.

33 2171 92 2202 «col.
108 2174 193 2210 274.)
206 2171 322 2201 caedem
337 2174 366 2201 in
385 2177 419 2200 co’
441 2173 515 2202 .-111.
539 2174 612 2212 (quo
626 2172 691 2202 vsus
713 2175 751 2203 est
765 2173 863 2202 Marfi-

37 2213 93 2245 iius
109 2216 244 2248 Ficinus,)
260 2213 330 2254 plut.
349 2221 392 2251 87.
417 2214 563 2250 (Bandin.
581 2214 600 2245 l.
617 2226 640 2245 c.
657 2214 711 2245 col.
730 2218 801 2251 383.)
822 2231 864 2238 —--

35 2257 159 2288 Eaedem
181 2259 210 2286 in
230 2256 300 2287 bibl.
323 2256 514 2297 Taurinenfi,
536 2257 600 2288 cod.
621 2259 789 2288 CCXXXII.
812 2264 865 2294 (tc-

39 2299 81 2330 ne
95 2298 174 2329 catal.
188 2309 251 2339 pag.
270 2301 346 2335 316.)

81 2339 194 2375 Romae
215 2343 246 2371 in
264 2341 414 2374 Barberin.
430 2341 501 2373 bibl.
517 2341 588 2385 saec.
606 2344 669 2375 XV..
693 2358 733 2368 -
748 2344 780 2374 in
794 2341 864 2378 bibl,

924 959 966 985 ag.
983 954 1043 982 238.

903 960 921 990 p
943 993 975 1020 In
998 988 1153 1030 Hispaniis
1167 991 1198 1018 in
1214 988 1284 1019 bibl.
1302 987 1497 1030 Escorialenfi
1514 989 1538 1022 ι)
1553 989 1662 1017 Enneas
1679 988 1694 1015 1
1708 992 1738 1017 et

902 1035 938 1062 Η.
964 1036 996 1068 2)
1013 1032 1158 1061 Enneades
1179 1030 1347 1065 mutilatae,
1369 1041 1433 1060 cum
1456 1030 1585 1059 eiusdem
1600 1031 1662 1059 vita
1683 1037 1736 1068 pet

900 1076 1112 1114 Porphyrium
1139 1079 1168 1108 3)
1182 1074 1330 1102 Enneades
1342 1075 1395 1104 VI.
1417 1073 1486 1102 teste
1501 1072 1613 1101 Patere
1633 1073 1667 1100 in
1686 1072 1734 1101 iti.-

901 1127 996 1151 nei-ar.
1012 1127 1063 1156 pet
1079 1115 1198 1156 Hispan.
1221 1125 1287 1155 pag.
1303 1121 1362 1152 187.

944 1160 976 1188 In
991 1157 1061 1187 bibl.
1081 1156 1214 1196 Leidenfi
1226 1160 1302 1186 inter
1318 1156 1401 1186 codd.
1419 1156 1546 1185 Voffian.
1561 1155 1620 1185 vita
1631 1160 1664 1183 ct
1684 1164 1734 1183 en-

899 1200 1021 1234 neades,
1045 1200 1109 1234 (sec.
1125 1196 1207 1229 catal.
1224 1197 1293 1229 bibl.
1314 1198 1457 1229 Leidenfis
1479 1208 1543 1238 pag.
1562 1205 1622 1231 391.
1645 1205 1689 1226 nr.
1707 1201 1731 1229 8.

899 1244 981 1272 catal.
1003 1241 1086 1272 codd.
1109 1240 1228 1279 Angliae
1252 1248 1280 1271 et
1304 1241 1428 1271 Hibern.
1452 1247 1523 1270 tom.
1540 1241 1578 1269 11.
1604 1248 1670 1279 pag.
1692 1244 1735 1274 58.

899 1296 943 1316 nr.
961 1285 1055 1323 2116.)

943 1329 976 1356 In
999 1325 1133 1356 biblioth.
1150 1324 1252 1365 Paris.
1282 1326 1342 1355 vita
1365 1332 1393 1355 et
1413 1324 1571 1357 carneades,
1594 1325 1625 1352 in
1649 1321 1733 1352 codd.

901 1370 1116 1400 MDCCCXVI.
1166 1372 1243 1403 (cum
1298 1369 1374 1397 notis
1411 1367 1506 1396 latinis
1549 1366 1734 1403 exegeticis.)

899 1412 1195 1445 MDCCCCLXVIH.
1206 1411 1470 1441 MDCCCCLXIX.
1485 1408 1732 1438 MDCCCCLXX.

871 1458 873 1460 ’
900 1455 1193 1485 MDCCCCLXXVI.
1219 1454 1431 1483 MMLXXXII.
1460 1467 1500 1474 -
1529 1450 1635 1480 Plotini
1658 1449 1733 1486 frag-

899 1505 1029 1527 mentum
1051 1496 1086 1525 de
1103 1495 1280 1532 virtutibus,
1311 1495 1346 1524 de
1366 1494 1517 1536 dialyeffiea
1537 1500 1566 1523 ct
1586 1493 1733 1527 beatitate,

900 1543 930 1570 in
952 1539 1016 1570 cod.
1032 1538 1224 1569 MDCXLIV.
1536 1548 1538 1551 ·

948 1582 1086 1612 Oxoniae
1101 1583 1131 1610 in
1146 1580 1215 1610 bibl.
1234 1579 1350 1617 collegii
1372 1580 1505 1619 corporis
1520 1579 1645 1612 Christi,
1669 1576 1733 1606 cod.

901 1626 1106 1656 MDLXXXV.
1129 1623 1235 1653 Plotini
1252 1624 1311 1652 vita
1334 1629 1361 1651 ct
1377 1621 1527 1651 enneades.
1552 1637 1593 1642 —
1615 1622 1645 1648 in
1661 1618 1731 1648 bibl.

901 1667 1099 1698 Bar-occiana
1120 1668 1150 1695 in
1174 1665 1238 1695 cod.
1255 1666 1365 1694 CXLV.
1395 1663 1539 1704 ampliora
1561 1662 1733 1700 fragmenta,

902 1709 979 1748 (vid.
1003 1708 1124 1746 catalog.
1146 1719 1210 1748 pag.
1229 1708 1288 1745 19.)
1326 1723 1367 1730 -·
1405 1705 1644 1744 cantabrigiae,
1672 1703 1735 1733 cod.

901 1752 1086 1782 CCCXVIII.
1104 1750 1174 1780 bibl.
1191 1749 1306 1787 collegii
1320 1751 1348 1779 S.
1362 1751 1538 1781 Trinitatis,
1562 1758 1630 1787 opp.
1647 1746 1735 1775 Ploti-

903 1796 950 1829 ni,
975 1805 1017 1831 gr.
1039 1808 1081 1816 —
1103 1795 1137 1822 In
1153 1792 1290 1822 biblioth.
1307 1792 1420 1830 Georg.
1441 1789 1582 1822 [Vleeleri‚
1605 1789 1737 1817 canonici

904 1836 1051 1876 quondam
1067 1834 1283 1867 Dunelmenfis,
1308 1833 1380 1863 Plot.
1400 1832 1556 1865 mundes,
1577 1841 1619 1869 gr.
1634 1830 1735 1870 (catal.

905 1881 952 1910 cit.
968 1888 1032 1919 pag.
1047 1885 1105 1914 357,
1123 1888 1166 1907 nr.
1184 1877 1293 1915 9090.)
1316 1875 1407 1905 Harl.

943 1965 979 1998 z)
1001 1964 1101 1992 Sumtu
1118 1962 1268 1990 Laurentii
1282 1959 1405 1989 Medicis
1425 1974 1468 1982 —-
1489 1958 1627 1998 impressit
1642 1967 1676 1987 ex
1691 1967 1735 1987 ar-

905 2005 1029 2045 chetypo
1043 2005 1184 2033 Antonius
1202 2002 1399 2032 Miscominus.
1412 2003 1551 2031 MCCCC.
1565 2001 1736 2030 LXXXXII.

905 2050 1013 2082 (1492.)
1031 2049 1114 2075 nonis
1131 2047 1212 2075 Maii.
1236 2044 1295 2075 vid.
1312 2044 1422 2075 Brazm
1437 2046 1467 2073 in
1485 2045 1589 2072 notitia
1604 2042 1638 2071 de
1654 2042 1735 2071 libri·

905 2088 973 2118 saec.
992 2090 1055 2119 XV.
1081 2091 1111 2117 in
1130 2088 1201 2118 bibl.
1217 2088 1336 2117 monast.
1358 2086 1395 2115 ad
1415 2088 1458 2116 SS.
1475 2085 1573 2114 Vdalr.
1590 2091 1621 2113 et
1636 2084 1738 2113 Afram

907 2132 1048 2169 Augustae
1064 2130 1178 2160 Vindel.
1194 2138 1264 2160 tom.
1283 2131 1319 2159 IL
1341 2139 1405 2170 pag.
1421 2137 1488 2165 234.
1512 2127 1547 2157 cl.
1563 2127 1681 2172 MoreH.
1702 2125 1738 2155 ad

907 2173 1013 2204 Pinelli
1027 2172 1146 2211 catalog.
1162 2175 1184 2203 1.
1199 2183 1244 2202 nr.
1262 2181 1327 2206 ¹331-
1353 2182 1418 2211 pag.
1433 2180 1483 2205 231
1499 2170 1538 2210 sq.
1564 2168 1736 2210 Audiffreci.

909 2215 1024 2257 specim.
1043 2216 1122 2246 editt.
1140 2214 1227 2245 italic.
1243 2214 1312 2244 saec.
1323 2216 1386 2244 XV.
1404 2224 1467 2254 pag.
1488 2223 1553 2248 3²9-
1567 2214 1618 2252 qui
1633 2211 1738 2240 editio-

909 2269 976 2288 nem
988 2258 1113 2288 Florent.
1131 2268 1155 2288 a.
1172 2263 1251 2293 1482.
1268 2267 1301 2286 ex
1317 2255 1447 2293 catalogo
1467 2254 1593 2296 quodam
1616 2263 1632 2282 a
1652 2255 1737 2283 Maii.

910 2302 1003 2335 tario,
1026 2303 1059 2330 A.
1073 2302 1113 2330 T.
1132 2301 1179 2330 IV.
1199 2310 1262 2340 pag.
1280 2308 1350 2336 437.
1367 2301 1492 2336 citatam,
1513 2307 1578 2329 cum
1593 2296 1648 2327 hoc
1662 2294 1738 2338 ipso,

909 2345 974 2374 iure
990 2343 1083 2374 censet
1099 2342 1235 2385 spuriam.
1258 2341 1351 2384 Harl.
