2049 2720
451 193 799 231 COLLECTIONES
829 192 1068 229 LIBRORVM
1101 193 1267 229 GALENI
1319 194 1390 229 Lib.
1403 193 1471 231 IV.
1491 206 1514 229 c.
1528 193 1640 230 XIX.
1687 198 1748 238 485

137 289 253 330 Galeni
276 291 397 338 aliquot
418 290 530 330 libelli,
547 290 620 337 ftil.
640 291 784 335 corporis
808 294 1052 334 temperaturam
1071 289 1168 323 animi
1191 288 1411 335 moresfiqui;
1434 289 1471 323 de
1492 289 1581 323 vitiis
1599 288 1696 321 animi
1714 292 1746 322 et

34 356 143 379 eorum
160 346 320 382 remediis;
345 341 507 389 deserti&
533 342 803 378 introduetorinu
827 343 865 374 a'e
880 341 1103 386 plenitudine-,⁸
1125 340 1163 373 de
1185 342 1300 383 optimo
1321 342 1460 384 corporis
1472 339 1585 384 statim
1612 339 1648 372 cle
1668 339 1745 372 bono

34 396 181 441 eorporis
203 395 332 439 habitn;
357 397 392 428 a'e
418 394 571 428 elementis·
591 394 666 428 libri
684 394 736 426 ll.
764 393 801 426 de
821 399 894 426 atra
920 392 999 430 bile,·
1027 392 1063 425 de
1084 392 1261 425 tumoribus
1282 399 1408 435 praefer
1428 398 1597 429 naturam,
1618 401 1680 435 ριν
1698 391 1747 424 lo.

36 447 232 483 Guinterum
247 447 368 491 partim
386 447 540 492 recogniti
557 447 783 491 parsimoniae
799 445 939 489 primum
955 443 1051 492 versi,
1076 439 1167 477 Bafil.
1183 441 1268 489 apud
1285 443 1424 478 Froben.
1454 454 1538 489 1529.
1554 453 1584 484 4.
1600 445 1620 465 ss

140 513 254 549 Galem'
273 512 311 547 de
335 513 441 546 diebus
464 512 645 546 decretoriis
668 512 744 546 libri
760 511 833 546 III.
865 512 902 545 de
921 510 1101 544 morborum
1123 510 1317 554 temporibus
1335 510 1413 544 liber
1431 511 1456 544 I.
1486 510 1524 543 de
1542 506 1749 555 generalibus

35 565 217 601 morborum
236 565 447 608 temporibus,
472 564 540 607 (Io.
555 564 718 600 Guintero
735 561 935 609 interprete.)
964 558 1057 596 Paris.
1082 559 1167 608 apud
1186 560 1315 595 Simon.
1332 562 1539 595 Colinaeum.
1565 571 1650 604 ¹529·
1668 565 1699 599 8.

135 629 254 666 Galeni
277 627 466 676 diffeffionis
493 641 644 664 venarum
667 632 921 676 arteriarnmque
945 629 1225 666 commemoratum
1263 627 1398 661 eiusdem
1421 626 1459 660 de
1481 627 1590 660 neruis
1611 635 1751 670 compen-

33 683 142 725 dium,
162 681 311 716 Antonio
329 681 461 714 Fortolo
481 682 667 726 interprete,
693 679 784 719 Bafil.
804 682 840 715 in
865 679 969 716 aedib.
987 680 1119 715 Thom.
1136 678 1268 714 Wolfii.
1284 683 1303 703 *
1331 690 1416 723 ¹529·
1433 684 1464 718 8.

141 748 260 784 Galeni
281 759 376 794 opera
397 760 481 782 nunc
497 748 617 783 demum
638 761 658 783 a
677 748 847 794 clariffimis
863 749 954 783 iuxta
969 753 999 781 et
1016 748 1150 782 eruditis
1167 748 1249 781 viris
1265 746 1424 780 latinitate
1439 743 1576 782 donata,
1596 740 1659 778 iam
1679 752 1752 775 vero

6 839 15 853 Ι
36 800 148 836 ordine
170 798 248 845 iusto
270 806 299 834 et
317 798 428 846 studio
456 800 653 848 exquisitiore
672 802 706 834 in
728 800 821 833 lucem
844 811 950 834 recens
976 799 1070 833 edita.
1106 799 1203 847 Bafil.
1226 799 1314 844 apud
1333 796 1445 832 Andr.
1467 794 1640 830 Cratandr.
1666 804 1751 837 1529.

10 849 98 889 ‘fot
114 852 194 887 min.
211 850 232 870 ἕ
293 852 516 886 Continentur
539 853 574 886 in
598 851 661 886 hae
686 850 886 887 collectione
907 851 1045 885 Erasmo
1074 850 1207 897 interpr.
1261 847 1310 884 Ad
1336 848 1436 883 bonas
1457 856 1538 882 artes
1558 843 1754 880 exhortatio.

37 903 90 938 De
115 904 246 952 optimo
265 900 396 936 dicendi
420 915 550 950 genere.
601 902 701 949 Qod
726 904 872 949 optimus
894 901 1039 937 medicus
1059 899 1098 936 fit
1123 911 1156 936 et
1179 897 1404 948 philosophus.
1463 898 1526 932 Th.
1544 897 1683 931 Linacro
1704 895 1753 927 in-

37 963 195 1001 terprete:
222 954 273 987 De
292 954 568 1000 temperamentis.
620 954 672 987 De
694 953 856 1000 inaequali
877 953 1081 998 intemperie.
1133 950 1286 987 Method.
1310 947 1465 986 medendi
1488 948 1545 985 lib.
1562 948 1650 981 xlv.
1700 946 1754 979 De

37 1001 173 1041 sanitate
193 1002 312 1039 tuenda
333 1002 387 1039 lib.
404 1005 461 1039 VI.
511 1004 564 1038 De
586 1003 724 1039 natural.
747 1001 892 1039 facultat.
913 1002 967 1038 lib.
983 1004 1039 1040 111.
1090 1002 1142 1036 De
1156 999 1310 1050 pulsuum
1326 998 1395 1037 vsu.
1446 996 1536 1036 Guil.
1554 997 1643 1043 Copo
1658 998 1755 1031 inter·

37 1065 147 1107 prete:
184 1057 237 1091 De
261 1053 342 1090 locis
361 1052 486 1090 affeffis
510 1053 562 1089 lib.
579 1055 635 1090 VI.
695 1056 748 1090 De
771 1054 965 1090 morborum
988 1050 1190 1088 differentiis.
1247 1055 1299 1096 De
1320 1053 1516 1088 morborum
1539 1047 1650 1084 caufis.
1702 1048 1754 1082 De

36 1106 302 1156 symptomatum
322 1103 515 1141 differentia.
565 1107 617 1141 De
641 1103 903 1155 symptomatum
925 1103 1023 1140 caulis
1047 1104 1103 1139 lib.
1119 1105 1175 1140 111.
1226 1105 1403 1139 Laurentio
1420 1102 1640 1137 Laurzntiano
1661 1101 1756 1134 inter·

39 1169 147 1208 prete:
199 1160 236 1192 ln
257 1159 468 1206 Hippocratis
489 1157 752 1205 praedidlionum
779 1158 849 1193 libr.
866 1158 922 1192 111.
951 1157 1021 1190 Nic.
1041 1157 1231 1190 Leoniceno
1260 1157 1453 1202 interprete:
1503 1155 1540 1187 In
1570 1153 1756 1199 Hippocra-

37 1213 78 1247 tis
101 1211 307 1258 aphorismos
329 1209 382 1243 lib.
398 1209 469 1243 VII.
521 1211 582 1243 Ars
606 1206 820 1245 medicinalis.
870 1209 957 1242 Artis
979 1209 1140 1241 curatiuae
1161 1206 1200 1241 ad
1225 1205 1432 1241 Glauconem
1455 1204 1511 1239 lib.
1527 1203 1568 1237 11.
1620 1204 1672 1237 De
1693 1198 1755 1235 dif-

38 1259 187 1298 ferentiis
212 1258 357 1295 febrium
377 1258 488 1294 lib.11.
546 1260 598 1294 De
623 1258 754 1294 crifibus
775 1259 831 1294 lib.
848 1260 887 1293 11.
946 1259 998 1293 De
1020 1257 1164 1292 motibus
1190 1254 1417 1293 musculorum
1439 1255 1494 1290 lib.
1509 1255 1548 1289 Η.
1606 1254 1756 1287 Antonio

30 1312 178 1350 *Fortolo
207 1313 398 1359 interprete:
432 1312 484 1345 De
514 1323 673 1346 venarum
702 1312 962 1357 arteriarumque
995 1305 1186 1344 diffeetione
1213 1307 1268 1345 lib.
1283 1309 1308 1343 1.
1374 1308 1426 1343 De
1457 1316 1638 1341 neruorum
1664 1300 1756 1339 disse·

30 1365 158 1400 (lione.
222 1362 413 1397 Theoderico
429 1362 592 1398 Gaudano
619 1364 815 1410 interprete:
865 1362 915 1396 De
944 1362 1069 1395 ratione
1101 1358 1238 1395 curandi
1272 1371 1331 1407 per
1362 1356 1526 1406 sanguinis
1556 1353 1754 1401 miffionem.

39 1416 91 1454 De
118 1412 342 1452 hirudinibus,
376 1411 580 1458 reuulssone,
610 1413 832 1455 cucurbitula,
862 1410 1106 1447 scarificatione.
1163 1413 1246 1446 Iona
1261 1409 1435 1458 Philologo
1455 1411 1647 1456 interprete:
1681 1407 1757 1441 Me·

40 1466 187 1503 dicatum
203 1461 434 1501 definitionum
451 1464 532 1500 liber
548 1466 570 1500 1.
623 1466 674 1501 Io.
692 1466 795 1500 Petro
814 1464 936 1506 Valla,
963 1463 1174 1506 Placentino,
1196 1466 1388 1512 interprete:
1414 1458 1612 1496 Succidanea
1633 1456 1691 1510 lib.
1705 1458 1730 1492 1.

143 1533 259 1569 Galeni
277 1532 313 1566 de
337 1533 551 1582 compositione
573 1533 862 1568 medicamentorum
882 1527 981 1569 κατ-οὶ
1001 1532 1079 1576 ’γένη
1098 1530 1169 1566 libr.
1186 1530 1226 1566 V
1224 1531 1275 1565 II.
1298 1542 1358 1574 per
1369 1530 1417 1564 Io.
1433 1528 1639 1564 Guinterium
1652 1524 1756 1559 latini-

41 1590 105 1622 tate
119 1585 239 1619 donati.
267 1584 418 1618 Eiusdem
435 1584 472 1617 de
481 1584 677 1630 ponderibus
693 1592 721 1618 et
737 1584 894 1630 mensuris
911 1585 986 1617 liber
1001 1582 1110 1617 Andr.
1123 1584 1252 1616 Alciato
1266 1584 1447 1626 interprete.
1469 1578 1660 1621 Bafil.·1530.
1676 1573 1758 1611 ἱοὶές

141 1651 193 1688 Cl.
209 1650 326 1686 Galeni
348 1651 386 1685 de
409 1652 594 1685 anatomicis
620 1650 841 1695 administrate
853 1651 946 1684 nibus
971 1649 1044 1684 libri
1062 1649 1132 1683 IX.
1191 1649 1249 1684 De
1276 1647 1493 1694 constitutions
1519 1646 1603 1679 artis
1628 1642 1758 1677 medicae

41 1704 127 1741 liber.
181 1702 234 1738 De
255 1701 391 1736 theriaca
406 1703 450 1736 ad
467 1703 616 1749 Pisonem
635 1702 919 1736 commentariolus.
974 1701 1028 1735 De
1048 1700 1191 1747 pulsibus
1216 1700 1260 1734 ad
1277 1700 1440 1734 medicinae
1463 1697 1647 1731 candidatu
1668 1695 1756 1727 liber.

42 1756 110 1790 Per
128 1756 174 1840 lp.
182 1754 410 1840 1Gzcinterium,
437 1752 684 1795 Andernacnm,
704 1754 866 1788 latinitate
885 1755 947 1787 iam
966 1764 1070 1787 recens
1089 1752 1219 1787 demta.
1244 1748 1339 1787 Bafil.
1363 1748 1449 1798 apud
1466 1747 1569 1783 Andr.
1585 1742 1758 1782 Cratandr.

42 1818 122 1853 1531.
159 1819 180 1840 o
196 1831 204 1839 .

143 1868 332 1916 Historiales
360 1873 461 1916 cainpi
484 1882 545 1916 per
571 1872 735 1916 Symphor.
755 1871 959 1915 Campeginm
991 1872 1026 1904 in
1056 1870 1121 1904 IV.
1139 1870 1236 1903 libros
1257 1867 1376 1914 digesti.
1442 1864 1608 1900 Accedunt
1631 1860 1757 1910 Symplu.

47 1923 210 1968 Campegii
236 1921 449 1969 clysteriornm
470 1922 647 1968 secundnm
669 1922 785 1956 Galen?
812 1927 941 1954 mentem
970 1921 1095 1955 libellus
1121 1926 1152 1954 et
1178 1920 1315 1954 eiusdem
1337 1919 1373 1953 de
1391 1917 1598 1963 phlebotomia
1618 1915 1693 1949 libri
1706 1912 1758 1946 II.

43 1973 135 2010 Bafil.
157 1971 243 2021 apud
260 1972 360 2007 Andr.
378 1971 551 2007 Cratandr.
574 1981 605 2006 et
619 1974 668 2006 Io.
683 1971 786 2006 Bebel.
812 1983 894 2017 1532.
909 1969 971 2006 fol.
1036 2002 1038 2005 .

145 2040 260 2076 Galeni
275 2041 307 2073 ia
323 2039 440 2072 librum
456 2039 664 2082 Hippocratis
678 2038 714 2072 de
732 2037 837 2072 vinus
851 2038 976 2071 ratione
992 2039 1025 2071 in
1039 2037 1156 2071 morbis
1171 2037 1274 2071 acutis·
1286 2036 1499 2070 commentarii
1512 2034 1582 2070 JV.
1611 2035 1653 2068 Io.
1676 2031 1716 2069 V
1711 2031 1758 2077 sss-

31 2091 94 2140 *seo
111 2093 295 2137 interprete,
320 2103 371 2125 nec
390 2101 454 2124 nn
473 2091 608 2125 eiusdem
627 2092 664 2125 de
676 2089 798 2136 semine
813 2090 888 2124 libri
905 2089 958 2124 II.
985 2090 1209 2124 Io.·Gnintero
1225 2090 1414 2134 interprete,
1441 2084 1532 2121 Basil.
1553 2084 1637 2134 apud
1656 2081 1758 2118 Andr.

47 2143 276 2179 Cratandrum.
304 2154 386 2186 1533.
404 2140 464 2176 fol.
1301 2153 1303 2156 ·

147 2209 260 2245 Galem'
278 2209 314 2243 de
336 2207 396 2254 usn
410 2208 555 2255 partium
570 2208 715 2254 eorporis
729 2206 855 2240 humani
868 2206 939 2240 libri
954 2205 1083 2240 XVII.
1113 2205 1187 2240 Nic.
1205 2205 1308 2252 Regio
1324 2205 1506 2249 interprete.
1561 2202 1614 2236 De
1633 2198 1756 2244 otifana

47 2262 216 2347 imm-prule
231 2263 275 2335 ἑο.
292 2260 415 2297 Poleto.
468 2260 521 2294 De
543 2271 655 2294 renum
677 2257 810 2305 affeelus
832 2259 1017 2304 dignotione
1037 2263 1068 2291 et
1088 2258 1289 2292 medicatione
1303 2257 1434 2301 interpr.
1454 2256 1530 2291 Chr.
1544 2253 1639 2300 Heyl.
1663 2248 1755 2284 Basll.

67 2324 129 2357 533·
172 2325 217 2346 0-

151 2383 263 2417 (ἶοῖρηὶ
283 2381 320 2416 de
342 2382 552 2428 ffppncratis
573 2389 601 2415 et
628 2381 776 2415 Platonis
797 2381 925 2415 decretis
948 2379 1043 2413 latine
1062 2378 1110 2412 Io.
1128 2376 1248 2412 Bernh.
1262 2377 1418 2412 Feliriano
1439 2378 1615 2419 interprete.
1668 2368 1758 2407 Acce·

50 2434 134 2467 dunt
147 2434 260 2469 Galeni
274 2435 310 2468 de
325 2437 483 2469 anatomia
500 2437 637 2468 matrim
649 2434 703 2467 lib.
719 2437 748 2469 1.
775 2440 804 2467 et
820 2434 857 2468 de
869 2433 1023 2480 foetuum
1035 2431 1235 2476 formatione
1254 2431 1306 2463 lib.
1322 2431 1348 2464 I.
1372 2428 1472 2464 codem
1487 2427 1645 2461 Feliciono
1663 2424 1759 2456 inter-

903 2485 926 2518 f
936 2495 958 2531 p
966 2495 988 2531 P
1015 2493 1032 2524 3
1648 2480 1753 2520 prete.
