2049 2720
59 86 361 133 t⁷01.1X-p.697Q
665 89 730 124 'DE
763 89 919 138 QHBVS
958 90 1122 128 SVIDAS.
1377 94 1449 129 Lib.
1463 94 1510 131 V.
1529 108 1554 131 c.
1573 95 1650 134 XL.
1704 109 1768 144 457

153 199 243 230 «μασι
257 180 490 224 ‚carolem-vv,
513 185 624 220 litteris
643 193 798 220 notatam.
852 183 946 220 Vnde
961 186 1170 233 prouerbium
1191 182 1379 236 ἐπιμενῖδιον
1403 184 1510 239 δέρμα
1535 189 1575 224 de
1603 191 1694 226 rebus
1716 204 1768 227 re-

154 234 303 270 conditis.
364 237 454 271 Vixit
470 235 677 285 Olympiade
697 237 798 271 XXX.
825 245 859 271 vt
880 247 910 271 et
932 234 1054 284 septem
1077 236 1231 286 sapientes
1256 241 1409 275 Graeciae
1432 240 1632 276 antecesserit
1655 253 1767 285 aetate,

149 285 201 319 vel
223 284 333 321 saltem
357 286 430 322 illos
450 288 606 335 adngerit.
660 290 724 323 Hic
747 290 814 323 iam
837 285 933 323 senex
949 290 1111 330 Athenas,
1137 291 1287 333 Cylonio
1306 289 1422 327 scelere
1438 292 1591 341 pollutas,
1615 293 1765 329 lusitauit

151 336 291 384 Olymp.
317 339 428 375 XLIV.
450 339 576 387 Scripsit
601 340 703 375 multa
734 338 890 374 versibus:
927 342 1071 388 itemque
1103 344 1249 375 oratione
1276 341 1387 389 prosa,
1414 344 1575 390 mysteria
1603 345 1764 393 quaedam

150 398 185 422 et
211 388 416 425 lustrationes
438 402 468 425 et
483 391 544 426 alia
560 392 784 439 aenigmatica.
837 390 886 425 Ad
903 393 990 426 hunc
1006 391 1128 433 Solon,
1147 391 1336 440 legislator,
1359 393 1499 444 scripsit,
1526 396 1762 445 reprehendens

153 439 236 473 vxbis
258 440 492 477 lustrationem.
548 444 638 477 Vixit
662 455 764 477 annos
790 443 854 477 CL.
883 453 913 477 et
938 440 991 476 sex
1015 445 1187 477 continuos
1210 443 1381 481 dormiuit.

52 487 106 533 [if]
138 490 292 536 Fpinicus
320 493 438 540 etipse
461 496 628 536 comicus,
656 507 693 528 ex
716 496 803 528 cuius
823 491 938 528 fabulis
957 491 1244 541 ὑποβαλλόμενοη
1274 499 1443 532 Athenaeo
1468 508 1678 534 memoratae.

49 540 273 589 Epiphanius,
300 543 431 590 leiani
448 547 479 579 F.
498 546 654 584 Persaeus,
680 543 837 592 sophista,
861 548 916 594 qui
934 555 962 579 et
981 547 1014 579 in
1034 549 1154 594 patria,
1179 549 1286 588 Petra,
1309 557 1339 581 et
1356 550 1490 583 Athenis
1512 548 1630 587 docuit.
1681 551 1764 584 Scri-

144 592 213 639 'psit
233 595 308 643 περὶ
334 598 499 634 κοινωνίας
519 612 574 643 Qq
599 593 771 646 διαφορᾶς
794 598 858 634 τῶν
881 595 1031 637 ςαῖτεων,
1072 599 1107 631 de
1129 599 1186 637 iis,
1214 597 1414 644 quaeflatm
1437 601 1600 646 cansarum
1627 602 1763 647 interse

153 649 324 679 comnnmia
348 649 461 681 habent
485 654 515 681 ct
536 652 568 681 in
592 651 703 693 quibus
724 648 886 694 differunt.
938 649 1243 694 Progymnasmata.
1277 650 1541 687 Declamationer.
1591 653 1764 687 Orationes

148 694 381 731 Demarclzims.
409 699 594 732 Orationem
619 699 891 734 Polenmrclzicam.
918 696 1029 746 λέγες
1052 695 1275 739 §nullamne-mgis-
1295 700 1361 736 siue
1382 703 1576 749 eloquentiae
1590 703 1764 749 specimina

150 754 181 780 et
200 747 393 782 theoremata
418 748 579 797 quaedam
601 750 798 796 miscellanca.

47 795 269 844 Epiphanius,
309 798 478 848 episcopus
502 801 729 843 Constantiae,
755 802 836 836 vrbis
859 805 983 851 Cypri,
1022 802 1105 839 olim
1139 803 1277 839 Salamis
1306 802 1421 839 dietae.
1483 801 1616 853 Scripsit
1651 813 1764 839 contra

147 861 261 885 omnes
282 849 445 893 haereses,
472 851 591 894 libros,
619 855 671 900 qui
687 856 828 899 panaria
849 866 1018 889 vocantur.
1077 857 1158 890 Item
1181 855 1242 890 alia
1269 855 1390 896 multa,
1422 867 1506 902 quae
1527 869 1544 890 a
1560 855 1663 890 duciis
1689 869 1765 902 pro-

149 910 219 947 pter
238 914 288 936 res
316 900 415 949 ipsas,
450 903 489 937 ab
514 903 651 938 indoctis
675 915 811 952 propter
838 904 947 940 stilum
974 906 1137 952 leguntur.
1215 905 1355 940 Decessit
1373 909 1403 940 in
1428 915 1572 940 extrema
1591 904 1764 941 senectute.

48 951 267 999 Epiphanius,
295 951 464 1000 episcopus
485 953 670 998 Selybriae,
694 954 759 990 siue
775 956 943 999 Olyb1iae.
993 956 1124 1005 Scripsit
1153 955 1256 1002 λέγεν
1288 955 1514 1005 οἰντιξῖῥητικόν
1537 955 1764 995 κατ’-εἷκονο-

149 1005 304 1044 muna,
332 1006 411 1045 λίαν
428 1003 617 1053 ὠφέλιμον,
644 1006 764 1041 lib-rum
780 1007 873 1042 valde
896 1007 1005 1042 vtilem
1029 1018 1141 1043 contra
1164 1021 1239 1051 eos,
1267 1012 1323 1056 qui
1348 1011 1506 1056 imagines
1528 1009 1726 1044 cremabant.

45 1054 248 1101 Epiphanius
270 1065 301 1089 et
322 1057 504 1104 Euprepius
517 1084 525 1098 ,
552 1056 783 1100 Alexandrini,
811 1061 979 1094 initiorum
996 1058 1062 1094 siue
1076 1059 1331 1104 mysteriorum,
1357 1058 1442 1108 apud
1461 1058 1701 1095 Alexandrinos
1717 1073 1764 1095 re-

149 1115 343 1154 ceptorum,
374 1106 571 1156 peritissimi:
598 1111 780 1157 Euprepius
796 1109 928 1158 quidem
946 1110 1101 1153 illorum,
1130 1125 1213 1159 quae
1229 1110 1350 1145 Persica
1373 1112 1589 1152 vocabantur;
1625 1113 1764 1159 Epipha-

136 1159 216 1192 -nius
232 1157 379 1198 illorum,
407 1172 489 1207 quae
504 1162 536 1195 in
556 1158 687 1194 Osiridis
702 1162 865 1196 honorem
883 1161 1137 1203 celebrabantur,
1166 1172 1198 1197 et
1219 1160 1454 1197 celebratissimi
1477 1164 1539 1198 Dei
1561 1165 1682 1198 Aeonis
1700 1172 1762 1198 etc.

150 1212 206 1251 (ex
228 1209 432 1256 Damascio.)

46 1258 192 1307 Epistola
209 1262 298 1305 (IX.)
325 1260 452 1303 Iuliani,
474 1263 656 1309 parabatae‚
676 1261 716 1297 ad
735 1263 969 1309 Porphyrium,
993 1263 1215 1306 catholicum,
1261 1276 1343 1312 quae
1364 1264 1451 1299 iubet
1473 1262 1641 1313 copiosam
1663 1266 1764 1300 Geor«

146 1313 192 1359 gii
218 1310 471 1360 (Cappadocis)
500 1314 728 1350 bibliothecam
760 1317 870 1348 omnis
900 1317 1027 1363 generis
1049 1313 1270 1364 philosophiS,
1305 1315 1416 1350 multis
1439 1318 1535 1351 etiam
1560 1326 1763 1352 commenta-

144 1364 271 1398 riorum
293 1361 496 1412 scriptoribus
523 1363 696 1408 refertam,
734 1367 768 1400 in
791 1365 904 1414 quibus
926 1366 958 1402 et
979 1367 1082 1403 multa
1105 1381 1142 1402 ac
1164 1369 1251 1401 varia
1274 1367 1500 1403 Galilaeorum
1523 1366 1656 1417 scripta,
1691 1370 1761 1403 vni-

144 1412 267 1450 versam
289 1414 330 1451 ad
358 1413 389 1450 se
413 1418 621 1452 Antiochiam
644 1419 825 1452 transmitti.

46 1462 247 1512 'Evam-ona,
270 1465 313 1503 fic
336 1478 470 1503 vocatur
483 1468 631 1512 historia,
653 1470 789 1504 heroico
805 1466 894 1503 versu
912 1466 1037 1518 scripta.
1089 1470 1178 1506 Nam
1199 1468 1322 1518 poesis,
1350 1482 1432 1518 quae
1454 1478 1540 1505 caret
1557 1467 1687 1511 fabula,
1716 1467 1761 1504 est

144 1520 313 1566 epopoeia.

41 1567 265 1607 Erasistratus,
292 1569 421 1606 Iuliates
436 1573 544 1612 Ceius,
573 1582 611 1606 ex
624 1571 763 1613 Iuliade,
786 1573 855 1612 Cei,
882 1570 1016 1614 insulae,
1042 1570 1179 1620 oppido,
1197 1571 1291 1608 ‘filius
1306 1574 1526 1613 Cretoxenae,
1552 1570 1667 1616 Medii,
1692 1585 1759 1607 me-

139 1618 229 1664 diei,
249 1618 371 1656 sororis
388 1633 418 1658 et
434 1622 652 1660 Cleombroti‚
704 1624 771 1657 Hic
788 1623 1010 1663 Antiochum,
1033 1635 1168 1670 regem,
1204 1625 1399 1659 Stratonices
1414 1636 1576 1659 nouercae
1592 1635 1704 1658 amore
1717 1622 1762 1658 la-

144 1671 333 1716 borantem,
358 1672 490 1709 sanauit.
544 1674 694 1722 Sepultus
718 1673 762 1708 est
783 1675 872 1708 iuxta
893 1683 1045 1710 montem
1061 1673 1243 1720 Mycalen,
1280 1688 1297 1710 e
1320 1677 1456 1724 regione
1478 1676 1576 1711 Sami.
1630 1672 1762 1723 Scripsit:

145 1724 182 1757 cle
203 1736 238 1759 re
258 1726 373 1760 medica
394 1727 493 1760 libros
506 1727 571 1760 IX.

45 1773 289 1816 Eratosthenes,
328 1777 422 1823 Aglai
438 1777 487 1811 vel
504 1775 667 1812 Ambrofii
683 1778 718 1811 F.
736 1778 944 1821 Cyrenaeus,
975 1776 1154 1819 Aristonis,
1183 1775 1393 1826 philosophi,
1417 1777 1512 1818 Chii,
1539 1785 1570 1811 et
1593 1774 1760 1822 Lysaniae,

147 1825 322 1870 Cyrenaei,
348 1830 572 1874 grammatici,
599 1838 629 1862 et
649 1828 862 1866 Callimachi,
886 1838 1020 1873 poetae,
1044 1826 1227 1876 discipulus.
1280 1827 1451 1862 Arceffitus
1468 1829 1600 1862 Athenis
1622 1841 1640 1862 a
1656 1827 1761 1862 Ptole-

146 1890 244 1912 maeo
268 1879 362 1913 tertio
385 1878 423 1913 ad
452 1880 600 1927 quintum
623 1890 721 1926 vsque
741 1881 828 1912 vixit.
880 1879 946 1912 Hie
971 1877 1059 1926 quod
1080 1881 1113 1913 in
1134 1881 1226 1913 omni
1247 1879 1414 1914 doch-inae
1438 1892 1557 1926 genere
1579 1876 1760 1913 secundum

146 1929 259 1964 locum
276 1937 403 1964 *teneret
420 1940 451 1964 et
474 1932 551 1964 viris
575 1927 708 1964 summis
730 1932 899 1977 proximus
921 1927 1014 1970 esset,
1047 1932 1116 1965 beta
1138 1940 1269 1965 vocatus
1293 1931 1346 1965 est.
1406 1930 1469 1964 Alii
1491 1943 1566 1964 eum
1591 1930 1761 1965 Platonem

149 1977 328 2015 seeundum
354 1982 404 2016 vel
431 1983 615 2022 iuniorem,
650 1980 702 2015 alii
725 1980 928 2018 πένταθλον
952 1991 983 2015 et
1009 1983 1303 2029 quinquercionem
1324 1979 1538 2029 adpellarunt.
1575 1983 1693 2016 ‘Natus
1717 1979 1762 2015 est

149 2032 294 2067 CXXVI.
309 2031 530 2081 Olympiade,
558 2033 636 2067 obiit
657 2036 766 2067 aetatis
789 2046 876 2067 anno
895 2034 1020 2067 LXXX.
1045 2046 1085 2067 ex
1109 2032 1214 2068 inedia
1240 2043 1372 2081 propter
1387 2034 1567 2067 hebetatam
1584 2031 1761 2068 oculorum

149 2086 273 2125 aciem,
308 2085 424 2119 relhsto
439 2083 555 2131 infigni
575 2082 744 2130 discipulo,
766 2083 993 2132 Aristophane,
1021 2084 1075 2130 [If]
1095 2085 1271 2128 Byzantio,
1309 2087 1397 2119 cuius
1412 2082 1587 2131 discipulus
1608 2082 1671 2119 fuit
1692 2085 1764 2119 Ari·

150 2133 314 2176 ssat-chus,
353 2137 446 2171 huius
473 2148 552 2170 vero
579 2132 744 2176 Mnaseas,
784 2135 969 2170 Menander
998 2144 1027 2170 et
1050 2137 1173 2171 Arissis.
1242 2135 1372 2185 Scripsit
1400 2134 1646 2184 philosophica,
1682 2147 1761 2183 poe-

150 2197 256 2228 mata,
285 2197 315 2221 et
336 2187 492 2222 historias.
547 2186 780 2232 Astrmzomiam
802 2185 869 2221 fiue
893 2188 1116 2233 catasterimzos
1135 2187 1174 2222 de
1200 2190 1257 2230 iis,
1284 2191 1336 2235 qui
1365 2190 1447 2222 inter
1472 2187 1551 2222 assra
1575 2186 1665 2222 relati
1681 2185 1763 2221 sunt.

149 2239 232 2272 Item
257 2239 294 2272 dc
311 2239 575 2285 philosophorum
586 2238 696 2286 seHis.
735 2238 787 2272 De
809 2240 966 2274 vacuitate
989 2240 1117 2274 doloris.
1151 2239 1314 2287 Dialogus
1340 2239 1463 2277 multos
1490 2248 1520 2274 et
1533 2238 1638 2276 multa
1652 2249 1762 2286 gram-

148 2291 275 2324 nmtica.

51 2341 208 2375 Etennius
236 2353 427 2389 cognomen
448 2338 517 2390 ¹fuit
536 2340 681 2379 Philonis
709 2340 840 2391 Byblii‚f
865 2352 898 2378 vt
922 2339 986 2391 ipse
1009 2341 1095 2378 dicit.

101 2400 165 2432 Vol.
183 2400 244 2434 VI.
1045 2394 1085 2432 M
1094 2406 1128 2431 m
1138 2406 1174 2430 m
1627 2393 1767 2434 Erinna,
