2049 2720
98 66 207 96 vaux.
221 65 361 100 1291292
568 60 638 99 ET
664 61 794 101 ALIOS
819 62 1096 100 SCRIPTORES
1123 61 1340 104 GRAECOS.
1469 66 1541 106 Lib.
1557 68 1605 110 V.
1627 71 1711 110 XL·
1763 76 1825 123 675'

98 161 415 210 Iungermanniana',
444 156 607 202 Galeam,
631 161 845 196 Gronouiana
869 159 916 205 [et
933 157 1142 209 &Vess‘elingJ
1192 162 1295 198 Rreue
1311 160 1400 198 aliud
1416 160 1548 200 lexicon
1565 168 1737 214 Anonymi
1753 172 1819 210 τῶν

90 210 303 264 Ἡροδοτεέων
325 210 465 262 λέξεων,
493 211 583 261 quod
604 225 644 248 ex
666 211 779 247 codice
802 209 950 246 Goldassi
973 215 1114 247 occurrit
1145 213 1179 247 in
1209 213 1352 249 editione
1372 215 1523 254 Grouou.
1543 232 1575 267 p.
1596 227 1671 263 748.
1710 222 1817 259 Maus.

90 262 183 301 sacus
200 265 414 306 existimauit,
443 261 506 299 effe
519 274 708 313 excerptum
733 275 772 299 ex
791 261 963 311 Apollonii
991 260 1170 310 ’γλσίσσοιις
1190 261 1373 316 Ἡροδότε,
1407 280 1485 316 quas
1511 282 1551 304 ex
1579 284 1706 320 magno
1736 275 1817 319 Ety-

92 316 268 365 mologico
291 313 388 363 supra
408 317 581 350 nominaui
604 316 634 363 §
657 316 743 352 vm.
771 327 800 350 v.
819 313 971 361 Aponon.
1024 313 1117 352 Idem
1141 315 1221 352 illud
1243 320 1290 358 H.
1312 319 1493 367 Stephanus
1512 321 1642 370 pridem
1672 326 1711 360 A.
1730 329 1814 370 1564.

93 376 125 410 8.
147 367 291 404 ediderat
316 366 356 403 ad
384 367 510 402 calcem
532 363 579 402 sui
597 369 747 402 Erotiani
771 379 845 415 pag.
863 376 931 410 105.
964 367 1002 401 In
1034 366 1212 403 Herodoto
1242 370 1334 405 Tho.
1366 371 1460 407 Gale-i
1483 374 1578 409 habes
1606 377 1703 411 etiam
1732 377 1814 413 indi.

91 433 167 456 cem
190 418 374 455 dielionum
411 417 579 454 Herodoti
609 420 799 454 Ionicarum
825 417 1113 467 graeco-latinum
1144 422 1378 457 concinnatum
1407 437 1425 458 a
1446 425 1595 460 Nathane
1623 428 1757 465 Nicols:
1782 438 1813 465 et

38 512 39 515 Ἰ
90 470 273 509 editionem
293 473 357 507 Iac.
380 471 544 507 Gronouii
565 469 688 506 claudit
709 469 808 506 index
830 482 951 506 vocum
973 482 1186 518 graecarum,
1211 471 1251 508 de
1273 473 1387 522 quibus
1411 476 1446 511 in
1468 479 1554 512 notis
1582 477 1713 516 differit.

192 557 233 592 In
241 555 473 603 Hippocratem
487 555 633 591 Erotiani
647 564 678 591 et
692 552 805 591 Galeni
824 551 947 602 saepius
967 552 1068 594 edita,
1102 554 1310 604 aliorumque
1332 555 1497 605 deperdita
1514 560 1666 608 gloffiaria
1681 568 1813 601 memo:

93 611 164 645 raui
175 607 197 644 l.
206 619 237 652 4.
252 614 341 650 c.38.
360 607 389 655 §
398 617 427 649 4.
443 603 642 656 sq.inh.vol.
655 622 689 657 p.
700 606 765 650 2¹33.
778 604 821 655 sq.
847 606 898 640 vbi
914 608 1012 640 etiam
1026 606 1150 642 diclum
1165 605 1206 641 de
1219 611 1330 644 Anutii
1343 610 1368 644 F
1370 607 1450 644 oefii
1462 609 1567 646 lexico
1582 614 1810 663 Hippocraten

36 666 37 669 ’
94 656 346 696 elaboratiffimo
368 656 522 695 Francos.
547 665 631 702 ¹588.
687 660 813 696 Geneu.
830 658 922 695 1662.
938 654 1001 696 fol.
1029 667 1061 693 et
1075 655 1115 693 de
1129 659 1201 697 Ioh.
1217 659 1363 695 Conradi
1378 662 1533 698 Dieterici
1547 666 1654 701 {atreo
1677 668 1811 716 Hippo.

91 713 196 748 catico
219 709 287 746 fiue
307 707 417 744 lexico
437 712 470 744 in
497 709 711 757 Hippocratis
736 705 971 756 Aphorismos‚
1004 707 1130 745 Giess‘ae
1155 712 1246 755 1656.
1279 711 1368 747 Vlm.
1392 714 1478 750 1661.
1503 725 1532 757 4.
1561 727 1651 752 nunc
1681 727 1809 756 tantum

34 762 35 790 ἶ
91 761 198 805 addo,
222 763 257 797 in
278 760 541 810 ephemeridibus
570 761 728 797 litterariis
757 758 978 796 parisiensibus
999 762 1037 796 A.
1065 773 1144 805 1715·
1167 759 1279 799 mense
1301 762 1386 799 Iulio
1411 776 1518 813 p.113.
1542 763 1586 815 sq.
1613 769 1810 819 propediem

91 813 256 851 edendum
270 815 418 862 promitti
435 810 653 859 Douequerfi,
675 812 794 849 medici
819 809 1051 851 cadomensis,
1075 812 1205 850 lexicon
1225 813 1392 852 medicum
1415 814 1592 853 vniuersale
1608 821 1810 871 etymologi-

90 879 169 902 cum
193 875 225 901 et
244 863 506 915 philologicum‚
530 865 565 899 in
587 877 652 912 quo
672 863 821 900 vndecies
841 863 934 899 mille
962 863 1123 899 vocabula
1147 867 1279 902 rarioris
1302 864 1377 901 'vsus
1396 867 1436 902 ab
1467 869 1654 906 auetoribus
1683 875 1808 920 graecis

86 918 194 954 latinis
218 925 250 953 et
269 915 395 965 gallicis
419 914 561 951 adhibita
583 914 794 954 illustrantur.
819 916 917 951 Febr.
968 914 1004 950 Id
1019 928 1101 951 num
1121 914 1246 954 editum
1277 916 1336 961 fit.
1367 915 1486 956 nescio.
1542 920 1668 967 castelli
1695 934 1808 964 autem

86 968 149 1006 lex.
165 967 254 1006 med.
276 965 373 1017 supra
393 969 428 1003 in
450 967 544 1007 catal.
565 966 757 1007 lexicorum
770 969 839 1005 iam
859 969 1059 1004 memoraui.
1084 967 1182 1004 Harl.

191 1053 232 1088 In
259 1051 473 1099 Thucydidem
492 1049 591 1087 index
613 1064 748 1100 graecus
768 1053 946 1089 verborum
969 1050 1201 1101 phrafiumque
1222 1049 1423 1102 subiungitur
1443 1055 1477 1089 in
1499 1054 1644 1094 editione
1662 1057 1809 1096 W'eche.⁴

87 1104 172 1141 liana
191 1114 282 1149 1594.
304 1104 362 1138 fol.
385 1103 465 1138 alius
491 1105 524 1138 in
553 1103 758 1150 Thucydide
787 1106 906 1152 optimi
933 1107 994 1140 viri
1032 1114 1064 1141 et
1097 1117 1167 1140 non
1196 1102 1264 1140 fine
1290 1118 1416 1154 magno
1442 1104 1562 1144 dolore
1586 1121 1666 1146 meo
1693 1110 1805 1150 litteris

28 1206 29 1211 1
85 1168 189 1206 nuper
215 1157 335 1206 erepti,
358 1155 406 1191 Io.
429 1151 603 1198 Hudsoni‚
629 1158 739 1193 Oxou.
764 1157 856 1202 1696.
879 1155 940 1192 fol.
965 1159 1014 1203 [et
1030 1156 1177 1193 Duckeri
1193 1154 1262 1203 ed.]
1431 1153 1434 1155 ’
1804 1156 1807 1157 ’

185 1240 226 1275 In
248 1237 507 1284 Xenophontem,
533 1238 665 1275 Aemilii
682 1241 771 1276 Porti
792 1239 892 1277 index
912 1252 1104 1289 graecarum
1126 1251 1251 1276 vocum
1278 1238 1514 1290 phrafiumque
1542 1252 1574 1279 et
1597 1244 1645 1283 H.
1672 1246 1809 1294 stepha:

27 1288 29 1296 ⁴
85 1293 122 1328 ni
143 1289 303 1326 vocabula
326 1291 540 1338 Xenophonti
563 1290 738 1338 peculiaria
758 1291 813 1327 vel
831 1304 909 1330 cum
932 1290 1112 1328 Herodoto
1140 1306 1178 1327 ac
1208 1290 1413 1335 Thucydide
1438 1298 1650 1336 communia,
1683 1297 1808 1334 exstant

84 1346 119 1379 in
142 1342 340 1379 editionibus
361 1342 594 1387 Xenophontis
616 1342 831 1392 Sylburgiana
851 1340 1005 1379 Francos.
1030 1354 1116 1388 1594.
1133 1340 1197 1379 fol.
1220 1352 1251 1378 et
1277 1340 1372 1378 Paris.
1391 1348 1478 1390 1625.
1495 1344 1555 1383 sol.
1572 1349 1621 1384 Io.
1642 1347 1805 1384 Grammii

26 1399 27 1418 ³
83 1392 250 1444 specimen
273 1390 491 1443 supplementi
516 1392 698 1429 lexicorum
725 1408 765 1430 ex
785 1396 1026 1443 Xenophonte,
1052 1395 1092 1429 ad
1120 1394 1246 1429 calcem
1274 1392 1605 1447 historiaerDeorum
1636 1397 1703 1434 fiue
1727 1413 1804 1449 pro..

84 1445 196 1481 dromi
218 1447 448 1505 antiquitatum
471 1446 799 1494 Xenophontearum,
850 1447 1002 1482 Hauniae
1018 1449 1100 1490 1716.
1117 1456 1148 1488 4.
1173 1446 1276 1480 Fabr.
1327 1445 1532 1489 Ernestiurn,
1559 1449 1805 1496 Schneiderum,

24 1532 25 1536 ,
86 1509 163 1533 cum
186 1499 303 1545 primis
330 1498 493 1542 Zennium
516 1496 608 1532 vtiles
629 1506 661 1532 et
681 1500 834 1546 egregios
852 1496 974 1533 indices
996 1495 1144 1532 adiecille
1167 1495 1363 1532 editionibus
1388 1495 1453 1532 suis
1479 1498 1717 1548 opusculorum
1743 1505 1803 1539 Xe-

23 1590 25 1594 !
84 1551 250 1598 nophont.
277 1546 394 1597 supra,
422 1549 456 1582 in
487 1547 553 1586 vol.
577 1548 634 1583 11¹.
655 1548 726 1584 libr.
747 1562 771 1584 1.
794 1562 864 1597 cap.
886 1562 914 1588 1.
936 1550 971 1583 in
991 1548 1083 1584 catal,
1111 1547 1199 1584 editt.
1224 1549 1378 1596 Xenoph.
1405 1549 1540 1585 ostendi.
1568 1552 1667 1589 Harl.
1696 1556 1805 1603 Speci-

84 1613 163 1638 men
183 1598 300 1636 Indicis
321 1600 556 1649 Xenophontei
578 1601 769 1649 nuperrime
787 1599 886 1636 edidit
909 1597 998 1635 Prof.
1021 1599 1112 1635 Frid.
1132 1598 1221 1634 Guil.
1238 1600 1410 1644 stuf-zius,
1436 1602 1558 1646 Gerae,
1585 1611 1672 1650 1798.
1696 1615 1728 1648 4.

21 1695 23 1729 j.
185 1684 225 1719 In
255 1682 428 1731 Isocratem
460 1681 600 1721 Hieron,
621 1682 746 1718 Wolfii
786 1682 884 1718 index
919 1685 954 1718 in
983 1680 1127 1719 editione
1157 1681 1248 1721 Bam,
1278 1693 1363 1728 1549.
1388 1680 1450 1720 fol.
1504 1686 1559 1731 [in
1579 1685 1656 1722 edit.
1679 1694 1803 1737 Auger.

21 1735 23 1767 l
85 1733 132 1772 T.
150 1735 224 1780 111.]
274 1732 422 1769 Michael
444 1733 595 1768 Neander
616 1736 651 1769 in
673 1730 902 1782 phraseologia
925 1731 1090 1777 Isocratis,
1129 1732 1222 1772 Bafil.
1243 1743 1325 1780 1558.
1348 1742 1378 1776 8.
1421 1737 1467 1771 H.
1489 1738 1642 1784 Stephani
1671 1738 1804 1774 diatriba

20 1822 21 1825 ,
85 1786 126 1829 de
149 1785 314 1822 vocabulis
330 1783 500 1819 nonnullis
515 1795 546 1820 et
559 1784 717 1832 loquendi
739 1786 909 1833 generibus
931 1785 970 1820 ab
986 1786 1251 1833 Harpocratione
1272 1796 1302 1820 et
1324 1784 1420 1820 Suida
1443 1787 1529 1834 apud
1545 1787 1721 1825 Isocratem
1745 1792 1806 1825 ob—

86 1836 236 1879 seruatis,
272 1838 307 1871 in
337 1835 479 1872 editione
509 1833 655 1871 Isocratis
678 1838 719 1872 A.
735 1848 821 1882 1593.
834 1834 896 1871 fol.
912 1845 944 1870 et
963 1835 1004 1871 ad
1018 1837 1144 1871 calcem
1158 1837 1431 1885 Harpocrationis
1448 1837 1592 1875 illustrati
1607 1855 1625 1875 a
1640 1845 1702 1877 lac.
1721 1844 1805 1878 Gro.

87 1893 193 1926 nonio
207 1886 312 1936 Lugd.
327 1888 393 1922 Bat.
417 1888 509 1931 1696.
526 1897 557 1930 4.
585 1888 662 1923 Non
683 1886 855 1935 repetenda
875 1888 942 1922 hoc
964 1887 1062 1930 loco,
1088 1901 1170 1936 quae
1190 1886 1230 1923 de
1245 1888 1512 1937 Harpocratione
1528 1901 1559 1926 et
1583 1891 1652 1928 aliis
1667 1895 1701 1928 in
1719 1893 1807 1940 Rhcf

86 1951 173 1979 toras
193 1941 321 1976 Lexicis
354 1937 421 1974 dixi
449 1938 523 1975 libr.
546 1949 578 1981 4.
604 1950 673 1989 cap.
690 1945 741 1982 38.
764 1940 795 1986 §.
812 1940 866 1974 XI.
888 1936 955 1988 sqq.
977 1941 1067 1988 [pag.
1081 1950 1155 1983 244.
1176 1936 1245 1989 sqq.
1274 1942 1307 1976 in
1329 1940 1362 1977 h.
1388 1939 1469 1985 vol]

191 2024 230 2059 In
250 2022 413 2058 Platonem
437 2020 529 2070 plura
552 2031 697 2058 veterum
717 2021 836 2058 Lexica
857 2020 1025 2069 deperdita
1045 2023 1233 2058 memoraui
1256 2020 1311 2058 lib.
1328 2035 1359 2066 4.
1386 2036 1415 2062 c.
1430 2031 1480 2068 38.
1503 2024 1602 2072 §.10.
1625 2027 1714 2076 [pag.
1732 2034 1810 2071 242*

15 2065 19 2123 ,Α
89 2076 140 2112 vbi
163 2086 298 2125 quoque
318 2074 439 2123 agitur]
472 2072 513 2108 de
531 2074 666 2109 Timaei
691 2075 822 2112 LexicO.
874 2075 952 2110 Non
976 2073 1236 2111 contemnendus
1257 2077 1355 2110 etiam
1383 2075 1480 2111 index
1501 2089 1620 2112 vocum
1645 2076 1809 2115 subiicitur

15 2153 17 2175 5
90 2126 285 2164 editionibus
309 2125 451 2161 Platonis
479 2128 603 2173 graecis
625 2124 852 2161 Bafileensibus
875 2136 959 2171 1534.
981 2135 1012 2161 et
1034 2128 1120 2172 1556.
1140 2123 1201 2162 fol.
1223 2126 1321 2162 Fabr.
1343 2127 1514 2174 &scherus
1536 2131 1601 2163 iam
1626 2143 1644 2163 a
1662 2128 1808 2177 pluribus

89 2181 182 2214 annis
201 2175 352 2225 promisit
375 2177 506 2212 clauem
528 2176 750 2218 Platonicam,
776 2186 807 2212 et
831 2175 1121 2226 locupletiffimum
1146 2180 1374 2227 eximiumque
1395 2177 1538 2214 indicem
1559 2177 1692 2216 subiecit
1710 2182 1810 2216 Fmd.

90 2230 170 2276 cisen
189 2227 261 2264 suae
276 2227 417 2263 'editioni
439 2227 558 2264 dociae
580 2228 723 2264 Platonis
749 2229 912 2277 Gorgiae,
938 2229 1179 2276 Gothae1796.
1196 2236 1226 2271 8.
1242 2231 1354 2268 Lexici
1378 2229 1535 2276 Platonici
1559 2227 1726 2280 specimen
1744 2230 1814 2280 difft

94 2281 153 2319 W.
180 2281 245 2330 Iac:
275 2278 439 2328 Wagnm'
455 2280 565 2329 βοείᾳ
592 2287 691 2330 ¹798·
713 2287 744 2323 8.
770 2280 869 2328 Ham
1621 2278 1624 2281 ’
1732 2282 1735 2285 ’

975 2376 1106 2430 Qvi
1131 2378 1153 2429 5
1775 2379 1815 2417 ¹¹¹
