2049 2720
76 92 170 120 Vol.x
193 100 218 125 Ρ·
235 92 333 124 51Γ52
444 91 603 127 LEXICA
631 91 702 126 GR.
729 88 792 125 ET
826 89 1070 124 GLOSSARIA
1098 89 1302 126 INEDITA.
1403 89 1473 123 Lib.
1493 88 1538 123 V.
1562 100 1584 123 c.
1596 89 1674 124 XL.
1727 91 1791 135 629

74 184 159 228 lysin
183 186 430 232 grammaticam
458 183 655 224 inseruiens,
681 182 768 233 quod
792 184 923 232 incipit:
957 180 1053 232 οἰςχή
1074 182 1127 220 σὸν
1150 178 1221 233 3εῷ
1248 183 1294 221 τέ
1320 180 1439 232 λεξικέ
1465 198 1522 228 &eq
1550 184 1614 219 τᾶν
1644 181 1784 222 ‹irmel-

73 252 146 285 χων
169 237 216 274 TE
242 233 364 286 πξῶτες
384 232 512 282 exedas
535 236 580 273 εἶς
599 238 718 286 με’τξον
750 237 857 283 ςίχων
885 237 1086 275 πολιτικῶν,
1119 231 1165 271 εἷς
1191 231 1292 276 minem
1322 230 1545 283 ’γραμμάτων
1569 230 1625 280 ’wi
1659 235 1785 280 τέχιης

73 287 278 334 αἰντιςοίχων
301 291 360 337 χροὶ
385 285 486 328 νόησιν
512 289 578 325 τῶν
593 286 725 336 λέξεων.
779 288 876 321 Varia
893 290 990 321 eriam
1006 297 1035 321 et
1052 288 1183 333 egregia
1199 286 1303 320 lexica
1320 286 1384 321 fine
1400 287 1572 321 auctorum
1597 285 1784 320 nominibus

70 340 168 375 MSta
190 343 224 374 in
248 338 319 373 bibl.
344 340 549 387 Seguieriana
571 338 637 374 siue
665 338 876 375 Coisliniana‚
912 349 995 385 quae
1024 350 1093 371 non
1120 335 1224 371 modo
1254 347 1433 379 memorat,
1463 334 1517 372 sed
1551 339 1647 371 etiam
1674 335 1785 383 ampla

68 401 110 424 ex
126 389 189 424 illis
201 388 380 438 specimina
393 390 521 426 exhibet
538 388 822 439 praestantiffimus
847 389 1102 434 Montfauconus
1121 401 1153 436 p.
1171 399 1234 430 231.
1253 386 1320 436 sqq.
1345 394 1416 433 238.
1441 400 1510 433 239.
1525 391 1602 434 469.
1617 394 1688 431 481.
1706 398 1787 432 499.

70 452 144 486 503.
167 443 241 475 602.
259 443 333 482 603.

168 492 278 527 Etiam
292 492 437 528 Lexicon
453 491 741 530 Graecolatinum‚
765 491 866 526 latina
883 503 982 526 manu
998 487 1152 537 scriptum
1167 492 1199 524 in
1214 488 1327 525 codice
1349 488 1466 525 decimi
1489 492 1592 537 quinti
1617 486 1732 525 saeculi
1753 498 1784 524 et

67 556 86 578 a
108 540 267 591 gloss‘ario
294 543 476 580 Graecolat.
503 541 592 593 quod
614 544 662 578 H.
677 544 854 589 Stephanus
872 541 990 582 edidit,
1010 539 1173 576 diuersum
1197 555 1270 589 pag.
1290 549 1357 583 238.
1375 539 1420 590 sq.
1445 540 1609 576 Herodoti
1625 540 1787 576 vocabula

64 601 230 642 pag-484.
307 595 388 630 Iuris
417 595 577 631 vocabula
603 606 676 643 pag.
700 602 776 638 488.
839 595 1016 629 Rhetorica
1046 606 1118 642 pag.
1143 605 1211 637 491.
1248 589 1384 642 Λεξικὲν
1425 593 1486 636 τῆς
1527 592 1784 641 Γραμματικῆς

64 657 143 693 pag.
166 656 241 691 495.
288 647 515 689 Syntaasticum
537 647 712 681 verborum
740 658 822 693 quos
852 643 940 680 casus
971 656 1092 692 regant.
1132 657 1206 692 pag.
1227 646 1304 689 496.
1327 652 1404 690 498.
1482 645 1614 677 Vocum
1637 645 1666 677 S.
1694 645 1776 677 Scri-

64 707 179 744 ptutae
199 709 233 745 p.
257 707 326 740 502.
349 697 384 731 in
405 697 645 732 octateuchum
676 709 748 745 pag.
765 707 842 742 494.
867 698 900 731 in
924 708 1064 731 canones
1085 694 1152 730 fiue
1180 697 1329 739 hymnos
1353 693 1580 730 ecclefiassicos
1606 706 1679 742 pag.
1705 705 1784 740 495.

63 748 198 784 Vocum
230 744 372 784 Hefiodi
395 760 470 796 pag.
487 759 559 793 502.
602 749 830 795 Lycophronis
855 760 929 796 pag.
947 758 1024 792 494.
1071 746 1206 781 Luciani
1232 758 1310 794 pag-
1332 758 1411 791 490.
1452 746 1599 780 Lexicon
1627 746 1779 779 iarricum

61 810 138 846 pag.
161 810 224 844 50²
280 801 319 834 In
340 800 485 835 carmina
511 800 665 846 Gregorii
692 800 896 834 Nazianzeni
919 811 994 848 pag.
1019 800 1091 840 603.
1137 799 1282 832 Lexicon
1310 800 1482 833 nomicum
1509 794 1576 831 siue
1604 794 1779 830 iuridicum

61 861 140 897 pag.
153 855 228 892 488.
252 846 325 898 sqq.
344 858 404 885 etc.
425 851 527 884 Fabr.
580 850 708 895 [Multo
730 851 842 898 plura,
865 863 949 898 quae
976 853 1010 884 in
1038 847 1198 884 Parifiensi
1219 848 1354 896 aliisque
1376 847 1510 895 publicis
1537 846 1612 881 bibl.
1643 846 1782 889 exstant,

61 900 167 937 lexica
190 910 286 948 atque
306 898 458 948 glossaria
477 902 575 937 MSta
593 898 688 950 supra
709 915 768 950 per
791 911 899 936 totum
923 912 1018 949 caput
1034 900 1212 934 XXXVIII.
1235 912 1311 948 pag.
1323 906 1393 940 228·
1415 896 1458 947 sq.
1476 896 1590 946 passim
1608 896 1782 933 adnotaui·

0 978 1 983 ,
61 964 149 988 mus.
199 952 267 986 Hic
286 952 447 995 aliorum,
470 965 615 1001 quorum
636 955 752 988 notitia
773 955 907 1000 cognita
930 953 1012 987 mihi
1036 950 1097 992 esl,
1123 950 1220 986 codd.
1234 949 1353 986 faciam
1375 951 1596 985 mentionem.
1645 950 1683 983 In
1703 948 1780 983 bibl..

0 1034 1 1039 ,
60 1002 212 1051 Parfina
226 1013 352 1050 praeter
369 1017 406 1038 ea
420 1006 640 1051 reperiuntur,
665 1001 844 1039 secundum
862 1012 923 1037 cat.
937 1001 1032 1038 codd.
1046 1004 1188 1039 MSstor.
1203 1001 1267 1038 vol.
1283 1003 1321 1037 11.
1341 1003 1373 1035 in
1388 1000 1461 1036 cod.
1474 1001 1726 1036 MMDCXVII.
1743 1009 1779 1034 et

0 1063 1 1073 ¹
59 1054 329 1090 MMDCXVIII.
344 1053 449 1089 lexica
465 1066 729 1100 anonymorum,
741 1055 856 1103 quibus
873 1067 947 1090 cum
960 1054 1145 1102 complures
1159 1053 1198 1090 V.
1215 1067 1252 1089 ac
1267 1054 1361 1088 N.T.
1377 1053 1448 1087 libri
1464 1062 1685 1100 exponuntur,
1703 1061 1777 1085 tum
1810 1059 1818 1065 '

0 1102 1 1111 ¹
59 1101 259 1154 scriptorum
278 1103 497 1153 profanorum
513 1119 604 1143 voce.
615 1106 838 1153 explicantur:
862 1108 896 1140 in
911 1104 1184 1141 cod.MMDCX.
1197 1103 1251 1140 sex
1266 1105 1368 1140 le'xica
1384 1106 1415 1138 in
1437 1103 1539 1138 libros
1555 1105 1598 1138 V.
1617 1113 1647 1137 et
1667 1103 1707 1138 N.
1731 1112 1778 1136 te·

58 1154 228 1199 flauenti,
255 1167 286 1190 et
298 1157 473 1204 explicatio
491 1156 712 1205 quorumdam
728 1170 818 1193 voce.
833 1159 1104 1194 Homericorum.
1118 1176 1166 1183 —
1182 1158 1217 1190 in
1230 1154 1304 1191 eod.
1321 1155 1616 1190 MMCCCCVIII.
1631 1166 1660 1186 n.
1671 1165 1701 1196 7.
1719 1166 1777 1188 ex-

59 1205 180 1256 positio
201 1208 424 1256 quorumdam
448 1221 535 1244 voec.
547 1207 684 1243 Hefiod.
701 1229 757 1236 -
780 1212 812 1244 in
827 1209 900 1244 cod.
915 1210 1047 1244 CCCC.
1063 1222 1101 1244 n.
1114 1219 1163 1250 13-
1179 1207 1340 1251 anonymi
1355 1206 1454 1241 lexic.
1468 1203 1606 1239 verfibus
1621 1204 1773 1252 politicis.

57 1261 94 1294 in
109 1257 184 1295 cod.
196 1260 430 1295 CCCCLXIII.
446 1274 477 1295 n.
494 1273 524 1296 2.
538 1260 669 1295 lexicon
685 1261 715 1294 S.
726 1261 756 1294 S.
770 1273 788 1294 e
803 1259 970 1307 Stephano
983 1260 1117 1307 aliisque
1133 1258 1371 1305 lexicographis
1387 1256 1617 1304 depromtum,
1635 1264 1666 1289 et
1679 1267 1729 1290 nr.
1744 1268 1778 1291 a.

58 1312 221 1354 anonymi
244 1309 343 1344 lexic..
365 1313 475 1345 -·in
495 1309 841 1346 eod.DCCCCXX111
857 1321 890 1345 et
901 1311 1172 1345 DCCCCXXIV.
1185 1309 1250 1344 loci
1265 1320 1459 1344 communes
1480 1320 1519 1341 ex
1532 1306 1619 1341 libris
1633 1304 1724 1341 sacris
1741 1316 1777 1341 et

57 1357 261 1409 scriptoribus
281 1359 514 1402 ecclesiasticis,
541 1360 656 1397 ordine
671 1362 893 1410 alphabetico:
917 1372 948 1397 et
963 1365 997 1396 in
1013 1360 1141 1396 duobus
1158 1359 1227 1408 sqq.
1245 1358 1340 1395 codd.
1357 1356 1517 1394 eiusmodi
1538 1357 1603 1392 loci
1622 1367 1775 1392 commui

59 1424 128 1451 neS,
150 1415 207 1458 (ex
224 1414 366 1447 Maximi
381 1423 412 1447 et
426 1415 561 1448 Antonii
577 1411 724 1449 Melissae
741 1412 908 1461 florilegio
917 1412 1154 1460 probabiliter.)
1172 1409 1667 1456 —ldec0d.DCCCCXXX111.
1682 1421 1730 1444 nr.
1741 1420 1774 1443 2.

57 1461 124 1498 fiue
139 1462 266 1505 lexico,
287 1464 338 1497 vbi
355 1465 556 1512 explicantur
581 1477 670 1501 voce.
686 1463 890 1501 difficiliora,
915 1466 949 1498 in
969 1466 1005 1498 S.
1017 1462 1169 1506 Dionysii
1183 1459 1306 1508 scriptis
1322 1462 1433 1506 obuia,
1459 1458 1531 1493 vide
1547 1456 1642 1506 supra
1659 1472 1690 1507 p.
1700 1466 1775 1498 228.

56 1524 128 1550 not.
145 1513 176 1550 d.
191 1517 225 1549 in
241 1514 528 1550 cod.MDCCXX.
549 1527 579 1549 n.
593 1527 644 1558 24.
661 1515 790 1550 lexicon
807 1515 1044 1563 alphabeticum
1055 1540 1065 1554 ‚
1091 1517 1140 1548 cui
1155 1525 1232 1549 vero
1246 1515 1375 1548 initium
1393 1522 1423 1547 et
1436 1509 1508 1545 finis
1523 1507 1651 1545 desunt.
1663 1530 1716 1536 —-
1737 1512 1774 1544 in

56 1563 130 1600 cod.
142 1566 406 1602 MMCCCXIV.
422 1580 453 1601 n.
466 1579 496 1602 2.
517 1566 664 1605 lexicon,
696 1568 760 1600 vbi·
770 1566 930 1614 quaedam
950 1578 1020 1600 non
1042 1561 1283 1600 contemnenda
1303 1564 1435 1611 reperiri
1450 1561 1610 1597 dicuntur.
1625 1570 1657 1596 et
1672 1573 1722 1596 nt.
1738 1563 1773 1596 6.

55 1615 150 1651 lexic.
168 1617 368 1656 botanicum.
381 1637 434 1644 ——
450 1620 482 1651 in
498 1617 570 1651 cod.
585 1618 802 1653 MMDLXM.
821 1630 852 1652 n.
870 1629 913 1659 14.
930 1616 1079 1657 lexicon,
1105 1626 1140 1651 vt
1154 1615 1290 1655 dicitur.
1314 1614 1495 1657 ineditum,
1521 1614 1555 1646 in
1574 1624 1640 1660 quo
1656 1610 1698 1646 de
1714 1624 1775 1647 vo-

56 1668 247 1703 cabulorum
263 1670 368 1716 agitur
381 1668 588 1708 discrimine,
613 1681 694 1716 quae
708 1667 855 1703 adfinem
869 1667 991 1702 habent
1003 1666 1289 1715 significationem.
1301 1678 1350 1701 nr.
1365 1677 1406 1711 15.
1421 1665 1516 1700 lexici
1534 1659 1773 1711 fragmentum,

54 1720 107 1754 vbi
122 1720 227 1755 variae
240 1722 393 1767 corporis*
403 1720 660 1767 humanifpartes
676 1719 901 1765 explicamu13
918 1731 971 1754 nr.
987 1722 1029 1754 16.
1045 1718 1188 1758 lexicon,
1206 1730 1272 1764 quo
1281 1729 1436 1765 germana
1451 1713 1670 1763 quorumdam
1679 1726 1775 1748 vocc-

55 1768 252 1817 fignificatio
275 1769 467 1817 indagatur3
496 1782 576 1818 opus
597 1769 768 1804 ineditum.
787 1790 839 1797 —-
862 1771 897 1803 in
910 1767 986 1804 cod.
1003 1769 1283 1804 MMDCCLXII.
1297 1780 1347 1803 nr.
1363 1779 1389 1811 5.
1407 1766 1555 1803 lexicon,
1578 1767 1610 1799 in
1631 1776 1697 1811 quo
1712 1764 1770 1798 illa

56 1834 147 1858 voce.
170 1830 401 1867 exponuntur,
426 1834 508 1867 quae
528 1820 636 1869 plures
658 1821 777 1855 habent
793 1818 1069 1867 significationes:
1099 1829 1130 1854 et
1156 1816 1285 1859 nescio,
1314 1830 1355 1852 an
1376 1816 1490 1865 plura,
1514 1812 1699 1863 praesertim
1720 1828 1771 1850 re-

54 1869 236 1907 cemiffima
257 1871 366 1906 nostra
386 1882 506 1914 aetate,
531 1874 566 1907 ia
586 1870 641 1906 illa
666 1870 861 1906 bibliotheca
882 1872 1096 1919 reperiantur.
1128 1870 1307 1914 χΒοίαηὶια
1332 1878 1363 1903 et
1395 1869 1540 1903 chemica
1571 1865 1658 1901 illius
1689 1865 1771 1901 bibl.

53 1924 153 1960 Msta
174 1922 315 1958 indicaui
330 1920 445 1971 supra,
470 1935 544 1971 pag.
559 1935 634 1967 ²4²--
657 1923 816 1957 rhetorica
833 1932 892 1959 etc.
912 1933 987 1970 pag.
1004 1933 1075 1963 245.
1100 1918 1185 1956 adde
1207 1920 1373 1955 Rhunken.
1405 1916 1504 1967 praes.
1534 1915 1630 1965 saepe
1657 1915 1772 1952 lauda.

0 1989 2 1992 ’
54 1984 122 2010 tam
143 1972 184 2009 ad
205 1971 349 2018 Hesych.
367 1975 408 2008 II.
431 1987 509 2023 pag.
529 1976 586 2008 IV.
609 1971 675 2022 sqq.
706 1983 777 2008 tum
806 1985 880 2021 pag.
895 1974 952 2008 XI.
974 1973 1048 2016 (vbi
1070 1971 1111 2007 de
1139 1971 1249 2007 lexico
1272 1971 1474 2016 Diogeniano
1493 1968 1617 2004 multus
1632 1966 1699 2010 esi)
1728 1967 1773 2002 de

53 2023 112 2060 vsu
133 2038 205 2061 voc.
228 2023 342 2075 λέξις,
363 2024 440 2060 coll.
464 2023 560 2072 supra
586 2037 662 2073 pag.
687 2038 757 2070 199.
781 2034 855 2060 not.
876 2043 931 2051 ·—
978 2022 1106 2058 Multos
1125 2021 1376 2070 glossographos
1396 2033 1502 2069 graec.
1522 2018 1634 2055 laudat
1653 2019 1771 2055 thloi-

46 2078 112 2124 [ὄπ
134 2078 171 2111 in
199 2077 350 2125 prolegg.
380 2079 413 2111 in
440 2078 579 2112 Homer.
601 2085 685 2123 pag.
708 2083 757 2117 28.
779 2074 851 2124 sqq..
873 2094 926 2102 —
952 2073 1113 2110 Inedimm
1141 2073 1274 2108 lexicon
1311 2085 1418 2120 graec,
1440 2073 1580 2106 chartac.
1599 2080 1671 2104 lmt.
1688 2067 1772 2104 saec.

54 2125 141 2164 XIV.
165 2136 199 2162 ee
217 2130 303 2163 varia
322 2125 475 2175 glossaria
497 2141 546 2175 gr.
569 2126 687 2162 inedita
702 2128 873 2162 chartacea
885 2124 970 2161 saec..
983 2126 1057 2161 XV.
1072 2125 1113 2161 cl.
1130 2125 1311 2164 Matthaei,
1338 2121 1424 2158 Prof.
1441 2121 1657 2169 &Vittenberg
1673 2119 1769 2156 dono

5 2207 6 2211 ,
54 2178 143 2215 dedit
156 2178 323 2214 electorali
340 2177 413 2213 bibl.
436 2178 618 2228 Dresdenfi.
669 2177 755 2213 Vide
770 2179 887 2219 etiam,
913 2190 996 2226 quae
1008 2176 1122 2227 paullo
1139 2187 1218 2212 ante
1237 2178 1272 2212 in
1288 2173 1400 2210 indice
1413 2171 1622 2223 scriptorum,
1637 2174 1672 2208 in
1685 2173 1769 2215 EQ?

5 2245 7 2258 ³
51 2230 183 2278 molog.
200 2231 249 2265 M.
264 2233 456 2273 citatorum,
482 2243 512 2266 v.
529 2231 687 2271 Lexiton‚
713 2239 954 2265 memorantur.

5 2283 7 2307 '=
155 2283 303 2317 Lexicon
325 2281 431 2327 Paris.
459 2285 549 2316 cuius
572 2284 775 2317 mentionem
799 2282 961 2316 Fabricius
981 2292 1023 2314 ex
1046 2280 1176 2327 Cangio
1204 2277 1319 2328 paullo
1349 2285 1422 2311 ante
1450 2277 1654 2310 mentionem
1683 2271 1769 2310 fece·

55 2341 122 2378 rat,
143 2328 333 2381 Συναγωγή
347 2330 481 2382 λέξεων,
508 2334 719 2382 συλλεγεῖσα
733 2333 772 2374 ἐκ
785 2328 951 2384 διαφόρων
964 2330 1106 2420 βίβξέἔ
1119 2332 1180 2375 τῆς
1197 2330 1362 2371 παλαιοῖς
1374 2343 1413 2366 τε
1429 2325 1661 2377 φημιγςοεφῆς
1681 2327 1727 2369 (h.
1738 2339 1769 2389 eg

991 2389 1024 2422 K
1130 2394 1151 2427 3
1675 2383 1767 2425 φημι
