2049 2720
512 176 674 214 GALENI
707 176 823 214 HBRI
856 177 1120 215 MANIFESTE
1154 179 1294 216 SPVRII
1345 179 1500 216 LibJV.
1518 193 1541 216 c.
1555 178 1665 215 XIX.
1718 188 1774 225 453

57 271 430 363 Abumilqu·fflu²er’
471 273 662 322 imperatori
689 274 926 309 Saracenorum
948 270 1015 317 Aly
1039 271 1111 309 filio
1134 271 1270 324 Ioseph,
1301 273 1364 311 filii
1386 273 1585 324 Resaphim,
1619 273 1659 311 de
1685 286 1776 310 cura·

56 339 146 366 tione
185 340 237 376 api
264 339 299 362 ts.

157 415 220 447 ¹32·
249 403 349 437 Liber
366 402 560 437 Serretorum
573 400 616 435 ad
629 401 817 442 Monteum,
846 400 969 436 Galeno
986 400 1177 448 adscriptus.
1229 402 1339 438 Exstat
1355 405 1388 438 in
1404 402 1479 438 edit.
1496 403 1656 438 Charterii
1675 401 1773 437 latine

57 466 140 494 tom.
157 458 196 491 X.
218 467 290 505 pag.
305 466 380 499 459.
408 455 442 488 in
465 450 602 501 septima
625 454 792 487 Iuntarum
813 450 1000 501 spuriorum
1022 450 1116 487 classe
1130 450 1189 488 sol.
1205 456 1258 499 96.
1311 455 1365 490 Est
1382 455 1544 490 Arabissae
1560 466 1653 503 opus.
1704 454 1774 501 Spi-

57 511 138 544 ritus
163 509 231 542 vini
263 505 436 541 destillatio
467 506 501 539 in
533 517 574 540 eo
604 502 803 540 describitur.
844 523 894 531 —
935 502 1050 540 Codex
1075 517 1210 552 graecus
1239 504 1283 540 est
1313 508 1347 541 in
1372 506 1519 542 biblioth.
1548 506 1635 553 publ,
1658 504 1772 550 Paris.

59 560 176 595 Galcm'
198 557 240 593 de
263 559 359 592 variis
385 556 580 591 morborum
602 557 771 605 generibus
793 554 1010 604 remediisque
1034 555 1074 591 ad
1093 556 1226 591 illorum
1249 561 1450 592 curationem
1475 559 1620 593 maxime
1637 555 1772 591 idoneis.

56 623 106 647 nr.
122 609 372 645 MMCCXXX.
401 628 453 635 —
485 608 623 642 Latinus
645 606 750 645 codex
772 607 816 643 est
836 610 869 641 in
895 607 1042 642 biblioth.
1067 607 1157 656 publ.
1180 606 1277 643 Paris.
1302 622 1351 644 nr.
1368 608 1774 645 MMMMMMMXLVI.

56 659 596 699 MMMMMMMDCCCXXXI.
620 680 671 688 —-
696 662 749 695 An
771 662 796 694 is
822 658 921 702 liber,
937 659 1037 707 sylua
1056 661 1341 707 experimentorum
1358 673 1377 695 a
1391 660 1487 697 conr.
1509 660 1650 694 Gesnero
1666 657 1774 693 edita?

57 713 180 762 Tigur.
201 724 280 758 ¹54¹-
300 718 333 753 8·

160 799 221 831 ¹33·
255 786 310 822 Do
329 788 488 822 medicinis
511 787 652 835 expertis
680 787 804 823 Galeno
831 788 1012 822 attributus
1034 788 1121 823 liber.
1179 786 1289 824 Exstat
1320 788 1419 824 latine
1447 790 1480 823 in
1512 785 1586 822 edit.
1614 785 1775 822 Charterii

56 847 141 876 tom.
155 841 195 876 X.
218 851 293 888 pag.
313 841 379 884 561.
405 841 438 874 in
455 836 593 888 septima
607 841 774 875 luntarum
791 841 874 875 inter
890 837 1016 887 spurios
1032 837 1093 876 fol.
1109 851 1178 882 ¹03·
1228 839 1283 875 Est
1296 842 1409 877 Arabis
1428 852 1511 890 opus
1527 839 1626 875 latine
1641 838 1680 874 ab
1698 839 1776 872 Ara-

57 892 136 928 bissa
152 889 299 941 quodam
314 888 452 927 facium.
505 891 651 926 Arabum
671 890 791 927 medici
809 891 999 941 complures
1018 893 1052 927 in
1068 904 1109 927 eo
1124 893 1272 926 citantur.

159 978 227 1010 134.
253 966 306 1001 De
321 967 552 1006 incantatione,
578 967 777 1002 adiuratione
790 974 821 1002 et
829 967 1048 1015 suspenfiorm
1076 968 1199 1002 Galeno
1220 967 1399 1014 adstriptus
1414 967 1503 1002 liber.
1555 964 1776 1002 Exstattatim

57 1021 92 1056 in
108 1017 184 1055 edit.
197 1018 357 1054 Charterii
379 1026 462 1053 tom.
479 1019 518 1052 X.
541 1030 616 1067 pag.
635 1030 702 1064 571.
730 1021 763 1053 in
779 1015 916 1066 septima
932 1020 1099 1053 Iuntarum
1122 1021 1155 1053 in
1173 1017 1309 1066 spurior.
1327 1017 1422 1054 classe
1438 1016 1500 1054 fol.
1518 1030 1564 1062 4¹·
1617 1017 1712 1052 Liber
1728 1013 1776 1050 su-

57 1070 284 1120 perstitionum
302 1069 437 1118 plenus,
463 1066 581 1106 saeculi
603 1071 641 1105 V.
656 1069 707 1105 vel
721 1071 775 1106 VI.
791 1067 917 1106 foetus:
963 1070 1090 1105 Audior
1105 1071 1300 1120 Cleopatrae
1312 1070 1412 1106 libros
1427 1072 1516 1110 citat,
1539 1068 1661 1106 multos
1678 1069 1777 1103 Grae·

57 1135 115 1159 cos
133 1131 164 1157 et
181 1121 347 1157 Galenum
365 1117 485 1170 ipsum.

162 1210 225 1244 135.
251 1199 485 1245 Fragmentum
508 1195 584 1231 libri
597 1196 701 1241 primi
717 1195 755 1231 de
775 1195 968 1232 dunamia'iis
985 1197 1109 1232 Galeno
1130 1197 1293 1244 adscripti.
1345 1196 1456 1232 Exstat
1477 1196 1575 1232 latine
1595 1204 1721 1231 tantum
1742 1194 1777 1229 in

60 1249 137 1288 edit.
154 1250 327 1290 Charterii·
340 1258 422 1284 tom.
437 1249 476 1283 X.
492 1259 567 1296 pag.
583 1250 662 1293 669.
691 1249 724 1282 in
743 1245 878 1297 septima
895 1249 1064 1283 luntarum
1082 1251 1164 1284 inter
1179 1245 1305 1297 spurios
1321 1245 1384 1284 fol.
1401 1256 1447 1289 ¹8·

158 1327 227 1369 136.
260 1325 317 1360 De
343 1324 531 1359 duanamidiis
558 1322 638 1360 liber
656 1323 819 1371 secundus
843 1325 962 1360 Galerio
991 1326 1183 1360 attributus.
1242 1323 1354 1360 Exstat
1375 1324 1472 1359 latine
1495 1332 1622 1359 tantum
1643 1323 1677 1357 in
1701 1319 1777 1357 edit.

58 1379 221 1415 Charterii
243 1386 328 1414 torn.
344 1378 383 1411 X.
406 1389 479 1425 pag.
495 1379 574 1419 670.
628 1378 664 1411 In
689 1372 826 1425 septima
848 1379 1016 1411 Iuntarum
1040 1379 1124 1412 inter
1147 1375 1269 1425 spurios
1288 1375 1350 1412 fol.
1367 1388 1414 1422 19.
1474 1375 1525 1410 Ad
1547 1377 1776 1411 Maecenatem

59 1432 86 1466 is
107 1427 241 1478 scriptus
261 1427 317 1465 est.
369 1428 424 1464 Est
448 1428 531 1463 liber
552 1426 734 1467 Arabissae‚
758 1439 892 1476 vterque
916 1427 1031 1475 plenus
1054 1425 1320 1476 superstitionum
1345 1439 1375 1463 et
1391 1437 1516 1468 rerum,
1539 1426 1665 1462 Galeno
1681 1424 1776 1472 plane

57 1481 281 1529 indignarum.
333 1478 546 1529 Compositus
568 1476 630 1514 effe
650 1478 774 1515 videtur
794 1493 834 1514 ex
848 1479 962 1515 Galeni
987 1490 1019 1514 et
1037 1481 1180 1515 aliorum
1200 1478 1392 1529 euporislis,
1419 1489 1529 1514 tamen
1546 1476 1681 1513 subinde
1696 1487 1775 1510 cum

36 1566 41 1567 .
59 1534 187 1569 theoria
214 1531 366 1582 quadam.
428 1532 488 1566 Th.
505 1532 658 1580 Reinefius
679 1532 741 1566 hos
764 1531 865 1567 libros
885 1529 1082 1567 adscribebat
1102 1534 1322 1579 Garioponto.
1383 1531 1483 1567 Conr.
1497 1529 1663 1565 Gesnerus
1685 1538 1776 1562 autu·

60 1585 188 1626 mahat,
210 1597 229 1619 a
251 1581 444 1618 methodico
466 1581 612 1631 quodam
632 1581 764 1617 medico
787 1595 842 1618 eos
865 1580 927 1618 effe
941 1582 1153 1631 compofitOS.
1181 1582 1243 1618 vid.
1258 1587 1323 1618 eius
1338 1592 1513 1617 enumerat.
1529 1581 1641 1616 libror.
1658 1579 1775 1615 Galeni

59 1639 95 1672 in
117 1635 191 1671 edit.
217 1647 357 1684 operum
379 1635 495 1669 Galeni
516 1633 717 1668 frobeniana
745 1637 846 1670 tertia.
880 1655 933 1661 —
969 1634 1086 1670 Codex
1108 1636 1229 1670 latinus
1253 1634 1295 1670 est
1324 1636 1358 1669 in
1380 1633 1528 1669 biblioth.
1553 1632 1641 1681 publ.
1668 1629 1776 1676 Paris:

57 1695 109 1724 ιιι-ς
132 1686 570 1723 MMMMMMMXXVIH.
612 1683 828 1771 iyiblioth.
853 1687 922 1724 Can‘.
940 1686 1069 1724 Gonuil.
1099 1700 1150 1723 nr.
1168 1686 1436 1723 DCCCCLXVI.
1475 1682 1776 1720 DCCCCLXXVI.

60 1737 217 1775 Prodiere
237 1751 295 1787 per
315 1738 409 1773 Hier.
425 1738 602 1772 Surianum.
659 1745 742 1773 ‘enen
760 1750 848 1784 1520.

162 1827 226 1859 137.
252 1814 391 1857 Γαληνέ
409 1814 456 1853 τέ
479 1810 676 1862 comm-02⁷8
698 1813 774 1864 περὶ
794 1815 925 1864 μέτρων
948 1811 1006 1862 nge}
1028 1814 1176 1864 ςαθμῶν
1198 1809 1419 1852 «lihnamon.
1479 1812 1594 1847 Galam·
1605 1807 1777 1857 fhpientis‘-

53 1866 130 1914 fimi
149 1866 186 1901 de
201 1867 390 1911 ponderibus
411 1871 440 1899 et
454 1866 610 1912 mensuris
623 1865 778 1900 domina.
831 1865 940 1900 Exstat
959 1869 992 1901 in
1014 1865 1131 1900 Aldina
1154 1869 1236 1901 inter
1256 1863 1382 1912 spurios
1402 1874 1482 1911 part.
1501 1865 1556 1899 1V.
1583 1860 1643 1897 fol.
1661 1867 1714 1903 48.
1741 1863 1776 1894 in

61 1930 178 1966 graeca
201 1915 290 1951 Basil.
310 1926 389 1963 part.
406 1917 462 1950 IV.
484 1929 558 1964 pag.
573 1918 650 1956 466.
677 1919 709 1950 in
731 1915 804 1950 edit.
821 1918 985 1951 Charterii
1007 1927 1089 1952 tom.
1108 1917 1192 1951 XIII.
1211 1929 1285 1965 pag.
1302 1929 1378 1961 974.
1405 1918 1437 1950 in
1457 1912 1591 1963 septima
1607 1917 1775 1948 luntarum

63 1966 147 2004 claff.
165 1970 204 2002 V.
227 1965 368 2011 f01.235.
428 1965 481 2000 Est
505 1964 674 2010 manifeste
697 1963 841 2014 spurius,
873 1977 905 2002 et
924 1967 1123 2015 compilatus
1149 1981 1188 2002 ex
1208 1967 1279 2002 aliis
1301 1967 1399 2002 libris.
1430 1986 1476 1993 —-
1506 1964 1649 2001 ‘Codices
1669 1965 1775 2010 graeci

61 2017 136 2056 sunt
158 2021 192 2054 in
209 2019 370 2058 Medma,
398 2016 535 2053 Bandini
551 2019 604 2051 III.
622 2030 696 2065 pag.
715 2030 757 2063 51.
784 2020 816 2052 in
835 2018 908 2053 bibl.
927 2019 1081 2053 Britann.
1104 2017 1176 2054 cod.
1200 2032 1249 2055 nr.
1268 2019 1619 2054 MMMDCXXXVH.
1647 2018 1679 2050 in
1701 2014 1775 2049 bibl.

66 2071 193 2108 Veneta
213 2071 251 2104 D.
269 2072 391 2109 Marci,
418 2070 682 2104 CCLXXXVIII.
710 2068 818 2113 (catal.
837 2082 908 2117 pag.
925 2070 1008 2116 138.)
1036 2069 1195 2118 quaedam
1214 2070 1254 2105 de
1273 2067 1431 2106 mensuris
1446 2080 1477 2104 et
1495 2067 1698 2117 ponderibus.
1726 2084 1777 2092 —-

65 2122 187 2158 Graece
203 2120 303 2156 edidit
319 2121 498 2161 MoreHus,
526 2119 600 2155 teste
615 2121 806 2163 Charterio,
832 2124 864 2155 iu
886 2118 1006 2157 concis.
1024 2133 1092 2156 not.
1113 2121 1153 2157 ad
1174 2123 1262 2156 hunc
1281 2122 1354 2158 libr.
1379 2132 1460 2158 tom.
1476 2121 1562 2156 XIII.
1585 2140 1631 2146 —-
1662 2119 1695 2153 G
1717 2119 1778 2152 Im'

32 2216 35 2219 .
63 2172 188 2210 libellus
213 2171 253 2208 de
277 2170 471 2220 ponderibus
500 2181 531 2206 et
555 2169 730 2211 mensuris,
763 2185 802 2207 ex
823 2171 1000 2208 collatione
1025 2186 1100 2208 cum
1126 2175 1183 2214 iis,
1217 2187 1300 2223 quae
1320 2172 1404 2223 apud
1428 2172 1562 2208 Paulum
1582 2172 1775 2218 Aegineram

65 2235 98 2261 et
115 2223 305 2260 scholiasten
322 2224 474 2259 Nicandri
494 2224 662 2271 leguntur,
691 2224 880 2259 emendatus
903 2224 946 2259 est
968 2237 1083 2272 graece
1106 2234 1136 2259 et
1156 2225 1211 2260 lat.
1231 2228 1264 2259 iu
1281 2223 1461 2275 adpendice
1480 2223 1518 2259 ad
1537 2220 1670 2258 thesaur.
1685 2232 1775 2268 grae-

65 2290 122 2312 cae
147 2277 276 2324 linguae
300 2277 402 2310 I-Ienr.
419 2276 575 2322 Stephani
601 2287 673 2322 pag.
687 2287 753 2319 214.
790 2295 837 2302 —-
869 2277 982 2311 Latine
1003 2276 1144 2325 prodiit,
1177 2287 1321 2312 vertente
1342 2277 1543 2312 Guintherio.
1577 2272 1666 2308 Bafil.
1692 2283 1774 2314 ¹530·

65 2326 125 2364 fol·
153 2348 195 2354 --
228 2326 372 2374 Σύνοῲις
394 2325 619 2362 mensurarum
644 2339 675 2361 et
697 2326 884 2375 ponderum
910 2327 1219 2377 ponderationisque
1233 2327 1404 2364 mensurab
1415 2328 1496 2363 lium
1515 2325 1690 2361 secundum
1709 2325 1775 2357 Ro.

67 2392 202 2419 mimo&
229 2377 454 2416 Athenienses,
481 2373 636 2427 ’γεωργὲς
653 2395 710 2424 χρη
730 2375 944 2429 inmota-5835,
966 2393 1004 2415 ex
1024 2380 1296 2429 praestantissimis
1321 2380 1508 2415 authoribus
1533 2379 1626 2411 huius
1644 2378 1773 2422 generis

67 2431 233 2467 eontracta
253 2431 540 2481 opera-Michaelis
557 2432 716 2469 Mandri.
767 2434 844 2467 Ace.
864 2432 985 2474 etiam,
1019 2446 1102 2482 quae
1125 2431 1213 2483 apud
1237 2433 1399 2468 Galenum
1423 2430 1576 2465 haeftenus
1599 2425 1776 2467 exstabant,

892 2482 958 2518 Lu
983 2496 1002 2527 3
1734 2477 1776 2513 de
