2049 2720
218 142 421 185 GALENVS
448 141 497 182 IN
521 140 764 183 EPITOMEN
790 141 1039 182 REDACTVS
1090 144 1161 181 Lib.
1175 144 1244 184 IV.
1262 156 1286 182 e.
1298 144 1405 182 XIX.
1419 145 1474 193 (ol.
1488 144 1632 194 XVII.)
1682 152 1749 195 489

38 243 123 279 varii
141 243 214 289 loci,
254 242 287 275 in
312 252 391 288 quos
419 239 746 286 haeftenus-impegere
766 237 910 282 testans,
947 245 977 274 et
1000 239 1215 285 explicantur,
1256 246 1286 276 et
1299 240 1427 287 summa
1439 240 1511 286 fide
1527 240 1751 287 restituuntur.

37 297 119 330 Item
138 295 176 328 de
192 293 387 340 ponderibus
404 299 434 327 et
452 292 606 338 mensuris
624 294 717 326 vtilis-
730 292 978 326 commentarius.
1005 292 1223 338 Argentorati
1239 294 1332 334 1604.
1348 290 1408 329 fol.
1425 292 1445 312 ³³³*
1498 293 1576 328 Non
1594 295 1628 328 in
1647 295 1752 341 capita

37 343 140 380 diuisa
162 345 207 381 est
226 346 306 380 haec
326 347 490 393 epitome,
514 341 568 378 sed
585 346 617 378 in
635 346 784 392 margine
799 352 990 391 argumenta
1013 341 1172 390 adscripta
1195 341 1268 377 sunt
1287 353 1361 393 apte
1382 354 1413 378 et
1434 343 1618 391 diligenter.
1668 345 1751 379 Lau.

37 395 110 432 data
133 398 213 432 haec
234 399 380 444 epitome
401 395 445 431 est
468 409 486 430 a
506 394 640 436 multis,
682 396 724 430 ob
746 399 859 430 omnia
882 397 915 429 in
939 408 977 429 ea
999 393 1131 435 tradita,
1165 407 1247 442 quae
1271 395 1310 430 ad
1337 396 1451 430 Galeni
1473 394 1660 431 dodtrinam
1681 395 1751 430 vllo

38 447 145 484 modo
171 446 278 483 facere
301 446 436 495 poffint‚
462 445 580 482 omissa
601 458 698 489 ver0‚
729 459 814 494 quae
837 446 979 481 Galenus
1002 456 1057 481 aut
1078 443 1302 489 contentiose,
1327 457 1381 482 aut
1402 448 1501 481 nimis
1524 446 1655 494 prolixe
1679 459 1752 494 pro·

37 500 162 535 tulerat.
195 519 247 527 ·-
276 499 387 534 Exstat
410 511 543 548 quoque
566 498 671 532 Andr.
690 498 836 532 Lucanae
864 499 992 543 epitome
1020 499 1156 532 omnium
1178 509 1284 531 rerum
1306 505 1336 533 et
1349 498 1578 544 sententiarum
1600 510 1752 534 memora.

35 551 163 597 bilium,
209 552 500 585 commentariorum
529 550 645 584 Galeni
671 552 704 584 in
729 550 977 596 Hippocratem,
1029 547 1158 597 digestis
1183 551 1216 583 in
1240 548 1464 596 alphabeticum
1492 551 1649 592 ordinem,
1697 561 1751 584 ceu

35 603 234 649 aphorismis.

145 668 319 703 Theatrum
342 667 477 708 Galeni,
510 667 565 702 hoc
586 665 648 711 est,
681 667 846 714 uniuersae
873 667 1053 710 medicinae,
1083 680 1102 702 a
1125 667 1308 702 medicorum
1328 667 1471 711 principe
1491 665 1615 700 Galeno
1640 666 1752 714 dzffitfi

25 719 225 769 sparfimquc
244 721 384 754 traditae
399 721 659 765 promtuarium,
691 730 752 764 quo
776 721 826 753 vel
849 720 961 754 indicis
983 721 1048 754 loco
1071 721 1102 754 in
1123 731 1230 754 omnes
1252 718 1365 752 Galam
1387 719 1504 759 libror,
1539 717 1591 751 vel
1613 717 1753 753 locorum

34 774 242 808 communium
268 770 369 817 instar
391 773 422 805 in
442 783 476 806 νι
499 772 613 806 medica
635 769 731 805 libror
754 777 869 805 vtatur
885 772 1010 821 Aloyfii
1024 771 1227 809 Mzmdellae,
1255 770 1447 819 Brixiafis,
1464 768 1573 814 studio
1597 775 1626 803 et
1649 769 1753 804 labore

28 835 91 870 per
111 823 228 858 multos
247 835 347 857 annos
367 823 519 857 conditum
541 832 570 856 et
584 834 665 856 nunc
678 823 796 856 demum
813 823 940 858 editum.
970 823 1068 871 Bafil.
1090 822 1176 870 apud
1196 818 1348 869 Episcop.
1376 824 1462 863 1568.
1478 817 1539 856 fol.
1553 821 1570 840 ⁸²
1623 821 1755 855 Praebet

34 876 102 911 hoe
122 875 283 910 theatrum
309 886 448 921 operum
473 873 610 917 Galeni‚
637 886 719 921 quae
743 875 886 921 genuina
909 873 997 916 sunt,
1022 876 1182 922 epitomes
1204 871 1302 907 simul
1322 871 1436 913 iussae,
1457 883 1488 906 et
1509 869 1622 907 indicis
1643 872 1757 920 alpha.

35 925 132 961 betici
155 923 278 974 copiosi
301 924 491 966 vtilitatem,
514 936 545 958 et
567 924 664 960 fimul
686 922 755 960 sere
775 925 930 961 locorum
952 929 1197 962 communium.
1248 922 1389 960 Seorfim
1406 933 1436 959 et
1457 926 1491 958 in
1506 921 1633 973 spurios
1652 922 1753 959 libros

32 977 209 1014 elenchum
233 974 380 1012 condidit
401 975 580 1011 Mundclla.

132 1044 184 1078 De
205 1043 425 1091 Symphoriani
441 1043 604 1090 Campegii
622 1042 751 1088 Speculo
777 1043 893 1079 Galem‘
914 1042 982 1079 dixi
1002 1040 1110 1093 supra.
1173 1041 1250 1087 Est,
1280 1055 1379 1093 quem
1402 1038 1468 1090 ipse
1490 1041 1751 1090 Symphorianus

34 1093 236 1144 adpellabat,
262 1093 405 1130 Galenus
426 1094 646 1135 abbreufflus,
674 1094 726 1129 vel
746 1093 873 1131 incisus.

139 1161 254 1196 Galeni
278 1170 328 1195 tot
345 1160 432 1195 libris
453 1163 498 1195 vti
519 1159 701 1196 commode
718 1173 788 1196 non
808 1160 998 1210 possumus,
1022 1160 1082 1197 nifi
1097 1159 1204 1196 indice
1219 1161 1308 1196 bono
1326 1159 1422 1209 atque
1437 1162 1624 1196 continente
1637 1169 1753 1196 notan-

35 1211 78 1248 da
100 1214 214 1247 omnia
237 1211 348 1247 adiuti.
415 1211 466 1246 Ad
494 1216 636 1258 primam
669 1210 845 1247 editionem
872 1211 1084 1248 Basileensem
1110 1212 1208 1247 index
1235 1212 1280 1247 est
1307 1212 1347 1246 ab
1369 1212 1565 1259 Hieronymo
1580 1211 1752 1258 Genngsaeo

34 1262 226 1302 confedtus,
260 1260 332 1297 satis
353 1262 457 1297 bonus
481 1262 640 1310 vtilisque.
691 1264 860 1312 Separauit
878 1267 903 1298 is
925 1267 1148 1312 genuinorum
1171 1263 1286 1298 Galeni
1311 1274 1452 1310 operum
1476 1263 1617 1298 indicem
1640 1276 1658 1296 a
1681 1260 1753 1310 spu-

33 1317 183 1354 riorum,
216 1327 316 1362 quem
343 1311 515 1363 separatim
543 1312 739 1364 composuit,
807 1314 953 1349 Indicem
977 1318 1010 1350 in
1035 1312 1210 1350 secundam
1233 1313 1412 1350 editionem
1435 1311 1647 1349 Bafileensem
1670 1313 1752 1349 alius

35 1365 172 1415 quidam
193 1367 243 1400 vir
262 1365 375 1401 dotfius
400 1363 604 1412 composuit,
631 1367 729 1401 etiam
754 1365 834 1400 boni
856 1380 894 1401 ac
914 1364 1019 1401 facilis
1044 1364 1126 1403 vsus.
1178 1363 1229 1401 Ad
1251 1367 1380 1401 tertiam
1400 1363 1578 1401 editionem
1598 1364 1754 1400 Bafileen·

17 1416 103 1454 ⁷sem
124 1417 221 1454 index
242 1417 286 1452 est
308 1431 325 1452 a
344 1418 433 1452 Gzcil.
449 1418 628 1452 Gratarolo
651 1416 854 1466 compositus
876 1431 953 1453 cum
972 1416 1105 1454 summo
1127 1416 1250 1460 studio,
1274 1428 1370 1466 atque
1386 1414 1457 1452 vsus
1474 1417 1550 1452 hinc
1567 1415 1751 1452 commodi.

36 1473 193 1508 Attamen
217 1470 251 1504 hi
273 1468 395 1504 indices
416 1468 520 1504 multa
543 1468 694 1518 quidem,
727 1483 786 1504 nec
809 1472 925 1505 omnia
945 1469 1090 1505 notanda
1111 1472 1289 1505 continent.
1342 1470 1432 1503 Hinc
1453 1466 1684 1517 praeferendus
1707 1467 1752 1503 est

36 1522 133 1558 index
154 1524 188 1556 in
209 1520 323 1556 Galeni
346 1533 446 1569 opera
469 1521 508 1555 ab
533 1521 674 1555 Antmio
689 1521 791 1568 Musa
809 1521 1004 1569 Braffauolo
1027 1519 1248 1568 compositus,
1281 1529 1314 1555 et
1338 1521 1442 1555 nimia
1468 1518 1537 1555 fere
1566 1519 1751 1567 prolixitate

36 1573 206 1613 laborans,
232 1583 329 1620 atque
353 1574 506 1607 omnium
527 1571 630 1621 longe
650 1571 896 1619 copioliffimus.
949 1574 978 1607 ls
1004 1574 1173 1608 luntarum
1197 1570 1332 1607 editioni
1357 1570 1514 1607 secundae
1534 1573 1678 1620 primum
1700 1583 1751 1606 ac-

37 1623 141 1661 ceffit:
173 1622 300 1659 accetstt
320 1618 436 1665 etiam,
465 1634 500 1659 vt
522 1636 605 1673 puto
629 1623 762 1673 reliquis
791 1626 961 1660 luntarum
985 1623 1199 1660 editionibus:
1232 1621 1272 1658 ad
1293 1621 1414 1658 sextam
1436 1620 1541 1658 saltim
1564 1620 1751 1671 septimam-

38 1689 122 1727 que,
144 1688 222 1724 quas
238 1673 398 1710 editiones
420 1673 458 1709 ad
477 1688 594 1710 manus
610 1675 735 1716 habeo,
761 1675 868 1712 exstat.
919 1675 1026 1712 Exstat
1049 1678 1145 1711 etiam
1163 1674 1358 1710 editionibus
1375 1677 1543 1710 luntarum
1565 1673 1638 1723 post
1658 1671 1752 1722 septi-

38 1741 129 1765 mam
154 1726 329 1774 adaptatuS.
389 1725 424 1761 Id
445 1730 541 1761 etiam
561 1726 601 1762 ad
622 1726 929 1762 commendandum
950 1730 1037 1763 hunc
1058 1727 1198 1762 indicem
1219 1724 1418 1770 Braffauoli‚
1448 1728 1617 1761 luntarum
1640 1724 1753 1761 editio-

37 1780 132 1816 nibus
151 1777 322 1819 additum‚
356 1774 433 1812 facit
454 1791 678 1827 magnopere,
707 1778 816 1827 quod,
854 1781 909 1828 qui
929 1780 988 1814 has
1014 1777 1172 1815 editiones
1195 1788 1367 1821 cunarum,
1405 1780 1580 1827 praecipua
1601 1790 1641 1812 ex
1662 1777 1751 1813 libris

39 1830 175 1871 Galeni,
210 1830 265 1877 qui
293 1827 423 1876 singulis
449 1829 642 1865 editionibus
675 1832 821 1876 primum
845 1828 1059 1871 accesserunt,
1093 1827 1334 1878 excerpserunt,
1375 1839 1470 1877 atque
1494 1831 1527 1863 in
1552 1827 1676 1869 indice,
1716 1841 1754 1863 ac

39 1876 102 1917 suis
118 1880 200 1916 locis
217 1892 381 1928 quaeque,
407 1890 574 1915 notarunt.
627 1880 852 1928 Lugdunensis
875 1883 973 1917 editio
991 1884 1038 1917 10.
1053 1881 1211 1917 Frellonii
1233 1879 1376 1915 indicem
1393 1877 1564 1915 Gemusaei
1580 1875 1753 1927 vsurpauit.

142 1955 350 1991 Leonhardus
367 1955 508 2001 nghes,
541 1953 700 2003 Papienfis
722 1955 887 1994 medicus,
919 1970 1008 1992 anno
1025 1969 1104 2002 ¹519·
1127 1954 1228 1991 edidit
1247 1955 1401 1992 colleetas
1422 1969 1441 1991 a
1461 1952 1493 1990 se
1514 1952 1754 2003 propositiones

42 2020 82 2043 ex
96 2007 212 2043 Galeni
229 2006 335 2048 libris,
363 2019 463 2054 quam
480 2005 659 2054 plurimas,
685 2017 717 2042 et
735 2006 831 2042 simul
843 2006 985 2044 indicem
1003 2008 1244 2057 alphabeticum
1262 2005 1443 2043 seeundum
1464 2006 1564 2042 libros
1584 2016 1616 2042 et
1637 2008 1754 2055 capita,

40 2057 95 2097 sed
115 2072 184 2095 non
204 2057 298 2094 valde
318 2055 501 2106 copiosum.

142 2133 208 2171 Etfi
228 2132 362 2183 quidem
381 2132 421 2169 de
443 2146 521 2169 vero
539 2135 694 2182 redtoque
711 2132 827 2169 ordine
843 2134 959 2169 Galem'
979 2133 1136 2170 librorum
1154 2146 1256 2170 nemo
1272 2135 1449 2182 cogitauit,
1475 2133 1521 2179 (is
1542 2142 1651 2169 autem
1675 2132 1754 2169 alius

45 2184 108 2223 effe
126 2200 196 2223 non
217 2185 341 2235 potest,
373 2183 432 2221 nist
459 2185 743 2233 chronologicus)
775 2195 902 2234 praeter
924 2188 1103 2222 Lahbeum:
1142 2186 1236 2221 multi
1261 2197 1371 2220 tamen
1394 2185 1435 2220 de
1457 2185 1572 2220 ordine
1592 2185 1753 2220 librorum

46 2239 212 2282 Galenihet
234 2240 442 2285 cogitarunt,
465 2246 495 2272 et
510 2234 712 2283 scripserunt.
735 2258 785 2264 —
814 2241 937 2274 Primus
960 2237 1001 2272 de
1025 2238 1140 2273 ordine
1159 2238 1317 2272 librorum
1340 2237 1456 2272 Galeni
1479 2235 1682 2280 systematico
1703 2248 1755 2271 co-

47 2292 161 2338 gitauit
176 2291 306 2324 Iacobus
321 2290 464 2336 Syluius,
492 2290 526 2322 in
541 2289 645 2324 libro:
671 2291 752 2323 ordo
773 2296 801 2323 et
823 2291 944 2324 mainis
959 2291 1040 2323 ratio
1056 2291 1085 2323 in
1099 2291 1238 2335 legendis
1253 2290 1462 2334 Hippocratis
1477 2296 1505 2322 ef
1524 2288 1638 2322 Galeni
1654 2288 1756 2323 libris.

47 2341 151 2388 Paris
169 2353 256 2386 1549.
274 2338 335 2377 fol.
349 2344 368 2363 '²'
393 2360 444 2367 -
471 2340 596 2375 Deinde
613 2342 660 2375 Io.
680 2342 779 2384 B'sss·
796 2344 976 2376 alamanus
992 2339 1115 2375 duabus
1137 2339 1298 2388 epistolis,
1326 2340 1422 2375 altera
1444 2338 1558 2387 scripta
1577 2338 1615 2373 ad
1632 2341 1755 2372 Lucam

48 2394 120 2428 Ant.
138 2396 286 2438 mutam,
319 2391 419 2429 altera
440 2390 482 2428 ad
502 2392 660 2433 ledere&
692 2406 775 2444 quae
802 2392 954 2444 epistolae
980 2392 1130 2441 leguntur
1151 2396 1185 2430 in
1206 2390 1317 2429 fronte
1338 2392 1520 2427 editionum
1541 2391 1756 2425 Iuntinarum.

91 2449 161 2483 Vol.
170 2450 213 2483 V.
902 2445 977 2493 Q‘l
985 2456 1005 2493 (1
1146 2440 1149 2443 ἢ
1629 2440 1757 2477 Fatetur
