2013 2725
146 83 211 121 604
263 79 335 113 Lib.
352 76 397 113 V.
422 88 445 112 c.
465 48 543 111 xz..
751 71 1084 108 ETYMoLooicA
1112 72 1300 108 GRAECA
1661 74 1722 102 voi.
1737 75 1775 103 x.
1792 82 1858 109 μη

247 173 353 221 gelica.
379 172 417 205 ln
425 167 496 205 cod.
508 165 583 202 bibl.
594 164 704 212 Paris
711 166 942 201 MMDCXXI.
955 166 1066 200 photii
1077 164 1221 205 lexicon,
1236 163 1440 213 aLudolpho
1454 164 1605 208 Kiissero,
1622 168 1680 211 (vti
1690 171 1734 204 ait
1744 170 1860 204 audior

247 223 339 259 catal.
362 232 441 258 tom.
469 222 507 255 11.
530 230 603 267 pag.
631 220 716 262 529.)
746 217 826 252 dum
855 219 888 252 in
917 216 1038 265 Anglia
1059 215 1446 258 versaretursmenfibus
1468 219 1641 254 Decembr.
1668 234 1687 254 a
1710 222 1803 265 1699.
1829 229 1862 255 et

250 276 401 310 Ianuario
421 283 515 314 ¹700·
533 265 740 316 descriptum.
774 266 860 304 Cod.
879 267 953 314 ille,
981 267 1066 303 vn'de
1081 267 1287 318 descripserat
1301 267 1474 312 Kiislcrus,
1498 269 1580 304 olim
1602 279 1669 305 erat
1693 271 1750 305 Th.
1768 271 1863 307 Galn·

249 327 316 360 iam
339 336 416 359 vero
440 320 618 357 custoditur
645 321 771 355 Oxonii
800 322 835 355 in
864 319 941 355 bibl.
968 319 1155 356 Bodleiana.
1210 322 1450 369 Apographum
1482 322 1678 356 photianum
1711 322 1865 357 habuerat

246 377 446 418 Kulmcamp.
468 370 556 416 (vide
572 373 637 406 eius
655 369 820 420 specimen
835 370 1003 407 laudatum
1020 385 1094 421 pag.
1112 372 1176 415 ιο»)
1198 373 1252 421 qui
1277 382 1441 419 praeterea
1458 375 1522 407 iam
1540 372 1725 415 adnotauit,
1761 372 1865 421 plura.

251 439 349 475 quam
363 427 497 459 Bielium
513 420 633 458 dedisse
654 425 683 458 I.
701 422 736 458 C'.
751 425 1024 470 Haranbcrgium‚
1059 425 1280 470 Theologum
1314 423 1484 470 quondam
1507 422 1794 465 Brunsuicensem,
1832 426 1866 459 in

252 477 384 512 diatribe
399 474 564 523 epistolica
584 473 624 509 de
641 475 746 510 Photii
763 475 1001 523 Etymologico
1025 476 1074 510 M.
1094 477 1143 520 (in
1164 488 1253 511 noua
1270 475 1345 510 bibl.
1362 474 1543 518 Bremenfi,
1570 473 1655 511 class.
1672 478 1713 511 V.
1735 472 1811 510 fase.
1826 477 1866 511 11.

250 540 327 577 pag.
343 535 405 568 280
429 524 512 575 sqq.)
568 527 595 559 ls
618 536 727 561 autem
748 524 886 574 scripfit,
919 524 1124 562 transmisisse
1140 529 1225 562 viros
1241 526 1422 575 quosdam,
1445 540 1560 575 graece
1579 526 1800 570 doctiffimoe,
1824 538 1866 561 ex

248 578 412 615 academia
434 575 617 613 Oxonienfi
641 578 825 627 exemplar,
851 576 1032 614 fideliffime
1055 591 1095 613 ex
1121 577 1194 614 eod.
1218 578 1311 614 Galei
1334 576 1551 627 descriptum,
1578 577 1618 614 ad
1643 581 1730 614 viros
1751 590 1867 626 graece

249 629 393 666 eruditos
411 631 644 671 Brunsu1cum,
671 642 819 678 opusque
842 629 1161 677 Etymologicorum
1185 629 1326 665 aliorum
1346 632 1426 665 Msti
1459 628 1579 665 codicis
1606 630 1776 665 Bodleian&
1803 641 1867 676 ope

252 685 296 718 ita
318 678 521 722 emendasse,
550 690 583 715 vt
606 680 698 728 prelo
723 681 854 716 tandem
875 679 979 729 posset
1009 679 1168 723 submitti,
1213 692 1245 716 et
1269 678 1414 729 gloriose
1446 683 1480 715 in
1508 681 1616 717 lucem
1650 684 1739 717 exIre
1763 680 1868 730 publi-

250 746 332 768 cam.
386 732 477 768 Idem
512 730 699 772 contendit,
740 731 890 768 codicem
927 733 1107 768 Galeamcm
1132 747 1151 768 a
1186 732 1340 769 Gudiano
1373 730 1578 776 Guelferbyt.
1608 746 1708 782 quem
1737 746 1767 769 a.
1788 734 1868 769 Chr.

252 784 474 820 MCCXCHI.
496 781 652 832 scriptum
674 781 787 823 fuisse,
823 797 861 819 ex
891 784 957 818 fine
987 788 1093 832 operis
1121 783 1271 832 adparet,
1308 782 1372 819 esse
1405 782 1673 826 diuerfissimum,
1705 786 1869 832 vtrinsque

253 844 361 871 autem
397 834 610 870 collec‘mrem
645 831 735 869 fuisse
764 834 1005 878 Christianum,
1047 834 1193 870 Gadium
1221 846 1300 870 vero
1337 833 1389 868 vel
1423 834 1594 883 deceptum
1623 835 1662 869 ab
1685 835 1771 876 alio,
1815 833 1869 869 vel

255 885 399 934 quaesiui
421 887 600 920 inhiantem
624 882 718 919 suurn
739 886 907 935 exemplar
923 883 1093 921 venditasse
1105 899 1168 934 pro
1184 886 1343 922 Photiano
1365 885 1490 927 lexico,
1515 895 1546 921 et
1566 882 1752 927 schedulas,
1779 881 1872 920 fron·

254 938 335 972 tibus
360 936 571 971 voluminum
599 935 833 984 adglutinatas‚
867 936 985 981 Gudii,
1017 938 1064 980 (vt
1095 938 1541 986 opinabatur,Hezfingerus
1570 936 1655 985 apud
1685 936 1870 972 Harenber.

255 989 380 1037 gium,)
407 990 526 1031 Mstas,
554 989 672 1023 Photio
690 987 723 1023 id
747 1001 829 1036 opus
847 999 971 1024 tantum
986 989 1142 1028 tribuere,
1174 989 1259 1024 illius
1274 999 1382 1025 autem
1400 1001 1544 1029 nomen,
1578 1001 1740 1038 nusquam
1761 990 1794 1023 in
1816 997 1873 1022 co-

254 1041 325 1075 dice
347 1052 527 1074 occurrere.
592 1040 718 1074 Verum
741 1042 774 1074 in
801 1043 867 1076 hoc
896 1038 1012 1075 errass‘e
1039 1043 1125 1076 viros
1156 1040 1290 1083 doctos,
1321 1038 1461 1076 ostendit
1490 1039 1699 1088 Kulenkamp
1728 1052 1801 1088 pag.
1824 1049 1871 1081 14.
1940 1066 1943 1073 .

255 1101 286 1127 et
308 1102 441 1129 monet,
465 1093 499 1125 in
527 1088 699 1131 addendis,
729 1090 856 1127 litterae
881 1099 920 1130 Ω
944 1091 1092 1134 ειάἰεέὶῐε,
1122 1095 1157 1127 in
1188 1093 1255 1127 fine
1282 1105 1352 1129 voc.
1375 1087 1508 1140 Κρόνος,
1542 1092 1653 1133 verba,
1687 1087 1777 1130 ἕτως
1804 1086 1872 1136 ἐγὼ

259 1140 391 1181 Φώτιος
413 1142 427 1180 o‘
447 1140 696 1192 πατριάρχης,
735 1146 885 1191 reperiri,
924 1157 1006 1192 quae
1038 1142 1183 1180 Gudium
1209 1141 1321 1180 forsan
1349 1144 1613 1185 commouerint‚
1655 1152 1687 1179 vt
1715 1140 1874 1181 crederet,

253 1196 408 1229 Photium
424 1192 485 1229 ess'e
500 1195 669 1228 auctorem
689 1197 785 1230 totius
800 1197 919 1244 operiS.
947 1194 1010 1230 Sed
1024 1196 1160 1231 Kulenk.
1177 1199 1232 1245 qui
1246 1195 1286 1231 de
1299 1195 1384 1230 illius
1401 1194 1475 1230 cod.
1489 1196 1690 1242 antiquitate,
1705 1191 1872 1242 scriptura,

257 1247 448 1281 auctoritate
462 1256 520 1280 etc.
538 1245 633 1282 doc‘ie
643 1242 840 1295 copioseque
848 1244 997 1295 disputat,
1011 1258 1103 1282 acute
1111 1247 1312 1283 demonstrat
1326 1244 1498 1282 salsitatem
1510 1246 1594 1281 illius
1604 1244 1722 1282 iudicii.
1756 1247 1874 1293 Qum

253 1300 342 1332 enim
373 1296 429 1331 ille
463 1296 554 1331 locus
582 1310 621 1331 ex
651 1299 757 1332 Photii
790 1296 909 1345 scriptis
935 1312 952 1332 a
980 1299 1196 1345 compilatore
1224 1301 1266 1334 ita
1291 1296 1367 1333 esset
1393 1306 1578 1344 excerptus,
1619 1307 1653 1331 vt
1679 1299 1722 1343 is,
1768 1308 1874 1345 quum

259 1351 392 1383 Photius
429 1347 590 1383 adieciffet
621 1346 694 1384 suae
725 1347 849 1398 epicrisi
880 1345 983 1387 οὕτως
1012 1346 1099 1395 ἐγώ,
1138 1350 1270 1385 adderet
1293 1347 1425 1388 Φεέτιος
1447 1348 1464 1384 ὅ
1481 1345 1730 1398 πατριάρχης»
1762 1347 1874 1394 colligi

259 1409 389 1434 tantum
424 1398 545 1446 potest,
582 1399 678 1435 illum
713 1399 829 1435 locum
860 1411 1072 1449 excerptum,
1107 1403 1230 1450 (quem
1255 1404 1350 1436 etiam
1381 1402 1498 1436 auc‘lor
1523 1400 1751 1446 Etyniologici
1770 1401 1821 1434 M.
1843 1411 1874 1434 v.

258 1448 374 1501 Κρόνος
395 1452 514 1485 Photio
539 1448 704 1494 adscribit,
743 1450 865 1487 omissis
893 1461 1001 1487 autem
1024 1466 1116 1490 voce.
1140 1450 1229 1492 ἕτως
1255 1451 1347 1498 ἐγώ.)
1385 1465 1454 1486 non
1483 1455 1649 1500 integrum
1678 1463 1760 1499 opus
1792 1451 1875 1485 Pho-

256 1504 341 1537 tium
366 1503 480 1537 habere
507 1504 685 1550 parentem.
739 1503 830 1538 Idem
855 1504 1072 1553 Kulenkamp.
1101 1503 1220 1540 refutat
1242 1507 1389 1552 iniquam
1418 1504 1638 1551 Harenbergii
1669 1504 1875 1550 opinionem·

259 1553 410 1588 codicem
446 1555 603 1589 Thomae
637 1552 720 1589 Gale
751 1553 814 1589 effe
842 1553 1092 1602 praeferendum
1122 1556 1298 1594 Gudiauo,
1331 1565 1362 1590 et
1391 1557 1478 1590 hunc
1508 1556 1603 1602 parui
1627 1553 1875 1590 aestimandum.

259 1606 287 1640 E
297 1607 461 1639 contrario
472 1604 557 1638 idem
568 1604 758 1639 Gudianum
769 1604 932 1642 codicem.
949 1607 993 1640 vti
1001 1607 1257 1653 etymologicon
1267 1607 1307 1641 V
1305 1606 1527 1646 ltraieliiimtm,
1550 1613 1581 1640 et
1593 1604 1670 1640 cod.
1682 1605 1873 1652 Fui-isinum,

262 1666 361 1702 quem
371 1656 586 1690 Rulinkenius
601 1654 742 1697 excuffit,
759 1669 798 1691 ex
812 1656 991 1692 collatione
1006 1657 1248 1700 animaduertit,
1263 1669 1331 1691 non
1347 1655 1454 1692 modo
1468 1653 1527 1691 ase
1540 1669 1657 1704 parum
1673 1655 1797 1690 nihilne
1812 1652 1874 1689 dif-

257 1704 353 1744 ferre,
371 1704 421 1740 sed
437 1709 534 1741 etiam
553 1705 591 1740 ad
609 1706 846 1747 illustrandum,
863 1706 1171 1756 emendandumque
1184 1719 1215 1743 et
1224 1707 1456 1744 restituendum
1466 1708 1731 1754 Etymologicon
1740 1708 1788 1743 M.
1803 1705 1875 1753 plus

259 1755 420 1797 conferre,
438 1771 536 1804 quam
555 1757 646 1804 plura
660 1758 776 1798 lexica,
795 1760 960 1793 Photiano
974 1757 1105 1794 fimilia:
1133 1770 1242 1806 atque,
1263 1769 1456 1807 comparato
1471 1770 1600 1806 quoque
1610 1757 1729 1802 Cyrilli
1747 1755 1875 1792 Gloffa·
1890 1796 1902 1800 N
1964 1766 1976 1782 ff

257 1811 309 1844 rio
334 1811 425 1842 Msto
446 1807 630 1849 Bremenfi,
664 1809 808 1855 pluribus
834 1811 911 1845 varii
934 1811 1061 1856 generis
1077 1809 1281 1845 demonstrat
1295 1808 1454 1858 exemplis
1470 1807 1631 1856 insignem
1647 1808 1733 1844 illius
1749 1807 1874 1844 ecdici:

259 1860 441 1895 vtilitatem.
495 1860 741 1907 Harenber'gim
760 1873 840 1895 vero
858 1862 891 1895 in
914 1859 1028 1895 eadem
1047 1861 1121 1896 bibl.
1140 1860 1324 1903 Bremenfi,
1351 1872 1433 1896 tom.
1450 1862 1506 1896 Vl.
1528 1859 1596 1896 fiue
1617 1858 1703 1896 claff-
1717 1862 1780 1895 Vl..
1797 1857 1874 1895 fasc.

260 1911 315 1944 111.
336 1923 384 1944 nr.
407 1912 461 1944 IV.
481 1921 556 1956 pag.
580 1916 651 1954 278·
676 1909 743 1960 sqq.
774 1909 895 1959 scripfit
918 1911 1096 1958 Epistolam
1114 1915 1157 1947 ad
1169 1914 1272 1947 -L.
1295 1912 1556 1957 Kzilmzkanipium
1579 1911 1616 1945 de
1646 1911 1875 1959 Etymologicis

261 1962 447 2008 quibusdam
466 1964 608 2007 graecis,
635 1972 666 1996 et
694 1964 742 1996 Io.
770 1962 896 1998 Alberti
919 1963 1058 1998 indicem
1078 1966 1251 1999 auctorum
1274 1977 1313 1999 ex
1336 1965 1447 1998 Photis*
1468 1965 1566 1997 lexico
1595 1960 1874 1999 inedito'subiecit

262 2011 425 2049 Gloffario
448 2009 568 2060 graeco
589 2014 623 2046 in
648 2010 753 2049 saeros
775 2016 814 2050 N.
830 2016 862 2049 F.
885 2015 985 2050 libros
1008 2025 1067 2051 etc.
1103 2014 1208 2064 Lugd.
1230 2017 1340 2051 Batau.
1365 2027 1445 2061 1735.
1469 2021 1500 2056 8.
1528 2015 1641 2049 Ha-vl...

165 2091 332 2129 Simeonis,
353 2090 580 2136 grammatici,
600 2089 875 2137 Etymologicum
895 2090 1010 2126 ordine
1030 2092 1253 2140 alphabetim,
1280 2089 1369 2126 foliis
1392 2089 1528 2126 centum*
1541 2089 1742 2139 septuaginta
1762 2100 1794 2125 et
1807 2086 1874 2126 vno

264 2143 336 2177 MS.
354 2144 386 2174 in
404 2140 476 2176 bibl.
503 2139 675 2183 Caesarea,
703 2140 777 2176 teste
799 2141 935 2189 Ntff'lio
959 2154 1049 2191 parte
1075 2146 1130 2180 VI.
1151 2157 1225 2193 pag.
1243 2155 1292 2187 77.
1325 2143 1439 2179 codice
1465 2140 1655 2192 philosoph.
1676 2143 1828 2183 CXXX&

165 2219 276 2253 sicidae
296 2216 570 2264 Etymologicum
589 2217 662 2254 MS.
686 2219 719 2252 in
736 2217 811 2253 bibl.
837 2218 978 2254 Palatina
1002 2219 1102 2263 olim,
1128 2220 1246 2266 (hodie
1265 2223 1299 2255 in
1320 2205 1514 2266 Vaticana.)
1546 2230 1577 2256 et
1604 2218 1756 2267 Lugduni
1785 2220 1873 2253 Brita-

263 2281 380 2303 vorum
404 2271 485 2303 inter
504 2269 603 2304 libros
625 2266 661 2303 Is.
686 2268 796 2305 Voffii.
850 2270 953 2312 Vide,
979 2269 1001 2305 fi
1018 2274 1143 2320 placet,
1170 2285 1254 2321 quae
1274 2271 1339 2308 dixi
1367 2286 1436 2322 cap.
1453 2271 1492 2307 de
1513 2270 1629 2311 saida,
1656 2269 1726 2304 sesi.
1747 2271 1798 2303 ΙΠ.
1813 2270 1874 2308 fin:

264 2321 395 2368 Saepius
417 2322 530 2355 citatur
550 2335 567 2355 a
589 2321 730 2371 Meutfio
757 2322 791 2356 in
813 2319 968 2370 glossario
995 2322 1114 2372 graeco
1147 2324 1294 2366 barbaro.
1329 2326 1431 2365 Fahr·
1482 2325 1534 2358 De
1565 2320 1677 2357 00&oe
1704 2322 1871 2408 Iffig‘gffl'gg
