<?xml version="1.0" encoding="UTF-8"?>
<!DOCTYPE html PUBLIC "-//W3C//DTD XHTML 1.0 Transitional//EN"
    "http://www.w3.org/TR/xhtml1/DTD/xhtml1-transitional.dtd">
<html xmlns="http://www.w3.org/1999/xhtml" xml:lang="en" lang="en">
 <head>
  <title>
</title>
<meta http-equiv="Content-Type" content="text/html;charset=utf-8" />
  <meta name='ocr-system' content='tesseract 3.04.00' />
  <meta name='ocr-capabilities' content='ocr_page ocr_carea ocr_par ocr_line ocrx_word'/>
</head>
<body>
  <div class='ocr_page' id='page_1' title='image "./bibliothecagraec05fabruoft_1565.png"; bbox 0 0 2049 2720; ppageno 0'>
   <div class='ocr_carea' id='block_1_1' title="bbox 46 92 1802 1772">
    <p class='ocr_par' dir='ltr' id='par_1_1' title="bbox 46 92 1802 1727">
     <span class='ocr_line' id='line_1_1' title="bbox 84 92 1798 140; baseline 0.003 -13"><span class='ocrx_word' id='word_1_1' title='bbox 84 97 146 122; x_wconf 75' lang='lat' dir='ltr'>voi.</span> <span class='ocrx_word' id='word_1_2' title='bbox 160 95 220 122; x_wconf 64' lang='lat' dir='ltr'>vti·</span> <span class='ocrx_word' id='word_1_3' title='bbox 235 97 309 127; x_wconf 71' lang='lat' dir='ltr'>ms</span> <span class='ocrx_word' id='word_1_4' title='bbox 781 92 1068 130; x_wconf 74' lang='lat' dir='ltr'>IMPERATOR.</span> <span class='ocrx_word' id='word_1_5' title='bbox 1427 93 1498 128; x_wconf 57' lang='lat' dir='ltr'>Lib.</span> <span class='ocrx_word' id='word_1_6' title='bbox 1514 93 1559 130; x_wconf 84' lang='lat' dir='ltr'>V.</span> <span class='ocrx_word' id='word_1_7' title='bbox 1574 105 1596 130; x_wconf 82' lang='lat' dir='ltr'>e.</span> <span class='ocrx_word' id='word_1_8' title='bbox 1609 94 1686 132; x_wconf 82' lang='lat' dir='ltr'>XL.</span> <span class='ocrx_word' id='word_1_9' title='bbox 1739 107 1798 140; x_wconf 75' lang='lat'>723</span> 
     </span>
     <span class='ocr_line' id='line_1_2' title="bbox 82 183 1800 238; baseline 0.001 -14"><span class='ocrx_word' id='word_1_10' title='bbox 82 187 229 228; x_wconf 83' lang='lat' dir='ltr'>versum,</span> <span class='ocrx_word' id='word_1_11' title='bbox 263 185 337 224; x_wconf 78' lang='lat' dir='ltr'>vide</span> <span class='ocrx_word' id='word_1_12' title='bbox 359 186 494 224; x_wconf 77' lang='lat' dir='ltr'>Suidam</span> <span class='ocrx_word' id='word_1_13' title='bbox 517 190 551 224; x_wconf 88' lang='lat' dir='ltr'>in</span> <span class='ocrx_word' id='word_1_14' title='bbox 565 185 753 237; x_wconf 57' lang='lat' dir='ltr'>‘&#39;Apoexce,</span> <span class='ocrx_word' id='word_1_15' title='bbox 780 185 1007 230; x_wconf 64' lang='lat' dir='ltr'>Moeusii‘ivm,</span> <span class='ocrx_word' id='word_1_16' title='bbox 1032 186 1194 238; x_wconf 72' lang='grc' dir='ltr'>Κῦξιλλσς</span> <span class='ocrx_word' id='word_1_17' title='bbox 1220 183 1370 226; x_wconf 64' lang='grc' dir='ltr'>διάκονος</span> <span class='ocrx_word' id='word_1_18' title='bbox 1392 197 1424 222; x_wconf 83' lang='lat' dir='ltr'>et</span> <span class='ocrx_word' id='word_1_19' title='bbox 1445 184 1607 237; x_wconf 61' lang='lat' dir='ltr'>Mx&#39;gucs‘)</span> <span class='ocrx_word' id='word_1_20' title='bbox 1636 189 1800 233; x_wconf 68' lang='lat' dir='ltr'>abstinuit,</span> 
     </span>
     <span class='ocr_line' id='line_1_3' title="bbox 84 237 1800 289; baseline -0.001 -14"><span class='ocrx_word' id='word_1_21' title='bbox 84 241 172 289; x_wconf 80' lang='lat' dir='ltr'>quod</span> <span class='ocrx_word' id='word_1_22' title='bbox 197 241 346 289; x_wconf 81' lang='lat' dir='ltr'>priorum</span> <span class='ocrx_word' id='word_1_23' title='bbox 367 238 610 289; x_wconf 76' lang='lat' dir='ltr'>persecutorum</span> <span class='ocrx_word' id='word_1_24' title='bbox 627 241 780 288; x_wconf 77' lang='lat' dir='ltr'>exemplo</span> <span class='ocrx_word' id='word_1_25' title='bbox 799 240 932 277; x_wconf 67' lang='lat' dir='ltr'>edochis</span> <span class='ocrx_word' id='word_1_26' title='bbox 948 243 1013 274; x_wconf 88' lang='lat' dir='ltr'>hoc</span> <span class='ocrx_word' id='word_1_27' title='bbox 1031 242 1127 286; x_wconf 69' lang='lat' dir='ltr'>padio</span> <span class='ocrx_word' id='word_1_28' title='bbox 1144 241 1289 289; x_wconf 82' lang='lat' dir='ltr'>opprimi</span> <span class='ocrx_word' id='word_1_29' title='bbox 1307 237 1473 275; x_wconf 80' lang='lat' dir='ltr'>ecclesiam</span> <span class='ocrx_word' id='word_1_30' title='bbox 1493 253 1561 274; x_wconf 86' lang='lat' dir='ltr'>non</span> <span class='ocrx_word' id='word_1_31' title='bbox 1579 238 1688 287; x_wconf 65' lang='lat' dir='ltr'>poss&#39;e,</span> <span class='ocrx_word' id='word_1_32' title='bbox 1714 255 1800 277; x_wconf 86' lang='lat' dir='ltr'>mar-</span> 
     </span>
     <span class='ocr_line' id='line_1_4' title="bbox 81 291 1798 340; baseline -0.001 -12"><span class='ocrx_word' id='word_1_33' title='bbox 81 294 158 337; x_wconf 83' lang='lat' dir='ltr'>tyrii</span> <span class='ocrx_word' id='word_1_34' title='bbox 179 304 311 340; x_wconf 88' lang='lat' dir='ltr'>quoque</span> <span class='ocrx_word' id='word_1_35' title='bbox 327 291 684 339; x_wconf 22' lang='lat' dir='ltr'>gloriamvChrissianis</span> <span class='ocrx_word' id='word_1_36' title='bbox 715 291 886 327; x_wconf 78' lang='lat' dir='ltr'>inuideret.</span> <span class='ocrx_word' id='word_1_37' title='bbox 947 293 1098 339; x_wconf 80' lang='lat' dir='ltr'>Princeps</span> <span class='ocrx_word' id='word_1_38' title='bbox 1131 291 1303 339; x_wconf 75' lang='lat' dir='ltr'>praeclaris</span> <span class='ocrx_word' id='word_1_39' title='bbox 1333 292 1523 338; x_wconf 79' lang='lat' dir='ltr'>ceteroquin</span> <span class='ocrx_word' id='word_1_40' title='bbox 1557 293 1659 326; x_wconf 88' lang='lat' dir='ltr'>animi</span> <span class='ocrx_word' id='word_1_41' title='bbox 1690 303 1722 327; x_wconf 90' lang='lat' dir='ltr'>et</span> <span class='ocrx_word' id='word_1_42' title='bbox 1747 296 1798 328; x_wconf 80' lang='lat' dir='ltr'>in-</span> 
     </span>
     <span class='ocr_line' id='line_1_5' title="bbox 81 340 1799 393; baseline 0.001 -15"><span class='ocrx_word' id='word_1_43' title='bbox 81 342 318 393; x_wconf 73' lang='lat' dir='ltr'>geniidotibus</span> <span class='ocrx_word' id='word_1_44' title='bbox 342 345 372 387; x_wconf 74' lang='lat'>⁸)</span> <span class='ocrx_word' id='word_1_45' title='bbox 402 345 496 393; x_wconf 88' lang='lat' dir='ltr'>periit</span> <span class='ocrx_word' id='word_1_46' title='bbox 518 346 552 378; x_wconf 90' lang='lat' dir='ltr'>in</span> <span class='ocrx_word' id='word_1_47' title='bbox 578 342 784 390; x_wconf 81' lang='lat' dir='ltr'>expeditione</span> <span class='ocrx_word' id='word_1_48' title='bbox 801 340 950 378; x_wconf 77' lang='lat' dir='ltr'>aduersus</span> <span class='ocrx_word' id='word_1_49' title='bbox 966 341 1070 378; x_wconf 83' lang='lat' dir='ltr'>Persas</span> <span class='ocrx_word' id='word_1_50' title='bbox 1085 345 1136 378; x_wconf 74' lang='lat'>26,</span> <span class='ocrx_word' id='word_1_51' title='bbox 1161 345 1232 378; x_wconf 83' lang='lat' dir='ltr'>lun.</span> <span class='ocrx_word' id='word_1_52' title='bbox 1259 356 1286 377; x_wconf 84' lang='lat' dir='ltr'>a.</span> <span class='ocrx_word' id='word_1_53' title='bbox 1302 344 1340 377; x_wconf 89' lang='lat' dir='ltr'>C.</span> <span class='ocrx_word' id='word_1_54' title='bbox 1355 345 1426 386; x_wconf 86' lang='lat'>363.</span> <span class='ocrx_word' id='word_1_55' title='bbox 1440 345 1469 384; x_wconf 65' lang='lat'>¹³)</span> <span class='ocrx_word' id='word_1_56' title='bbox 1495 345 1604 377; x_wconf 78' lang='lat' dir='ltr'>aetatis</span> <span class='ocrx_word' id='word_1_57' title='bbox 1630 354 1676 384; x_wconf 82' lang='lat'>32.</span> <span class='ocrx_word' id='word_1_58' title='bbox 1694 357 1799 392; x_wconf 87' lang='lat' dir='ltr'>quum</span> 
     </span>
     <span class='ocr_line' id='line_1_6' title="bbox 79 391 1800 443; baseline -0.001 -13"><span class='ocrx_word' id='word_1_59' title='bbox 79 393 154 443; x_wconf 89' lang='lat' dir='ltr'>post</span> <span class='ocrx_word' id='word_1_60' title='bbox 180 393 359 429; x_wconf 87' lang='lat' dir='ltr'>Constantii</span> <span class='ocrx_word' id='word_1_61' title='bbox 385 405 527 430; x_wconf 80' lang='lat' dir='ltr'>mortem</span> <span class='ocrx_word' id='word_1_62' title='bbox 556 394 640 430; x_wconf 84' lang='lat' dir='ltr'>haud</span> <span class='ocrx_word' id='word_1_63' title='bbox 669 393 786 429; x_wconf 85' lang='lat' dir='ltr'>diutius</span> <span class='ocrx_word' id='word_1_64' title='bbox 816 407 914 442; x_wconf 86' lang='lat' dir='ltr'>quam</span> <span class='ocrx_word' id='word_1_65' title='bbox 942 406 1066 428; x_wconf 86' lang='lat' dir='ltr'>annum</span> <span class='ocrx_word' id='word_1_66' title='bbox 1091 406 1191 428; x_wconf 88' lang='lat' dir='ltr'>vnum</span> <span class='ocrx_word' id='word_1_67' title='bbox 1221 404 1252 428; x_wconf 90' lang='lat' dir='ltr'>et</span> <span class='ocrx_word' id='word_1_68' title='bbox 1275 392 1398 429; x_wconf 83' lang='lat' dir='ltr'>menses</span> <span class='ocrx_word' id='word_1_69' title='bbox 1423 391 1490 429; x_wconf 83' lang='lat' dir='ltr'>fere</span> <span class='ocrx_word' id='word_1_70' title='bbox 1512 395 1591 429; x_wconf 64' lang='lat' dir='ltr'>odio</span> <span class='ocrx_word' id='word_1_71' title='bbox 1620 392 1800 442; x_wconf 66' lang='lat' dir='ltr'>imperatas-</span> 
     </span>
     <span class='ocr_line' id='line_1_7' title="bbox 80 443 1801 494; baseline 0 -13"><span class='ocrx_word' id='word_1_72' title='bbox 80 443 134 492; x_wconf 65' lang='grc' dir='ltr'>[ετ.</span> <span class='ocrx_word' id='word_1_73' title='bbox 186 447 317 494; x_wconf 87' lang='lat' dir='ltr'>Corpus</span> <span class='ocrx_word' id='word_1_74' title='bbox 337 444 482 481; x_wconf 84' lang='lat' dir='ltr'>Tarsum</span> <span class='ocrx_word' id='word_1_75' title='bbox 507 448 616 494; x_wconf 85' lang='lat' dir='ltr'>primo</span> <span class='ocrx_word' id='word_1_76' title='bbox 631 445 776 481; x_wconf 83' lang='lat' dir='ltr'>delatum</span> <span class='ocrx_word' id='word_1_77' title='bbox 798 447 906 494; x_wconf 86' lang='lat' dir='ltr'>ibique</span> <span class='ocrx_word' id='word_1_78' title='bbox 926 446 1099 480; x_wconf 83' lang='lat' dir='ltr'>humatum</span> <span class='ocrx_word' id='word_1_79' title='bbox 1114 447 1148 479; x_wconf 85' lang='lat' dir='ltr'>in</span> <span class='ocrx_word' id='word_1_80' title='bbox 1162 443 1334 486; x_wconf 76' lang='lat' dir='ltr'>suburbio,</span> <span class='ocrx_word' id='word_1_81' title='bbox 1362 443 1478 480; x_wconf 87' lang='lat' dir='ltr'>deinde</span> <span class='ocrx_word' id='word_1_82' title='bbox 1491 443 1688 493; x_wconf 58' lang='lat' dir='ltr'>perductum</span> <span class='ocrx_word' id='word_1_83' title='bbox 1707 448 1801 481; x_wconf 67' lang='lat' dir='ltr'>CPo.</span> 
     </span>
     <span class='ocr_line' id='line_1_8' title="bbox 81 494 1799 546; baseline -0.001 -13"><span class='ocrx_word' id='word_1_84' title='bbox 81 497 205 541; x_wconf 61' lang='lat' dir='ltr'>finio),</span> <span class='ocrx_word' id='word_1_85' title='bbox 232 497 470 546; x_wconf 76' lang='lat' dir='ltr'>conditumque</span> <span class='ocrx_word' id='word_1_86' title='bbox 491 497 532 531; x_wconf 89' lang='lat' dir='ltr'>ibi</span> <span class='ocrx_word' id='word_1_87' title='bbox 550 499 585 532; x_wconf 84' lang='lat' dir='ltr'>in</span> <span class='ocrx_word' id='word_1_88' title='bbox 607 496 684 533; x_wconf 87' lang='lat' dir='ltr'>aede</span> <span class='ocrx_word' id='word_1_89' title='bbox 701 498 753 532; x_wconf 85' lang='lat' dir='ltr'>SS.</span> <span class='ocrx_word' id='word_1_90' title='bbox 777 496 1022 544; x_wconf 78' lang='lat' dir='ltr'>Apostolorum.</span> <span class='ocrx_word' id='word_1_91' title='bbox 1076 496 1248 543; x_wconf 73' lang='lat' dir='ltr'>Epitaphio</span> <span class='ocrx_word' id='word_1_92' title='bbox 1272 499 1355 539; x_wconf 73' lang='lat' dir='ltr'>eius,</span> <span class='ocrx_word' id='word_1_93' title='bbox 1389 495 1478 541; x_wconf 86' lang='lat' dir='ltr'>quod</span> <span class='ocrx_word' id='word_1_94' title='bbox 1510 494 1608 531; x_wconf 85' lang='lat' dir='ltr'>refert</span> <span class='ocrx_word' id='word_1_95' title='bbox 1635 496 1799 538; x_wconf 79' lang='lat' dir='ltr'>Zosimus,</span> 
     </span>
     <span class='ocr_line' id='line_1_9' title="bbox 80 544 1799 598; baseline 0.001 -14"><span class='ocrx_word' id='word_1_96' title='bbox 80 546 273 597; x_wconf 83' lang='lat' dir='ltr'>inscriptum</span> <span class='ocrx_word' id='word_1_97' title='bbox 294 552 376 584; x_wconf 86' lang='lat' dir='ltr'>inter</span> <span class='ocrx_word' id='word_1_98' title='bbox 396 550 459 584; x_wconf 83' lang='lat' dir='ltr'>alia</span> <span class='ocrx_word' id='word_1_99' title='bbox 480 547 605 596; x_wconf 80' lang='lat' dir='ltr'>insigne</span> <span class='ocrx_word' id='word_1_100' title='bbox 628 547 706 583; x_wconf 62' lang='lat' dir='ltr'>illud</span> <span class='ocrx_word' id='word_1_101' title='bbox 726 548 892 596; x_wconf 74' lang='lat' dir='ltr'>elogium:</span> <span class='ocrx_word' id='word_1_102' title='bbox 927 545 1123 597; x_wconf 69' lang='grc' dir='ltr'><em>α’μφέτεξεν</em></span> <span class='ocrx_word' id='word_1_103' title='bbox 1153 544 1320 585; x_wconf 63' lang='grc' dir='ltr'>Βασιλεύς</span> <span class='ocrx_word' id='word_1_104' title='bbox 1339 546 1372 585; x_wconf 71' lang='grc' dir='ltr'>τ’</span> <span class='ocrx_word' id='word_1_105' title='bbox 1388 545 1546 593; x_wconf 66' lang='grc' dir='ltr'>σίγσιθὲς,</span> <span class='ocrx_word' id='word_1_106' title='bbox 1581 545 1744 598; x_wconf 69' lang='grc' dir='ltr'>κρατερὲς</span> <span class='ocrx_word' id='word_1_107' title='bbox 1765 546 1799 586; x_wconf 56' lang='grc' dir='ltr'>τ’</span> 
     </span>
     <span class='ocr_line' id='line_1_10' title="bbox 82 597 1800 648; baseline -0.003 -10"><span class='ocrx_word' id='word_1_108' title='bbox 82 597 271 647; x_wconf 64' lang='grc' dir='ltr'><strong><em>αἰχμητής.</em></strong></span> <span class='ocrx_word' id='word_1_109' title='bbox 324 602 462 636; x_wconf 82' lang='lat' dir='ltr'>Mortuo</span> <span class='ocrx_word' id='word_1_110' title='bbox 486 602 668 648; x_wconf 79' lang='lat' dir='ltr'>parentauit</span> <span class='ocrx_word' id='word_1_111' title='bbox 687 600 841 636; x_wconf 76' lang='lat' dir='ltr'>Libanius</span> <span class='ocrx_word' id='word_1_112' title='bbox 868 602 960 636; x_wconf 83' lang='lat' dir='ltr'>Orat.</span> <span class='ocrx_word' id='word_1_113' title='bbox 977 601 1030 635; x_wconf 81' lang='lat' dir='ltr'>lx.</span> <span class='ocrx_word' id='word_1_114' title='bbox 1055 610 1086 634; x_wconf 90' lang='lat' dir='ltr'>et</span> <span class='ocrx_word' id='word_1_115' title='bbox 1110 600 1148 633; x_wconf 88' lang='lat' dir='ltr'>X.</span> <span class='ocrx_word' id='word_1_116' title='bbox 1173 602 1227 646; x_wconf 91' lang='lat' dir='ltr'>qui</span> <span class='ocrx_word' id='word_1_117' title='bbox 1241 611 1313 646; x_wconf 80' lang='lat' dir='ltr'>pag.</span> <span class='ocrx_word' id='word_1_118' title='bbox 1329 610 1394 643; x_wconf 81' lang='lat'>323.</span> <span class='ocrx_word' id='word_1_119' title='bbox 1409 611 1478 641; x_wconf 80' lang='lat'>324.</span> <span class='ocrx_word' id='word_1_120' title='bbox 1499 614 1517 634; x_wconf 84' lang='lat' dir='ltr'>a</span> <span class='ocrx_word' id='word_1_121' title='bbox 1537 599 1727 634; x_wconf 76' lang='lat' dir='ltr'>Christianis</span> <span class='ocrx_word' id='word_1_122' title='bbox 1752 602 1800 635; x_wconf 88' lang='lat' dir='ltr'>in.</span> 
     </span>
     <span class='ocr_line' id='line_1_11' title="bbox 81 647 1802 700; baseline -0.001 -14"><span class='ocrx_word' id='word_1_123' title='bbox 81 650 253 687; x_wconf 60' lang='lat' dir='ltr'>terfeduin</span> <span class='ocrx_word' id='word_1_124' title='bbox 274 652 444 687; x_wconf 78' lang='lat' dir='ltr'>contendit</span> <span class='ocrx_word' id='word_1_125' title='bbox 466 653 530 687; x_wconf 84' lang='lat' dir='ltr'>hoc</span> <span class='ocrx_word' id='word_1_126' title='bbox 552 661 767 699; x_wconf 80' lang='lat' dir='ltr'>argumento,</span> <span class='ocrx_word' id='word_1_127' title='bbox 794 650 902 700; x_wconf 78' lang='lat' dir='ltr'>quod,</span> <span class='ocrx_word' id='word_1_128' title='bbox 925 663 1002 698; x_wconf 84' lang='lat' dir='ltr'>rege</span> <span class='ocrx_word' id='word_1_129' title='bbox 1017 647 1181 686; x_wconf 82' lang='lat' dir='ltr'>Persarum</span> <span class='ocrx_word' id='word_1_130' title='bbox 1197 653 1380 697; x_wconf 85' lang='lat' dir='ltr'>praemium</span> <span class='ocrx_word' id='word_1_131' title='bbox 1394 650 1570 698; x_wconf 79' lang='lat' dir='ltr'>pollicente</span> <span class='ocrx_word' id='word_1_132' title='bbox 1585 653 1631 689; x_wconf 88' lang='lat' dir='ltr'>ei,</span> <span class='ocrx_word' id='word_1_133' title='bbox 1658 653 1713 699; x_wconf 89' lang='lat' dir='ltr'>qui</span> <span class='ocrx_word' id='word_1_134' title='bbox 1730 664 1802 686; x_wconf 85' lang='lat' dir='ltr'>cae-</span> 
     </span>
     <span class='ocr_line' id='line_1_12' title="bbox 80 699 1800 750; baseline -0.001 -12"><span class='ocrx_word' id='word_1_135' title='bbox 80 701 158 747; x_wconf 76' lang='lat' dir='ltr'>dem</span> <span class='ocrx_word' id='word_1_136' title='bbox 181 700 350 750; x_wconf 79' lang='lat' dir='ltr'>patrasset,</span> <span class='ocrx_word' id='word_1_137' title='bbox 376 715 478 738; x_wconf 86' lang='lat' dir='ltr'>nemo</span> <span class='ocrx_word' id='word_1_138' title='bbox 500 715 625 738; x_wconf 86' lang='lat' dir='ltr'>nomen</span> <span class='ocrx_word' id='word_1_139' title='bbox 647 701 738 738; x_wconf 87' lang='lat' dir='ltr'>suum</span> <span class='ocrx_word' id='word_1_140' title='bbox 766 700 863 737; x_wconf 86' lang='lat' dir='ltr'>fuerit</span> <span class='ocrx_word' id='word_1_141' title='bbox 895 699 1063 749; x_wconf 82' lang='lat' dir='ltr'>proseffus.</span> <span class='ocrx_word' id='word_1_142' title='bbox 1116 699 1261 742; x_wconf 81' lang='lat' dir='ltr'>Confer,</span> <span class='ocrx_word' id='word_1_143' title='bbox 1296 714 1377 749; x_wconf 87' lang='lat' dir='ltr'>quae</span> <span class='ocrx_word' id='word_1_144' title='bbox 1406 700 1447 735; x_wconf 90' lang='lat' dir='ltr'>de</span> <span class='ocrx_word' id='word_1_145' title='bbox 1470 700 1568 736; x_wconf 84' lang='lat' dir='ltr'>caede</span> <span class='ocrx_word' id='word_1_146' title='bbox 1599 704 1665 736; x_wconf 86' lang='lat' dir='ltr'>eius</span> <span class='ocrx_word' id='word_1_147' title='bbox 1692 700 1800 736; x_wconf 79' lang='lat' dir='ltr'>scribit</span> 
     </span>
     <span class='ocr_line' id='line_1_13' title="bbox 80 749 1799 804; baseline -0.001 -15"><span class='ocrx_word' id='word_1_148' title='bbox 80 767 154 804; x_wconf 83' lang='lat' dir='ltr'>pag.</span> <span class='ocrx_word' id='word_1_149' title='bbox 171 765 239 798; x_wconf 80' lang='lat'>303.</span> <span class='ocrx_word' id='word_1_150' title='bbox 257 752 319 802; x_wconf 87' lang='lat' dir='ltr'>seq.</span> <span class='ocrx_word' id='word_1_151' title='bbox 338 765 414 804; x_wconf 85' lang='lat' dir='ltr'>etp.</span> <span class='ocrx_word' id='word_1_152' title='bbox 439 761 508 798; x_wconf 82' lang='lat'>258.</span> <span class='ocrx_word' id='word_1_153' title='bbox 528 755 580 788; x_wconf 89' lang='lat' dir='ltr'>vbi</span> <span class='ocrx_word' id='word_1_154' title='bbox 604 754 642 788; x_wconf 80' lang='lat' dir='ltr'>ab</span> <span class='ocrx_word' id='word_1_155' title='bbox 669 752 932 793; x_wconf 74' lang='lat' dir='ltr'>Achaemenide,</span> <span class='ocrx_word' id='word_1_156' title='bbox 958 755 1024 788; x_wconf 88' lang='lat' dir='ltr'>hoc</span> <span class='ocrx_word' id='word_1_157' title='bbox 1045 751 1088 787; x_wconf 82' lang='lat' dir='ltr'>est</span> <span class='ocrx_word' id='word_1_158' title='bbox 1105 766 1123 787; x_wconf 80' lang='lat' dir='ltr'>a</span> <span class='ocrx_word' id='word_1_159' title='bbox 1138 749 1272 787; x_wconf 87' lang='lat' dir='ltr'>suorum</span> <span class='ocrx_word' id='word_1_160' title='bbox 1293 753 1407 799; x_wconf 83' lang='lat' dir='ltr'>aliquo</span> <span class='ocrx_word' id='word_1_161' title='bbox 1433 753 1664 787; x_wconf 86' lang='lat' dir='ltr'>obtruncatum</span> <span class='ocrx_word' id='word_1_162' title='bbox 1686 753 1799 800; x_wconf 81' lang='lat' dir='ltr'>palam</span> 
     </span>
     <span class='ocr_line' id='line_1_14' title="bbox 80 801 1800 854; baseline -0.001 -14"><span class='ocrx_word' id='word_1_163' title='bbox 80 805 243 841; x_wconf 57' lang='lat' dir='ltr'>adfirmat.</span> <span class='ocrx_word' id='word_1_164' title='bbox 269 802 369 841; x_wconf 63' lang='lat' dir='ltr'>Febr.</span> <span class='ocrx_word' id='word_1_165' title='bbox 405 806 484 841; x_wconf 82' lang='lat' dir='ltr'>Aliis</span> <span class='ocrx_word' id='word_1_166' title='bbox 497 818 629 854; x_wconf 86' lang='lat' dir='ltr'>quoque</span> <span class='ocrx_word' id='word_1_167' title='bbox 644 807 844 853; x_wconf 82' lang='lat' dir='ltr'>argumentis</span> <span class='ocrx_word' id='word_1_168' title='bbox 871 807 967 839; x_wconf 77' lang='lat' dir='ltr'>vritur</span> <span class='ocrx_word' id='word_1_169' title='bbox 982 806 1096 839; x_wconf 82' lang='lat' dir='ltr'>Liban.</span> <span class='ocrx_word' id='word_1_170' title='bbox 1114 805 1149 838; x_wconf 90' lang='lat' dir='ltr'>in</span> <span class='ocrx_word' id='word_1_171' title='bbox 1167 814 1248 841; x_wconf 73' lang='lat' dir='ltr'>orat,</span> <span class='ocrx_word' id='word_1_172' title='bbox 1262 802 1302 838; x_wconf 87' lang='lat' dir='ltr'>de</span> <span class='ocrx_word' id='word_1_173' title='bbox 1315 801 1494 838; x_wconf 82' lang='lat' dir='ltr'>vlciscenda</span> <span class='ocrx_word' id='word_1_174' title='bbox 1514 805 1628 839; x_wconf 81' lang='lat' dir='ltr'>Iuliani</span> <span class='ocrx_word' id='word_1_175' title='bbox 1644 817 1741 846; x_wconf 84' lang='lat' dir='ltr'>nece,</span> <span class='ocrx_word' id='word_1_176' title='bbox 1767 814 1800 840; x_wconf 91' lang='lat' dir='ltr'>et</span> 
     </span>
     <span class='ocr_line' id='line_1_15' title="bbox 80 852 1797 905; baseline 0 -15"><span class='ocrx_word' id='word_1_177' title='bbox 80 858 116 892; x_wconf 90' lang='lat' dir='ltr'>in</span> <span class='ocrx_word' id='word_1_178' title='bbox 137 869 184 896; x_wconf 78' lang='lat' dir='ltr'>or,</span> <span class='ocrx_word' id='word_1_179' title='bbox 207 867 328 904; x_wconf 81' lang='lat' dir='ltr'>parent.</span> <span class='ocrx_word' id='word_1_180' title='bbox 352 858 385 891; x_wconf 87' lang='lat' dir='ltr'>in</span> <span class='ocrx_word' id='word_1_181' title='bbox 406 857 520 892; x_wconf 79' lang='lat' dir='ltr'>Iulian.</span> <span class='ocrx_word' id='word_1_182' title='bbox 538 859 618 905; x_wconf 86' lang='lat' dir='ltr'>imp.</span> <span class='ocrx_word' id='word_1_183' title='bbox 644 866 675 891; x_wconf 90' lang='lat' dir='ltr'>vt</span> <span class='ocrx_word' id='word_1_184' title='bbox 699 859 751 891; x_wconf 86' lang='lat' dir='ltr'>vix</span> <span class='ocrx_word' id='word_1_185' title='bbox 776 854 909 904; x_wconf 87' lang='lat' dir='ltr'>superfit</span> <span class='ocrx_word' id='word_1_186' title='bbox 927 855 1018 890; x_wconf 90' lang='lat' dir='ltr'>locus</span> <span class='ocrx_word' id='word_1_187' title='bbox 1042 854 1246 890; x_wconf 84' lang='lat' dir='ltr'>dubitationi.</span> <span class='ocrx_word' id='word_1_188' title='bbox 1267 852 1355 890; x_wconf 83' lang='lat' dir='ltr'>conf.</span> <span class='ocrx_word' id='word_1_189' title='bbox 1377 854 1550 901; x_wconf 75' lang='lat' dir='ltr'>Augustin.</span> <span class='ocrx_word' id='word_1_190' title='bbox 1576 854 1629 889; x_wconf 75' lang='lat' dir='ltr'>lib.</span> <span class='ocrx_word' id='word_1_191' title='bbox 1647 854 1739 890; x_wconf 85' lang='lat' dir='ltr'>V.de</span> <span class='ocrx_word' id='word_1_192' title='bbox 1759 857 1797 890; x_wconf 91' lang='lat' dir='ltr'>C.</span> 
     </span>
     <span class='ocr_line' id='line_1_16' title="bbox 46 904 1800 955; baseline -0.002 -11"><span class='ocrx_word' id='word_1_193' title='bbox 46 932 51 933; x_wconf 33' lang='grc' dir='ltr'><em>ν</em></span> <span class='ocrx_word' id='word_1_194' title='bbox 80 909 122 944; x_wconf 92' lang='lat' dir='ltr'>D.</span> <span class='ocrx_word' id='word_1_195' title='bbox 143 921 213 954; x_wconf 85' lang='lat' dir='ltr'>cap.</span> <span class='ocrx_word' id='word_1_196' title='bbox 230 921 275 943; x_wconf 86' lang='lat'>21.</span> <span class='ocrx_word' id='word_1_197' title='bbox 298 908 448 955; x_wconf 70' lang='lat' dir='ltr'>Bamage</span> <span class='ocrx_word' id='word_1_198' title='bbox 472 908 557 944; x_wconf 79' lang='lat' dir='ltr'>Hist.</span> <span class='ocrx_word' id='word_1_199' title='bbox 579 908 619 943; x_wconf 87' lang='lat' dir='ltr'>de</span> <span class='ocrx_word' id='word_1_200' title='bbox 638 907 671 942; x_wconf 88' lang='lat' dir='ltr'>la</span> <span class='ocrx_word' id='word_1_201' title='bbox 696 908 853 955; x_wconf 74' lang='lat' dir='ltr'>Religion</span> <span class='ocrx_word' id='word_1_202' title='bbox 878 918 960 942; x_wconf 88' lang='lat' dir='ltr'>tom.</span> <span class='ocrx_word' id='word_1_203' title='bbox 980 908 1018 942; x_wconf 86' lang='lat'>11.</span> <span class='ocrx_word' id='word_1_204' title='bbox 1049 906 1105 941; x_wconf 88' lang='lat' dir='ltr'>lib.</span> <span class='ocrx_word' id='word_1_205' title='bbox 1121 908 1145 940; x_wconf 91' lang='lat'>1.</span> <span class='ocrx_word' id='word_1_206' title='bbox 1178 919 1248 954; x_wconf 80' lang='lat' dir='ltr'>cap.</span> <span class='ocrx_word' id='word_1_207' title='bbox 1266 917 1309 950; x_wconf 75' lang='grc' dir='ltr'>ις.</span> <span class='ocrx_word' id='word_1_208' title='bbox 1336 907 1427 953; x_wconf 82' lang='lat'>§.12.</span> <span class='ocrx_word' id='word_1_209' title='bbox 1453 918 1484 940; x_wconf 89' lang='lat' dir='ltr'>et</span> <span class='ocrx_word' id='word_1_210' title='bbox 1506 904 1576 941; x_wconf 83' lang='lat' dir='ltr'>hist.</span> <span class='ocrx_word' id='word_1_211' title='bbox 1599 904 1639 941; x_wconf 92' lang='lat' dir='ltr'>de</span> <span class='ocrx_word' id='word_1_212' title='bbox 1659 904 1800 955; x_wconf 83' lang='lat' dir='ltr'>i’Eglise</span> 
     </span>
     <span class='ocr_line' id='line_1_17' title="bbox 79 955 1800 1008; baseline -0.003 -13"><span class='ocrx_word' id='word_1_213' title='bbox 79 958 141 1002; x_wconf 75' lang='lat' dir='ltr'>lib.</span> <span class='ocrx_word' id='word_1_214' title='bbox 154 960 257 996; x_wconf 90' lang='lat' dir='ltr'>XXV.</span> <span class='ocrx_word' id='word_1_215' title='bbox 279 972 349 1007; x_wconf 89' lang='lat' dir='ltr'>cap.</span> <span class='ocrx_word' id='word_1_216' title='bbox 365 964 420 996; x_wconf 81' lang='lat' dir='ltr'>Vl.</span> <span class='ocrx_word' id='word_1_217' title='bbox 441 961 471 1008; x_wconf 84' lang='lat'>§.</span> <span class='ocrx_word' id='word_1_218' title='bbox 495 972 524 995; x_wconf 82' lang='lat'>2.</span> <span class='ocrx_word' id='word_1_219' title='bbox 549 961 700 1008; x_wconf 68' lang='lat' dir='ltr'>Sigtbert&#39;.</span> <span class='ocrx_word' id='word_1_220' title='bbox 724 960 946 1008; x_wconf 74' lang='lat' dir='ltr'>Gemhlaccnſss</span> <span class='ocrx_word' id='word_1_221' title='bbox 967 959 1255 1004; x_wconf 84' lang='lat' dir='ltr'>Chronographici</span> <span class='ocrx_word' id='word_1_222' title='bbox 1280 970 1356 1005; x_wconf 86' lang='lat' dir='ltr'>pag.</span> <span class='ocrx_word' id='word_1_223' title='bbox 1373 965 1447 1000; x_wconf 75' lang='grc'>484.</span> <span class='ocrx_word' id='word_1_224' title='bbox 1466 955 1581 995; x_wconf 80' lang='lat' dir='ltr'>refert.</span> <span class='ocrx_word' id='word_1_225' title='bbox 1609 959 1728 1005; x_wconf 81' lang='lat' dir='ltr'>imper.</span> <span class='ocrx_word' id='word_1_226' title='bbox 1749 959 1800 992; x_wconf 85' lang='lat' dir='ltr'>l-u.</span> 
     </span>
     <span class='ocr_line' id='line_1_18' title="bbox 79 1009 1801 1057; baseline -0.003 -12"><span class='ocrx_word' id='word_1_227' title='bbox 79 1010 205 1046; x_wconf 84' lang='lat' dir='ltr'>lianum</span> <span class='ocrx_word' id='word_1_228' title='bbox 228 1009 437 1046; x_wconf 59' lang='lat' dir='ltr'>interfecium</span> <span class='ocrx_word' id='word_1_229' title='bbox 463 1009 525 1046; x_wconf 83' lang='lat' dir='ltr'>esse</span> <span class='ocrx_word' id='word_1_230' title='bbox 545 1025 563 1046; x_wconf 92' lang='lat' dir='ltr'>a</span> <span class='ocrx_word' id='word_1_231' title='bbox 587 1013 688 1047; x_wconf 80' lang='lat' dir='ltr'>milite</span> <span class='ocrx_word' id='word_1_232' title='bbox 712 1010 904 1052; x_wconf 74' lang='lat' dir='ltr'>christiano,</span> <span class='ocrx_word' id='word_1_233' title='bbox 931 1013 983 1045; x_wconf 90' lang='lat' dir='ltr'>cui</span> <span class='ocrx_word' id='word_1_234' title='bbox 1002 1022 1130 1045; x_wconf 85' lang='lat' dir='ltr'>nornen</span> <span class='ocrx_word' id='word_1_235' title='bbox 1153 1011 1347 1044; x_wconf 70' lang='lat' dir='ltr'>Mercurius.</span> <span class='ocrx_word' id='word_1_236' title='bbox 1375 1010 1494 1043; x_wconf 75' lang='lat' dir='ltr'>Heum.</span> <span class='ocrx_word' id='word_1_237' title='bbox 1547 1009 1709 1047; x_wconf 83' lang='lat' dir='ltr'>Ammian.</span> <span class='ocrx_word' id='word_1_238' title='bbox 1730 1011 1801 1057; x_wconf 87' lang='lat' dir='ltr'>qui.</span> 
     </span>
     <span class='ocr_line' id='line_1_19' title="bbox 67 1058 1796 1112; baseline -0.002 -14"><span class='ocrx_word' id='word_1_239' title='bbox 67 1062 158 1098; x_wconf 82' lang='lat' dir='ltr'>&#39;dem</span> <span class='ocrx_word' id='word_1_240' title='bbox 185 1063 319 1098; x_wconf 77' lang='lat' dir='ltr'>Marcel.</span> <span class='ocrx_word' id='word_1_241' title='bbox 341 1065 440 1098; x_wconf 89' lang='lat' dir='ltr'>XXV.</span> <span class='ocrx_word' id='word_1_242' title='bbox 467 1077 536 1112; x_wconf 90' lang='lat' dir='ltr'>cap.</span> <span class='ocrx_word' id='word_1_243' title='bbox 552 1066 584 1098; x_wconf 87' lang='lat'>6.</span> <span class='ocrx_word' id='word_1_244' title='bbox 610 1076 685 1111; x_wconf 81' lang='lat' dir='ltr'>pag.</span> <span class='ocrx_word' id='word_1_245' title='bbox 711 1074 774 1105; x_wconf 65' lang='lat'>323.</span> <span class='ocrx_word' id='word_1_246' title='bbox 800 1062 986 1106; x_wconf 81' lang='lat' dir='ltr'>audierant,</span> <span class='ocrx_word' id='word_1_247' title='bbox 1012 1064 1115 1108; x_wconf 78' lang='lat' dir='ltr'>inquit</span> <span class='ocrx_word' id='word_1_248' title='bbox 1132 1087 1142 1101; x_wconf 76' lang='grc'><em>,</em></span> <span class='ocrx_word' id='word_1_249' title='bbox 1176 1059 1236 1106; x_wconf 82' lang='lat' dir='ltr'>ipsi</span> <span class='ocrx_word' id='word_1_250' title='bbox 1263 1059 1404 1105; x_wconf 77' lang='lat' dir='ltr'>(hostes)</span> <span class='ocrx_word' id='word_1_251' title='bbox 1430 1072 1562 1108; x_wconf 90' lang='lat' dir='ltr'>quoque</span> <span class='ocrx_word' id='word_1_252' title='bbox 1584 1058 1796 1095; x_wconf 76' lang='lat' dir='ltr'>referentibus</span> 
     </span>
     <span class='ocr_line' id='line_1_20' title="bbox 79 1111 1799 1162; baseline -0.001 -13"><span class='ocrx_word' id='word_1_253' title='bbox 79 1112 273 1162; x_wconf 72' lang='lat' dir='ltr'>tramsugis,</span> <span class='ocrx_word' id='word_1_254' title='bbox 297 1126 433 1149; x_wconf 87' lang='lat' dir='ltr'>rumore</span> <span class='ocrx_word' id='word_1_255' title='bbox 457 1117 575 1150; x_wconf 68' lang='lat' dir='ltr'>iaciato</span> <span class='ocrx_word' id='word_1_256' title='bbox 603 1118 736 1155; x_wconf 79' lang='lat' dir='ltr'>incerto,</span> <span class='ocrx_word' id='word_1_257' title='bbox 766 1113 928 1148; x_wconf 82' lang='lat' dir='ltr'>Iulianum</span> <span class='ocrx_word' id='word_1_258' title='bbox 948 1113 1011 1148; x_wconf 76' lang='lat' dir='ltr'>telo</span> <span class='ocrx_word' id='word_1_259' title='bbox 1026 1111 1157 1158; x_wconf 70' lang='lat' dir='ltr'>cecidiffe</span> <span class='ocrx_word' id='word_1_260' title='bbox 1172 1123 1313 1146; x_wconf 84' lang='lat' dir='ltr'>romano.</span> <span class='ocrx_word' id='word_1_261' title='bbox 1368 1114 1476 1160; x_wconf 82' lang='lat' dir='ltr'>Atque</span> <span class='ocrx_word' id='word_1_262' title='bbox 1504 1124 1572 1158; x_wconf 85' lang='lat' dir='ltr'>cap.</span> <span class='ocrx_word' id='word_1_263' title='bbox 1590 1123 1616 1155; x_wconf 87' lang='lat'>3.</span> <span class='ocrx_word' id='word_1_264' title='bbox 1639 1125 1712 1160; x_wconf 79' lang='lat' dir='ltr'>pag.</span> <span class='ocrx_word' id='word_1_265' title='bbox 1728 1123 1799 1154; x_wconf 85' lang='lat'>323.</span> 
     </span>
     <span class='ocr_line' id='line_1_21' title="bbox 79 1161 1799 1211; baseline -0.001 -11"><span class='ocrx_word' id='word_1_266' title='bbox 79 1166 146 1211; x_wconf 89' lang='lat' dir='ltr'>(vbi</span> <span class='ocrx_word' id='word_1_267' title='bbox 168 1179 198 1201; x_wconf 92' lang='lat' dir='ltr'>v.</span> <span class='ocrx_word' id='word_1_268' title='bbox 220 1165 340 1209; x_wconf 83' lang='lat' dir='ltr'>Vales.)</span> <span class='ocrx_word' id='word_1_269' title='bbox 362 1165 403 1201; x_wconf 92' lang='lat' dir='ltr'>de</span> <span class='ocrx_word' id='word_1_270' title='bbox 426 1176 532 1201; x_wconf 85' lang='lat' dir='ltr'>morte</span> <span class='ocrx_word' id='word_1_271' title='bbox 554 1165 688 1205; x_wconf 80' lang='lat' dir='ltr'>iuliani,</span> <span class='ocrx_word' id='word_1_272' title='bbox 713 1168 880 1206; x_wconf 75' lang='lat' dir='ltr'>incertum,</span> <span class='ocrx_word' id='word_1_273' title='bbox 907 1168 968 1209; x_wconf 73' lang='lat' dir='ltr'>ait,</span> <span class='ocrx_word' id='word_1_274' title='bbox 985 1164 1094 1211; x_wconf 65' lang='lat' dir='ltr'>fiibita</span> <span class='ocrx_word' id='word_1_275' title='bbox 1115 1162 1260 1208; x_wconf 71' lang='lat' dir='ltr'>equestris</span> <span class='ocrx_word' id='word_1_276' title='bbox 1275 1161 1362 1207; x_wconf 77' lang='lat' dir='ltr'>basta</span> <span class='ocrx_word' id='word_1_277' title='bbox 1375 1173 1447 1197; x_wconf 89' lang='lat' dir='ltr'>cute</span> <span class='ocrx_word' id='word_1_278' title='bbox 1472 1164 1593 1198; x_wconf 87' lang='lat' dir='ltr'>brachii</span> <span class='ocrx_word' id='word_1_279' title='bbox 1618 1165 1692 1197; x_wconf 76' lang='lat' dir='ltr'>eius¹</span> <span class='ocrx_word' id='word_1_280' title='bbox 1705 1176 1799 1211; x_wconf 89' lang='lat' dir='ltr'>prae-</span> 
     </span>
     <span class='ocr_line' id='line_1_22' title="bbox 78 1214 1800 1265; baseline -0.002 -12"><span class='ocrx_word' id='word_1_281' title='bbox 78 1217 202 1258; x_wconf 64' lang='lat' dir='ltr'>stridla,</span> <span class='ocrx_word' id='word_1_282' title='bbox 227 1216 322 1252; x_wconf 85' lang='lat' dir='ltr'>costis</span> <span class='ocrx_word' id='word_1_283' title='bbox 344 1214 490 1265; x_wconf 77' lang='lat' dir='ltr'>perfossis</span> <span class='ocrx_word' id='word_1_284' title='bbox 513 1215 612 1252; x_wconf 85' lang='lat' dir='ltr'>haefit</span> <span class='ocrx_word' id='word_1_285' title='bbox 625 1220 658 1252; x_wconf 89' lang='lat' dir='ltr'>in</span> <span class='ocrx_word' id='word_1_286' title='bbox 678 1219 745 1252; x_wconf 88' lang='lat' dir='ltr'>ima</span> <span class='ocrx_word' id='word_1_287' title='bbox 766 1218 881 1252; x_wconf 81' lang='lat' dir='ltr'>iecoris</span> <span class='ocrx_word' id='word_1_288' title='bbox 905 1216 996 1251; x_wconf 78' lang='lat' dir='ltr'>fibra.</span> <span class='ocrx_word' id='word_1_289' title='bbox 1050 1218 1076 1251; x_wconf 85' lang='lat' dir='ltr'>E</span> <span class='ocrx_word' id='word_1_290' title='bbox 1096 1217 1263 1249; x_wconf 87' lang='lat' dir='ltr'>contrario</span> <span class='ocrx_word' id='word_1_291' title='bbox 1285 1214 1482 1259; x_wconf 76' lang='lat' dir='ltr'>Eutropim‚</span> <span class='ocrx_word' id='word_1_292' title='bbox 1517 1216 1573 1261; x_wconf 89' lang='lat' dir='ltr'>qui</span> <span class='ocrx_word' id='word_1_293' title='bbox 1597 1215 1674 1248; x_wconf 91' lang='lat' dir='ltr'>huic</span> <span class='ocrx_word' id='word_1_294' title='bbox 1704 1227 1800 1262; x_wconf 87' lang='lat' dir='ltr'>expe-</span> 
     </span>
     <span class='ocr_line' id='line_1_23' title="bbox 79 1263 1797 1316; baseline -0.002 -13"><span class='ocrx_word' id='word_1_295' title='bbox 79 1267 195 1304; x_wconf 84' lang='lat' dir='ltr'>ditioni</span> <span class='ocrx_word' id='word_1_296' title='bbox 217 1267 358 1315; x_wconf 78' lang='lat' dir='ltr'>perficae</span> <span class='ocrx_word' id='word_1_297' title='bbox 378 1266 543 1310; x_wconf 83' lang='lat' dir='ltr'>interfuit,</span> <span class='ocrx_word' id='word_1_298' title='bbox 568 1267 642 1304; x_wconf 87' lang='lat' dir='ltr'>libr.</span> <span class='ocrx_word' id='word_1_299' title='bbox 663 1270 702 1304; x_wconf 90' lang='lat' dir='ltr'>X.</span> <span class='ocrx_word' id='word_1_300' title='bbox 724 1281 795 1316; x_wconf 85' lang='lat' dir='ltr'>cap.</span> <span class='ocrx_word' id='word_1_301' title='bbox 812 1273 857 1304; x_wconf 87' lang='lat'>16.</span> <span class='ocrx_word' id='word_1_302' title='bbox 880 1268 935 1312; x_wconf 85' lang='lat' dir='ltr'>(al.</span> <span class='ocrx_word' id='word_1_303' title='bbox 959 1268 1062 1310; x_wconf 77' lang='lat' dir='ltr'>vili.)</span> <span class='ocrx_word' id='word_1_304' title='bbox 1091 1263 1205 1301; x_wconf 89' lang='lat' dir='ltr'>diserte</span> <span class='ocrx_word' id='word_1_305' title='bbox 1226 1277 1491 1311; x_wconf 74' lang='lat' dir='ltr'>‚,remeansque.,</span> <span class='ocrx_word' id='word_1_306' title='bbox 1525 1266 1648 1313; x_wconf 87' lang='lat' dir='ltr'>inquit,</span> <span class='ocrx_word' id='word_1_307' title='bbox 1680 1265 1797 1306; x_wconf 63' lang='lat' dir='ltr'>vidior,</span> 
     </span>
     <span class='ocr_line' id='line_1_24' title="bbox 78 1315 1799 1367; baseline -0.002 -11"><span class='ocrx_word' id='word_1_308' title='bbox 78 1319 160 1356; x_wconf 85' lang='lat' dir='ltr'>dum</span> <span class='ocrx_word' id='word_1_309' title='bbox 183 1316 216 1354; x_wconf 85' lang='lat' dir='ltr'>se</span> <span class='ocrx_word' id='word_1_310' title='bbox 238 1318 449 1355; x_wconf 76' lang='lat' dir='ltr'>inconsultius</span> <span class='ocrx_word' id='word_1_311' title='bbox 470 1318 607 1367; x_wconf 56' lang='lat' dir='ltr'>proeliis·⁸</span> <span class='ocrx_word' id='word_1_312' title='bbox 620 1317 747 1359; x_wconf 76' lang='lat' dir='ltr'>inserit,</span> <span class='ocrx_word' id='word_1_313' title='bbox 772 1318 873 1364; x_wconf 79' lang='lat' dir='ltr'>hostili</span> <span class='ocrx_word' id='word_1_314' title='bbox 887 1331 982 1353; x_wconf 84' lang='lat' dir='ltr'>manu</span> <span class='ocrx_word' id='word_1_315' title='bbox 1001 1316 1183 1364; x_wconf 68' lang='lat' dir='ltr'>intetfibi‘us</span> <span class='ocrx_word' id='word_1_316' title='bbox 1200 1316 1243 1362; x_wconf 83' lang='lat' dir='ltr'>cst</span> <span class='ocrx_word' id='word_1_317' title='bbox 1261 1318 1316 1351; x_wconf 80' lang='lat' dir='ltr'>VI.</span> <span class='ocrx_word' id='word_1_318' title='bbox 1333 1315 1402 1351; x_wconf 89' lang='lat' dir='ltr'>Kal.</span> <span class='ocrx_word' id='word_1_319' title='bbox 1417 1315 1531 1356; x_wconf 80' lang='lat' dir='ltr'>Iulias,</span> <span class='ocrx_word' id='word_1_320' title='bbox 1557 1318 1687 1365; x_wconf 89' lang='lat' dir='ltr'>imperii</span> <span class='ocrx_word' id='word_1_321' title='bbox 1710 1329 1799 1352; x_wconf 86' lang='lat' dir='ltr'>anno</span> 
     </span>
     <span class='ocr_line' id='line_1_25' title="bbox 78 1365 1800 1419; baseline -0.003 -11"><span class='ocrx_word' id='word_1_322' title='bbox 78 1369 218 1419; x_wconf 86' lang='lat' dir='ltr'>septimo</span> <span class='ocrx_word' id='word_1_323' title='bbox 236 1373 282 1416; x_wconf 85' lang='lat' dir='ltr'>(n.</span> <span class='ocrx_word' id='word_1_324' title='bbox 299 1367 418 1405; x_wconf 80' lang='lat' dir='ltr'>Caesar</span> <span class='ocrx_word' id='word_1_325' title='bbox 437 1367 541 1405; x_wconf 62' lang='lat' dir='ltr'>faetus</span> <span class='ocrx_word' id='word_1_326' title='bbox 566 1380 633 1406; x_wconf 89' lang='lat' dir='ltr'>erat</span> <span class='ocrx_word' id='word_1_327' title='bbox 649 1369 679 1406; x_wconf 90' lang='lat' dir='ltr'>d.</span> <span class='ocrx_word' id='word_1_328' title='bbox 698 1371 752 1404; x_wconf 83' lang='lat' dir='ltr'>VI.</span> <span class='ocrx_word' id='word_1_329' title='bbox 774 1372 859 1406; x_wconf 89' lang='lat' dir='ltr'>Nou.</span> <span class='ocrx_word' id='word_1_330' title='bbox 875 1384 902 1404; x_wconf 90' lang='lat' dir='ltr'>a.</span> <span class='ocrx_word' id='word_1_331' title='bbox 919 1372 998 1415; x_wconf 84' lang='lat'>355.)</span> <span class='ocrx_word' id='word_1_332' title='bbox 1025 1370 1136 1404; x_wconf 85' lang='lat' dir='ltr'>aetatis</span> <span class='ocrx_word' id='word_1_333' title='bbox 1151 1368 1256 1403; x_wconf 82' lang='lat' dir='ltr'>altero</span> <span class='ocrx_word' id='word_1_334' title='bbox 1279 1376 1311 1402; x_wconf 91' lang='lat' dir='ltr'>et</span> <span class='ocrx_word' id='word_1_335' title='bbox 1330 1365 1538 1402; x_wconf 81' lang='lat' dir='ltr'>tricefimo.“</span> <span class='ocrx_word' id='word_1_336' title='bbox 1565 1369 1610 1402; x_wconf 81' lang='lat' dir='ltr'>ita</span> <span class='ocrx_word' id='word_1_337' title='bbox 1627 1366 1667 1402; x_wconf 86' lang='lat' dir='ltr'>de</span> <span class='ocrx_word' id='word_1_338' title='bbox 1688 1377 1800 1404; x_wconf 78' lang='lat' dir='ltr'>morte</span> 
     </span>
     <span class='ocr_line' id='line_1_26' title="bbox 77 1418 1796 1470; baseline -0.004 -11"><span class='ocrx_word' id='word_1_339' title='bbox 77 1424 194 1460; x_wconf 88' lang='lat' dir='ltr'>Iuliani</span> <span class='ocrx_word' id='word_1_340' title='bbox 218 1424 338 1457; x_wconf 77' lang='lat' dir='ltr'>&#39;Sextus</span> <span class='ocrx_word' id='word_1_341' title='bbox 356 1421 444 1457; x_wconf 82' lang='lat' dir='ltr'>Aur.</span> <span class='ocrx_word' id='word_1_342' title='bbox 463 1421 504 1455; x_wconf 91' lang='lat' dir='ltr'><em>V</em></span> <span class='ocrx_word' id='word_1_343' title='bbox 501 1421 584 1456; x_wconf 65' lang='grc' dir='ltr'><em>ι’ἑὲον</em></span> <span class='ocrx_word' id='word_1_344' title='bbox 599 1423 630 1456; x_wconf 92' lang='lat' dir='ltr'>in</span> <span class='ocrx_word' id='word_1_345' title='bbox 647 1422 722 1470; x_wconf 88' lang='lat' dir='ltr'>epit.</span> <span class='ocrx_word' id='word_1_346' title='bbox 739 1434 808 1469; x_wconf 86' lang='lat' dir='ltr'>cap.</span> <span class='ocrx_word' id='word_1_347' title='bbox 823 1432 872 1465; x_wconf 77' lang='lat'>43.</span> <span class='ocrx_word' id='word_1_348' title='bbox 895 1423 934 1454; x_wconf 70' lang='lat' dir='ltr'>ab</span> <span class='ocrx_word' id='word_1_349' title='bbox 956 1433 1015 1456; x_wconf 87' lang='lat' dir='ltr'>vno</span> <span class='ocrx_word' id='word_1_350' title='bbox 1046 1432 1086 1454; x_wconf 81' lang='lat' dir='ltr'>ex</span> <span class='ocrx_word' id='word_1_351' title='bbox 1109 1418 1268 1462; x_wconf 63' lang='lat' dir='ltr'>hostibus,-</span> <span class='ocrx_word' id='word_1_352' title='bbox 1300 1426 1331 1454; x_wconf 75' lang='grc' dir='ltr'>ιτ</span> <span class='ocrx_word' id='word_1_353' title='bbox 1359 1419 1480 1464; x_wconf 76' lang='lat' dir='ltr'>quidem</span> <span class='ocrx_word' id='word_1_354' title='bbox 1504 1419 1678 1466; x_wconf 73' lang='lat' dir='ltr'>fugiente,</span> <span class='ocrx_word' id='word_1_355' title='bbox 1704 1425 1796 1453; x_wconf 85' lang='lat' dir='ltr'>conto</span> 
     </span>
     <span class='ocr_line' id='line_1_27' title="bbox 73 1469 1796 1524; baseline -0.002 -16"><span class='ocrx_word' id='word_1_356' title='bbox 73 1476 271 1524; x_wconf 68' lang='lat' dir='ltr'>parcutitur.</span> <span class='ocrx_word' id='word_1_357' title='bbox 305 1474 390 1508; x_wconf 72' lang='lat' dir='ltr'>Sext.</span> <span class='ocrx_word' id='word_1_358' title='bbox 405 1472 517 1518; x_wconf 61' lang='lat' dir='ltr'>Rufus</span> <span class='ocrx_word' id='word_1_359' title='bbox 535 1473 567 1506; x_wconf 83' lang='lat' dir='ltr'>in</span> <span class='ocrx_word' id='word_1_360' title='bbox 583 1474 743 1507; x_wconf 83' lang='lat' dir='ltr'>breuiario</span> <span class='ocrx_word' id='word_1_361' title='bbox 757 1485 828 1520; x_wconf 87' lang='lat' dir='ltr'>cap.</span> <span class='ocrx_word' id='word_1_362' title='bbox 846 1480 896 1512; x_wconf 84' lang='lat'>28.</span> <span class='ocrx_word' id='word_1_363' title='bbox 910 1491 958 1498; x_wconf 90' lang='lat'>—</span> <span class='ocrx_word' id='word_1_364' title='bbox 985 1478 1112 1515; x_wconf 77' lang='lat' dir='ltr'>ereptus</span> <span class='ocrx_word' id='word_1_365' title='bbox 1123 1470 1283 1516; x_wconf 81' lang='lat' dir='ltr'>esuorum</span> <span class='ocrx_word' id='word_1_366' title='bbox 1297 1469 1476 1516; x_wconf 59' lang='lat' dir='ltr'>confinem,</span> <span class='ocrx_word' id='word_1_367' title='bbox 1499 1472 1537 1503; x_wconf 78' lang='lat' dir='ltr'>ab</span> <span class='ocrx_word' id='word_1_368' title='bbox 1553 1469 1683 1518; x_wconf 62' lang='lat' dir='ltr'>hostium</span> <span class='ocrx_word' id='word_1_369' title='bbox 1705 1471 1796 1505; x_wconf 83' lang='lat' dir='ltr'>obuio</span> 
     </span>
     <span class='ocr_line' id='line_1_28' title="bbox 78 1520 1796 1574; baseline -0.004 -11"><span class='ocrx_word' id='word_1_370' title='bbox 78 1528 198 1574; x_wconf 78' lang='lat' dir='ltr'>equite,</span> <span class='ocrx_word' id='word_1_371' title='bbox 223 1531 311 1560; x_wconf 81' lang='lat' dir='ltr'>conto</span> <span class='ocrx_word' id='word_1_372' title='bbox 330 1536 389 1570; x_wconf 70' lang='lat' dir='ltr'>per</span> <span class='ocrx_word' id='word_1_373' title='bbox 420 1526 475 1558; x_wconf 81' lang='lat' dir='ltr'>ilia</span> <span class='ocrx_word' id='word_1_374' title='bbox 490 1523 789 1560; x_wconf 56' lang='lat' dir='ltr'>istus-vulneratus</span> <span class='ocrx_word' id='word_1_375' title='bbox 803 1522 864 1568; x_wconf 79' lang='lat' dir='ltr'>est:</span> <span class='ocrx_word' id='word_1_376' title='bbox 887 1533 918 1558; x_wconf 88' lang='lat' dir='ltr'>et</span> <span class='ocrx_word' id='word_1_377' title='bbox 931 1524 973 1557; x_wconf 85' lang='lat' dir='ltr'>ita</span> <span class='ocrx_word' id='word_1_378' title='bbox 991 1523 1056 1557; x_wconf 84' lang='lat' dir='ltr'>aiii.</span> <span class='ocrx_word' id='word_1_379' title='bbox 1073 1536 1103 1557; x_wconf 87' lang='lat' dir='ltr'>v.</span> <span class='ocrx_word' id='word_1_380' title='bbox 1118 1520 1158 1555; x_wconf 90' lang='lat' dir='ltr'>cl.</span> <span class='ocrx_word' id='word_1_381' title='bbox 1183 1521 1361 1568; x_wconf 71' lang='lat' dir='ltr'>Tzscbucke</span> <span class='ocrx_word' id='word_1_382' title='bbox 1375 1520 1416 1555; x_wconf 83' lang='lat' dir='ltr'>ad</span> <span class='ocrx_word' id='word_1_383' title='bbox 1433 1523 1583 1568; x_wconf 81' lang='lat' dir='ltr'>Eutropii</span> <span class='ocrx_word' id='word_1_384' title='bbox 1597 1522 1620 1556; x_wconf 91' lang='lat' dir='ltr'>l.</span> <span class='ocrx_word' id='word_1_385' title='bbox 1635 1534 1663 1556; x_wconf 92' lang='lat' dir='ltr'>c.</span> <span class='ocrx_word' id='word_1_386' title='bbox 1681 1533 1710 1568; x_wconf 91' lang='lat' dir='ltr'>p.</span> <span class='ocrx_word' id='word_1_387' title='bbox 1720 1534 1796 1567; x_wconf 81' lang='lat'>797.</span> 
     </span>
     <span class='ocr_line' id='line_1_29' title="bbox 78 1572 1797 1628; baseline -0.003 -15"><span class='ocrx_word' id='word_1_388' title='bbox 78 1582 134 1628; x_wconf 90' lang='lat' dir='ltr'>qui</span> <span class='ocrx_word' id='word_1_389' title='bbox 160 1578 328 1612; x_wconf 85' lang='lat' dir='ltr'>variorum</span> <span class='ocrx_word' id='word_1_390' title='bbox 351 1577 550 1611; x_wconf 83' lang='lat' dir='ltr'>narrationes</span> <span class='ocrx_word' id='word_1_391' title='bbox 568 1575 708 1610; x_wconf 86' lang='lat' dir='ltr'>breuiter</span> <span class='ocrx_word' id='word_1_392' title='bbox 728 1572 844 1615; x_wconf 82' lang='lat' dir='ltr'>refert,</span> <span class='ocrx_word' id='word_1_393' title='bbox 871 1573 1023 1622; x_wconf 88' lang='lat' dir='ltr'>idemque</span> <span class='ocrx_word' id='word_1_394' title='bbox 1051 1572 1092 1608; x_wconf 90' lang='lat' dir='ltr'>de</span> <span class='ocrx_word' id='word_1_395' title='bbox 1121 1576 1205 1607; x_wconf 83' lang='lat' dir='ltr'>vitae</span> <span class='ocrx_word' id='word_1_396' title='bbox 1233 1573 1426 1620; x_wconf 83' lang='lat' dir='ltr'>imperiique</span> <span class='ocrx_word' id='word_1_397' title='bbox 1457 1575 1549 1608; x_wconf 79' lang='lat' dir='ltr'>a&#39;unis</span> <span class='ocrx_word' id='word_1_398' title='bbox 1576 1572 1690 1607; x_wconf 89' lang='lat' dir='ltr'>Iuliani</span> <span class='ocrx_word' id='word_1_399' title='bbox 1718 1575 1797 1620; x_wconf 79' lang='lat' dir='ltr'>agit,</span> 
     </span>
     <span class='ocr_line' id='line_1_30' title="bbox 79 1621 1798 1674; baseline -0.005 -8"><span class='ocrx_word' id='word_1_400' title='bbox 79 1640 112 1667; x_wconf 81' lang='lat' dir='ltr'>et</span> <span class='ocrx_word' id='word_1_401' title='bbox 132 1629 248 1666; x_wconf 76' lang='lat' dir='ltr'>cellar.</span> <span class='ocrx_word' id='word_1_402' title='bbox 271 1626 311 1662; x_wconf 87' lang='lat' dir='ltr'>ad</span> <span class='ocrx_word' id='word_1_403' title='bbox 340 1628 431 1661; x_wconf 93' lang='lat' dir='ltr'>Eutr.</span> <span class='ocrx_word' id='word_1_404' title='bbox 447 1626 510 1661; x_wconf 92' lang='lat' dir='ltr'>loc.</span> <span class='ocrx_word' id='word_1_405' title='bbox 536 1627 633 1674; x_wconf 84' lang='lat' dir='ltr'>Atqui</span> <span class='ocrx_word' id='word_1_406' title='bbox 655 1626 810 1660; x_wconf 77' lang='lat' dir='ltr'>Fabr.·in</span> <span class='ocrx_word' id='word_1_407' title='bbox 832 1625 905 1659; x_wconf 86' lang='lat' dir='ltr'>luce</span> <span class='ocrx_word' id='word_1_408' title='bbox 930 1623 1018 1660; x_wconf 87' lang='lat' dir='ltr'>salut.</span> <span class='ocrx_word' id='word_1_409' title='bbox 1047 1636 1122 1672; x_wconf 87' lang='lat' dir='ltr'>pag.</span> <span class='ocrx_word' id='word_1_410' title='bbox 1138 1635 1199 1668; x_wconf 87' lang='lat'>315.</span> <span class='ocrx_word' id='word_1_411' title='bbox 1227 1623 1350 1658; x_wconf 87' lang='lat' dir='ltr'>Libanii</span> <span class='ocrx_word' id='word_1_412' title='bbox 1379 1626 1600 1659; x_wconf 85' lang='lat' dir='ltr'>narrationem</span> <span class='ocrx_word' id='word_1_413' title='bbox 1631 1621 1672 1658; x_wconf 88' lang='lat' dir='ltr'>de</span> <span class='ocrx_word' id='word_1_414' title='bbox 1699 1621 1798 1658; x_wconf 81' lang='lat' dir='ltr'>caede</span> 
     </span>
     <span class='ocr_line' id='line_1_31' title="bbox 78 1671 1796 1727; baseline -0.005 -10"><span class='ocrx_word' id='word_1_415' title='bbox 78 1681 208 1724; x_wconf 77' lang='lat' dir='ltr'>Iuliani,</span> <span class='ocrx_word' id='word_1_416' title='bbox 229 1694 248 1716; x_wconf 93' lang='lat' dir='ltr'>a</span> <span class='ocrx_word' id='word_1_417' title='bbox 263 1677 450 1715; x_wconf 74' lang='lat' dir='ltr'>Christiano</span> <span class='ocrx_word' id='word_1_418' title='bbox 464 1675 610 1726; x_wconf 85' lang='lat' dir='ltr'>quodam</span> <span class='ocrx_word' id='word_1_419' title='bbox 624 1687 763 1727; x_wconf 86' lang='lat' dir='ltr'>patrata,</span> <span class='ocrx_word' id='word_1_420' title='bbox 782 1674 900 1712; x_wconf 77' lang='lat' dir='ltr'>falsam</span> <span class='ocrx_word' id='word_1_421' title='bbox 915 1673 978 1712; x_wconf 81' lang='lat' dir='ltr'>effe</span> <span class='ocrx_word' id='word_1_422' title='bbox 992 1673 1121 1710; x_wconf 87' lang='lat' dir='ltr'>iudicat.</span> <span class='ocrx_word' id='word_1_423' title='bbox 1147 1673 1243 1711; x_wconf 86' lang='lat' dir='ltr'>Adde</span> <span class='ocrx_word' id='word_1_424' title='bbox 1269 1673 1310 1710; x_wconf 90' lang='lat' dir='ltr'>de</span> <span class='ocrx_word' id='word_1_425' title='bbox 1341 1671 1490 1724; x_wconf 87' lang='lat' dir='ltr'>sepulcro</span> <span class='ocrx_word' id='word_1_426' title='bbox 1519 1674 1655 1720; x_wconf 85' lang='lat' dir='ltr'>Iuliani,</span> <span class='ocrx_word' id='word_1_427' title='bbox 1683 1674 1796 1711; x_wconf 84' lang='lat' dir='ltr'>Olear.</span> 
     </span>
    </p>

    <p class='ocr_par' dir='ltr' id='par_1_2' title="bbox 981 1729 1797 1772">
     <span class='ocr_line' id='line_1_32' title="bbox 981 1729 1797 1772; baseline -0.001 -10"><span class='ocrx_word' id='word_1_428' title='bbox 981 1729 1108 1772; x_wconf 82' lang='lat' dir='ltr'>Yyyy</span> <span class='ocrx_word' id='word_1_429' title='bbox 1135 1738 1154 1761; x_wconf 83' lang='lat'><em>2</em></span> <span class='ocrx_word' id='word_1_430' title='bbox 1730 1735 1797 1762; x_wconf 88' lang='lat' dir='ltr'>not.</span> 
     </span>
    </p>
   </div>
   <div class='ocr_carea' id='block_1_2' title="bbox 77 1849 920 2194">
    <p class='ocr_par' dir='ltr' id='par_1_3' title="bbox 77 1849 920 2194">
     <span class='ocr_line' id='line_1_33' title="bbox 79 1849 915 1894; baseline -0.006 -10"><span class='ocrx_word' id='word_1_431' title='bbox 79 1851 182 1894; x_wconf 70' lang='lat' dir='ltr'>templi</span> <span class='ocrx_word' id='word_1_432' title='bbox 196 1850 449 1886; x_wconf 80' lang='lat' dir='ltr'>hierosolymitani</span> <span class='ocrx_word' id='word_1_433' title='bbox 465 1849 572 1880; x_wconf 87' lang='lat' dir='ltr'>Iuliani</span> <span class='ocrx_word' id='word_1_434' title='bbox 585 1849 689 1890; x_wconf 85' lang='lat' dir='ltr'>imper.</span> <span class='ocrx_word' id='word_1_435' title='bbox 704 1849 842 1880; x_wconf 78' lang='lat' dir='ltr'>mandato</span> <span class='ocrx_word' id='word_1_436' title='bbox 864 1857 915 1891; x_wconf 83' lang='lat' dir='ltr'>per</span> 
     </span>
     <span class='ocr_line' id='line_1_34' title="bbox 77 1892 913 1931; baseline -0.004 -6"><span class='ocrx_word' id='word_1_437' title='bbox 77 1896 204 1928; x_wconf 83' lang='lat' dir='ltr'>ludaeos</span> <span class='ocrx_word' id='word_1_438' title='bbox 219 1893 323 1925; x_wconf 82' lang='lat' dir='ltr'>frustra</span> <span class='ocrx_word' id='word_1_439' title='bbox 335 1902 442 1924; x_wconf 81' lang='lat' dir='ltr'>tentata</span> <span class='ocrx_word' id='word_1_440' title='bbox 458 1894 649 1922; x_wconf 84' lang='lat' dir='ltr'>restitutione.</span> <span class='ocrx_word' id='word_1_441' title='bbox 674 1892 766 1921; x_wconf 77' lang='lat' dir='ltr'>Halae</span> <span class='ocrx_word' id='word_1_442' title='bbox 789 1902 863 1931; x_wconf 74' lang='lat'>1751.</span> <span class='ocrx_word' id='word_1_443' title='bbox 884 1903 913 1928; x_wconf 90' lang='lat'>4.</span> 
     </span>
     <span class='ocr_line' id='line_1_35' title="bbox 78 1931 917 1976; baseline -0.005 -8"><span class='ocrx_word' id='word_1_444' title='bbox 78 1956 122 1963; x_wconf 92' lang='lat'>—-</span> <span class='ocrx_word' id='word_1_445' title='bbox 143 1940 250 1968; x_wconf 87' lang='lat' dir='ltr'>Omnia</span> <span class='ocrx_word' id='word_1_446' title='bbox 267 1931 363 1967; x_wconf 68' lang='lat' dir='ltr'>tame&#39;n</span> <span class='ocrx_word' id='word_1_447' title='bbox 373 1958 390 1972; x_wconf 55' lang='lat'>,.</span> <span class='ocrx_word' id='word_1_448' title='bbox 401 1943 514 1966; x_wconf 85' lang='lat' dir='ltr'>remota</span> <span class='ocrx_word' id='word_1_449' title='bbox 527 1934 658 1964; x_wconf 73' lang='lat' dir='ltr'>miraculi</span> <span class='ocrx_word' id='word_1_450' title='bbox 670 1934 763 1964; x_wconf 82' lang='lat' dir='ltr'>diuini</span> <span class='ocrx_word' id='word_1_451' title='bbox 775 1937 917 1976; x_wconf 85' lang='lat' dir='ltr'>opinione</span> 
     </span>
     <span class='ocr_line' id='line_1_36' title="bbox 79 1977 917 2022; baseline -0.007 -10"><span class='ocrx_word' id='word_1_452' title='bbox 79 1990 166 2022; x_wconf 81' lang='lat' dir='ltr'>atque</span> <span class='ocrx_word' id='word_1_453' title='bbox 180 1983 439 2021; x_wconf 83' lang='lat' dir='ltr'>interpretatione,</span> <span class='ocrx_word' id='word_1_454' title='bbox 461 1977 619 2007; x_wconf 80' lang='lat' dir='ltr'>secundum</span> <span class='ocrx_word' id='word_1_455' title='bbox 633 1987 729 2007; x_wconf 84' lang='lat' dir='ltr'>rerum</span> <span class='ocrx_word' id='word_1_456' title='bbox 745 1987 777 2006; x_wconf 87' lang='lat' dir='ltr'>ae</span> <span class='ocrx_word' id='word_1_457' title='bbox 797 1986 917 2007; x_wconf 88' lang='lat' dir='ltr'>naturae</span> 
     </span>
     <span class='ocr_line' id='line_1_37' title="bbox 79 2020 920 2060; baseline -0.007 -5"><span class='ocrx_word' id='word_1_458' title='bbox 79 2025 212 2055; x_wconf 87' lang='lat' dir='ltr'>ordinem</span> <span class='ocrx_word' id='word_1_459' title='bbox 222 2022 348 2053; x_wconf 76' lang='lat' dir='ltr'>euenisse</span> <span class='ocrx_word' id='word_1_460' title='bbox 358 2044 367 2058; x_wconf 90' lang='lat'><strong>,</strong></span> <span class='ocrx_word' id='word_1_461' title='bbox 390 2020 492 2050; x_wconf 84' lang='lat' dir='ltr'>collata</span> <span class='ocrx_word' id='word_1_462' title='bbox 501 2020 677 2060; x_wconf 82' lang='lat' dir='ltr'>potiffimum</span> <span class='ocrx_word' id='word_1_463' title='bbox 686 2022 832 2049; x_wconf 85' lang='lat' dir='ltr'>Ammiani</span> <span class='ocrx_word' id='word_1_464' title='bbox 842 2022 920 2050; x_wconf 84' lang='lat' dir='ltr'>Mar-</span> 
     </span>
     <span class='ocr_line' id='line_1_38' title="bbox 79 2062 919 2102; baseline -0.008 -3"><span class='ocrx_word' id='word_1_465' title='bbox 79 2069 175 2102; x_wconf 85' lang='lat' dir='ltr'>cellini</span> <span class='ocrx_word' id='word_1_466' title='bbox 191 2068 375 2099; x_wconf 77' lang='lat' dir='ltr'>narratione,</span> <span class='ocrx_word' id='word_1_467' title='bbox 397 2064 622 2093; x_wconf 83' lang='lat' dir='ltr'>demonstratum</span> <span class='ocrx_word' id='word_1_468' title='bbox 644 2064 700 2092; x_wconf 80' lang='lat' dir='ltr'>iuit</span> <span class='ocrx_word' id='word_1_469' title='bbox 715 2063 740 2093; x_wconf 93' lang='lat' dir='ltr'>I.</span> <span class='ocrx_word' id='word_1_470' title='bbox 756 2062 839 2094; x_wconf 76' lang='lat' dir='ltr'>Dau.</span> <span class='ocrx_word' id='word_1_471' title='bbox 858 2062 919 2094; x_wconf 83' lang='lat' dir='ltr'>Mi·</span> 
     </span>
     <span class='ocr_line' id='line_1_39' title="bbox 79 2102 918 2145; baseline -0.01 -4"><span class='ocrx_word' id='word_1_472' title='bbox 79 2110 192 2144; x_wconf 66' lang='lat' dir='ltr'>chaelis</span> <span class='ocrx_word' id='word_1_473' title='bbox 205 2113 235 2140; x_wconf 89' lang='lat' dir='ltr'>in</span> <span class='ocrx_word' id='word_1_474' title='bbox 249 2106 468 2145; x_wconf 76' lang='lat' dir='ltr'>Gt‘ittingischen</span> <span class='ocrx_word' id='word_1_475' title='bbox 481 2107 615 2142; x_wconf 79' lang='lat' dir='ltr'>Magazin</span> <span class='ocrx_word' id='word_1_476' title='bbox 625 2127 633 2140; x_wconf 89' lang='lat'>‚</span> <span class='ocrx_word' id='word_1_477' title='bbox 655 2111 723 2134; x_wconf 74' lang='lat' dir='ltr'>cura</span> <span class='ocrx_word' id='word_1_478' title='bbox 730 2102 918 2135; x_wconf 81' lang='lat' dir='ltr'>Lichtenber-</span> 
     </span>
     <span class='ocr_line' id='line_1_40' title="bbox 80 2147 918 2194; baseline -0.011 -10"><span class='ocrx_word' id='word_1_479' title='bbox 80 2158 123 2194; x_wconf 79' lang='lat' dir='ltr'>gii</span> <span class='ocrx_word' id='word_1_480' title='bbox 143 2164 176 2184; x_wconf 77' lang='lat' dir='ltr'>ac</span> <span class='ocrx_word' id='word_1_481' title='bbox 193 2153 320 2186; x_wconf 78' lang='lat' dir='ltr'>Forsteri</span> <span class='ocrx_word' id='word_1_482' title='bbox 339 2150 491 2187; x_wconf 81' lang='lat' dir='ltr'>congesto,</span> <span class='ocrx_word' id='word_1_483' title='bbox 515 2155 590 2189; x_wconf 81' lang='lat' dir='ltr'>part.</span> <span class='ocrx_word' id='word_1_484' title='bbox 604 2149 655 2179; x_wconf 89' lang='lat' dir='ltr'>VI.</span> <span class='ocrx_word' id='word_1_485' title='bbox 676 2158 741 2189; x_wconf 82' lang='lat' dir='ltr'>pag.</span> <span class='ocrx_word' id='word_1_486' title='bbox 755 2157 824 2188; x_wconf 79' lang='lat'>722.</span> <span class='ocrx_word' id='word_1_487' title='bbox 839 2147 918 2188; x_wconf 61' lang='lat' dir='ltr'>seqq„</span> 
     </span>
    </p>
   </div>
   <div class='ocr_carea' id='block_1_3' title="bbox 77 2200 918 2277">
    <p class='ocr_par' dir='ltr' id='par_1_4' title="bbox 77 2200 918 2277">
     <span class='ocr_line' id='line_1_41' title="bbox 77 2200 918 2277; baseline -0.01 -9"><span class='ocrx_word' id='word_1_488' title='bbox 77 2209 106 2230; x_wconf 52' lang='lat'>⁸·</span> <span class='ocrx_word' id='word_1_489' title='bbox 125 2200 253 2277; x_wconf 40' lang='lat' dir='ltr'>aaziae</span> <span class='ocrx_word' id='word_1_490' title='bbox 268 2233 432 2266; x_wconf 75' lang='lat' dir='ltr'>Libanitim</span> <span class='ocrx_word' id='word_1_491' title='bbox 449 2236 490 2264; x_wconf 86' lang='lat' dir='ltr'>T.</span> <span class='ocrx_word' id='word_1_492' title='bbox 505 2243 531 2265; x_wconf 89' lang='lat'>2.</span> <span class='ocrx_word' id='word_1_493' title='bbox 547 2242 612 2273; x_wconf 83' lang='lat' dir='ltr'>pag.</span> <span class='ocrx_word' id='word_1_494' title='bbox 629 2242 695 2267; x_wconf 89' lang='lat'>290.</span> <span class='ocrx_word' id='word_1_495' title='bbox 716 2231 780 2262; x_wconf 84' lang='lat' dir='ltr'>Iac.</span> <span class='ocrx_word' id='word_1_496' title='bbox 804 2230 918 2261; x_wconf 75' lang='lat' dir='ltr'>Gotho.</span> 
     </span>
    </p>
   </div>
   <div class='ocr_carea' id='block_1_4' title="bbox 73 2273 958 2325">
    <p class='ocr_par' dir='ltr' id='par_1_5' title="bbox 73 2273 958 2325">
     <span class='ocr_line' id='line_1_42' title="bbox 73 2273 958 2325; baseline -0.011 -11"><span class='ocrx_word' id='word_1_497' title='bbox 73 2283 202 2325; x_wconf 70' lang='lat' dir='ltr'>fredum</span> <span class='ocrx_word' id='word_1_498' title='bbox 216 2279 252 2309; x_wconf 83' lang='lat' dir='ltr'>ad</span> <span class='ocrx_word' id='word_1_499' title='bbox 273 2276 459 2314; x_wconf 67' lang='lat' dir='ltr'>philostorgii</span> <span class='ocrx_word' id='word_1_500' title='bbox 479 2276 588 2305; x_wconf 81' lang='lat' dir='ltr'>librum</span> <span class='ocrx_word' id='word_1_501' title='bbox 603 2275 667 2305; x_wconf 84' lang='lat' dir='ltr'>VII.</span> <span class='ocrx_word' id='word_1_502' title='bbox 685 2284 715 2309; x_wconf 83' lang='grc'>4.</span> <span class='ocrx_word' id='word_1_503' title='bbox 734 2273 843 2314; x_wconf 70' lang='lat' dir='ltr'>pJ284.</span> <span class='ocrx_word' id='word_1_504' title='bbox 858 2273 917 2314; x_wconf 86' lang='lat' dir='ltr'>sqq.</span> <span class='ocrx_word' id='word_1_505' title='bbox 956 2287 958 2289; x_wconf 52' lang='lat'>&gt;</span> 
     </span>
    </p>
   </div>
   <div class='ocr_carea' id='block_1_5' title="bbox 83 2315 918 2407">
    <p class='ocr_par' dir='ltr' id='par_1_6' title="bbox 83 2315 918 2407">
     <span class='ocr_line' id='line_1_43' title="bbox 83 2315 918 2359; baseline -0.014 -3"><span class='ocrx_word' id='word_1_506' title='bbox 83 2327 156 2356; x_wconf 85' lang='lat' dir='ltr'>etin</span> <span class='ocrx_word' id='word_1_507' title='bbox 176 2324 330 2356; x_wconf 73' lang='lat' dir='ltr'>oratione,</span> <span class='ocrx_word' id='word_1_508' title='bbox 357 2327 432 2359; x_wconf 79' lang='lat' dir='ltr'>quae</span> <span class='ocrx_word' id='word_1_509' title='bbox 453 2318 600 2354; x_wconf 38' lang='lat' dir='ltr'>Iulianus.</span> <span class='ocrx_word' id='word_1_510' title='bbox 615 2316 792 2349; x_wconf 70' lang='lat' dir='ltr'>inscribitur.</span> <span class='ocrx_word' id='word_1_511' title='bbox 831 2315 918 2349; x_wconf 83' lang='lat' dir='ltr'>Sam.</span> 
     </span>
     <span class='ocr_line' id='line_1_44' title="bbox 86 2363 643 2407; baseline -0.023 -6"><span class='ocrx_word' id='word_1_512' title='bbox 86 2368 233 2407; x_wconf 76' lang='lat' dir='ltr'>Basnage</span> <span class='ocrx_word' id='word_1_513' title='bbox 247 2363 284 2396; x_wconf 77' lang='lat' dir='ltr'>ad</span> <span class='ocrx_word' id='word_1_514' title='bbox 307 2373 334 2396; x_wconf 81' lang='lat' dir='ltr'>a.</span> <span class='ocrx_word' id='word_1_515' title='bbox 352 2363 384 2394; x_wconf 92' lang='lat' dir='ltr'>C.</span> <span class='ocrx_word' id='word_1_516' title='bbox 402 2365 467 2397; x_wconf 80' lang='lat'><em>561·-</em></span> <span class='ocrx_word' id='word_1_517' title='bbox 486 2371 514 2392; x_wconf 85' lang='lat' dir='ltr'>n.</span> <span class='ocrx_word' id='word_1_518' title='bbox 531 2369 554 2397; x_wconf 83' lang='lat'>5.</span> <span class='ocrx_word' id='word_1_519' title='bbox 573 2363 601 2392; x_wconf 89' lang='lat'>6.</span> <span class='ocrx_word' id='word_1_520' title='bbox 613 2367 643 2398; x_wconf 85' lang='lat'>7.</span> 
     </span>
    </p>
   </div>
   <div class='ocr_carea' id='block_1_6' title="bbox 1000 1844 1633 1884">
    <p class='ocr_par' dir='ltr' id='par_1_7' title="bbox 1000 1844 1633 1884">
     <span class='ocr_line' id='line_1_45' title="bbox 1000 1844 1633 1884; baseline -0.002 -8"><span class='ocrx_word' id='word_1_521' title='bbox 1000 1847 1037 1884; x_wconf 82' lang='lat' dir='ltr'>u)</span> <span class='ocrx_word' id='word_1_522' title='bbox 1058 1848 1093 1876; x_wconf 84' lang='lat' dir='ltr'>V.</span> <span class='ocrx_word' id='word_1_523' title='bbox 1104 1844 1216 1878; x_wconf 82' lang='lat' dir='ltr'>Ammi.</span> <span class='ocrx_word' id='word_1_524' title='bbox 1230 1844 1369 1876; x_wconf 75' lang='lat' dir='ltr'>Marcell.</span> <span class='ocrx_word' id='word_1_525' title='bbox 1378 1845 1483 1876; x_wconf 85' lang='lat' dir='ltr'>XXIV.</span> <span class='ocrx_word' id='word_1_526' title='bbox 1497 1854 1524 1881; x_wconf 78' lang='lat'>4.</span> <span class='ocrx_word' id='word_1_527' title='bbox 1539 1845 1633 1876; x_wconf 79' lang='lat' dir='ltr'>Harl.</span> 
     </span>
    </p>
   </div>
   <div class='ocr_carea' id='block_1_7' title="bbox 959 1902 1801 2321">
    <p class='ocr_par' dir='ltr' id='par_1_8' title="bbox 959 1902 1801 2321">
     <span class='ocr_line' id='line_1_46' title="bbox 971 1902 1801 1945; baseline 0 -11"><span class='ocrx_word' id='word_1_528' title='bbox 971 1927 973 1930; x_wconf 93' lang='lat'>.</span> <span class='ocrx_word' id='word_1_529' title='bbox 1001 1904 1038 1945; x_wconf 88' lang='lat' dir='ltr'>v)</span> <span class='ocrx_word' id='word_1_530' title='bbox 1063 1904 1147 1944; x_wconf 83' lang='lat' dir='ltr'>Pagi</span> <span class='ocrx_word' id='word_1_531' title='bbox 1161 1903 1197 1933; x_wconf 87' lang='lat' dir='ltr'>ad</span> <span class='ocrx_word' id='word_1_532' title='bbox 1211 1907 1245 1933; x_wconf 84' lang='lat' dir='ltr'>A.</span> <span class='ocrx_word' id='word_1_533' title='bbox 1259 1905 1290 1934; x_wconf 92' lang='lat' dir='ltr'>C.</span> <span class='ocrx_word' id='word_1_534' title='bbox 1307 1907 1342 1939; x_wconf 84' lang='lat'>36</span> <span class='ocrx_word' id='word_1_535' title='bbox 1347 1913 1373 1938; x_wconf 75' lang='lat'>3·</span> <span class='ocrx_word' id='word_1_536' title='bbox 1386 1915 1414 1933; x_wconf 89' lang='lat' dir='ltr'>n.</span> <span class='ocrx_word' id='word_1_537' title='bbox 1425 1914 1454 1939; x_wconf 90' lang='lat'>4.</span> <span class='ocrx_word' id='word_1_538' title='bbox 1469 1903 1552 1933; x_wconf 83' lang='lat' dir='ltr'>Sam.</span> <span class='ocrx_word' id='word_1_539' title='bbox 1568 1902 1713 1945; x_wconf 77' lang='lat' dir='ltr'>Basnage</span> <span class='ocrx_word' id='word_1_540' title='bbox 1721 1905 1762 1936; x_wconf 89' lang='grc' dir='ltr'>Τ.</span> <span class='ocrx_word' id='word_1_541' title='bbox 1774 1910 1801 1937; x_wconf 83' lang='lat' dir='ltr'>r.</span> 
     </span>
     <span class='ocr_line' id='line_1_47' title="bbox 959 1946 1797 1988; baseline 0.002 -12"><span class='ocrx_word' id='word_1_542' title='bbox 959 1957 1023 1988; x_wconf 81' lang='lat' dir='ltr'>pag.</span> <span class='ocrx_word' id='word_1_543' title='bbox 1040 1951 1106 1984; x_wconf 81' lang='lat'>881.</span> <span class='ocrx_word' id='word_1_544' title='bbox 1128 1946 1221 1977; x_wconf 82' lang='lat' dir='ltr'>Fabr.</span> <span class='ocrx_word' id='word_1_545' title='bbox 1243 1948 1277 1979; x_wconf 80' lang='lat' dir='ltr'>In</span> <span class='ocrx_word' id='word_1_546' title='bbox 1299 1946 1413 1986; x_wconf 80' lang='lat' dir='ltr'>proelio</span> <span class='ocrx_word' id='word_1_547' title='bbox 1433 1947 1518 1983; x_wconf 78' lang='lat' dir='ltr'>graui</span> <span class='ocrx_word' id='word_1_548' title='bbox 1542 1946 1663 1976; x_wconf 83' lang='lat' dir='ltr'>vulnere</span> <span class='ocrx_word' id='word_1_549' title='bbox 1683 1947 1797 1979; x_wconf 80' lang='lat' dir='ltr'>confos-</span> 
     </span>
     <span class='ocr_line' id='line_1_48' title="bbox 960 1988 1799 2030; baseline -0.002 -11"><span class='ocrx_word' id='word_1_550' title='bbox 960 1989 1006 2020; x_wconf 79' lang='lat' dir='ltr'>sus</span> <span class='ocrx_word' id='word_1_551' title='bbox 1020 1999 1048 2020; x_wconf 85' lang='lat' dir='ltr'>et</span> <span class='ocrx_word' id='word_1_552' title='bbox 1062 1991 1151 2019; x_wconf 87' lang='lat' dir='ltr'>morti</span> <span class='ocrx_word' id='word_1_553' title='bbox 1165 1991 1315 2030; x_wconf 83' lang='lat' dir='ltr'>proximus</span> <span class='ocrx_word' id='word_1_554' title='bbox 1334 1988 1435 2018; x_wconf 84' lang='lat' dir='ltr'>dixiffe</span> <span class='ocrx_word' id='word_1_555' title='bbox 1451 1988 1562 2024; x_wconf 80' lang='lat' dir='ltr'>fertur,</span> <span class='ocrx_word' id='word_1_556' title='bbox 1592 1989 1688 2029; x_wconf 79' lang='lat' dir='ltr'>vicisti</span> <span class='ocrx_word' id='word_1_557' title='bbox 1713 1990 1799 2020; x_wconf 75' lang='lat' dir='ltr'>Gali.</span> 
     </span>
     <span class='ocr_line' id='line_1_49' title="bbox 961 2029 1795 2067; baseline 0 -5"><span class='ocrx_word' id='word_1_558' title='bbox 961 2033 1045 2067; x_wconf 57' lang='lat' dir='ltr'>laem</span> <span class='ocrx_word' id='word_1_559' title='bbox 1072 2032 1103 2062; x_wconf 87' lang='lat' dir='ltr'>id</span> <span class='ocrx_word' id='word_1_560' title='bbox 1128 2040 1226 2062; x_wconf 83' lang='lat' dir='ltr'>tamen</span> <span class='ocrx_word' id='word_1_561' title='bbox 1251 2030 1366 2061; x_wconf 80' lang='lat' dir='ltr'>fabellis</span> <span class='ocrx_word' id='word_1_562' title='bbox 1386 2029 1504 2061; x_wconf 72' lang='lat' dir='ltr'>Milesiis</span> <span class='ocrx_word' id='word_1_563' title='bbox 1531 2031 1740 2062; x_wconf 86' lang='lat' dir='ltr'>adnumeratur</span> <span class='ocrx_word' id='word_1_564' title='bbox 1759 2032 1795 2062; x_wconf 83' lang='lat' dir='ltr'>ab</span> 
     </span>
     <span class='ocr_line' id='line_1_50' title="bbox 963 2073 1795 2115; baseline -0.004 -8"><span class='ocrx_word' id='word_1_565' title='bbox 963 2075 1145 2107; x_wconf 75' lang='lat' dir='ltr'>Heumaimo</span> <span class='ocrx_word' id='word_1_566' title='bbox 1158 2077 1190 2104; x_wconf 86' lang='lat' dir='ltr'>in</span> <span class='ocrx_word' id='word_1_567' title='bbox 1204 2073 1343 2115; x_wconf 86' lang='lat' dir='ltr'>peculiari</span> <span class='ocrx_word' id='word_1_568' title='bbox 1353 2074 1549 2104; x_wconf 78' lang='lat' dir='ltr'>dissertatione</span> <span class='ocrx_word' id='word_1_569' title='bbox 1564 2075 1593 2104; x_wconf 79' lang='lat' dir='ltr'>in</span> <span class='ocrx_word' id='word_1_570' title='bbox 1609 2084 1670 2114; x_wconf 80' lang='lat' dir='ltr'>qua</span> <span class='ocrx_word' id='word_1_571' title='bbox 1678 2075 1795 2114; x_wconf 85' lang='lat' dir='ltr'>fabula</span> 
     </span>
     <span class='ocr_line' id='line_1_51' title="bbox 961 2116 1796 2156; baseline -0.002 -7"><span class='ocrx_word' id='word_1_572' title='bbox 961 2118 998 2150; x_wconf 73' lang='lat' dir='ltr'>a‘e</span> <span class='ocrx_word' id='word_1_573' title='bbox 1013 2118 1127 2148; x_wconf 78' lang='lat' dir='ltr'>Iuliani</span> <span class='ocrx_word' id='word_1_574' title='bbox 1142 2118 1246 2156; x_wconf 83' lang='lat' dir='ltr'>imper.</span> <span class='ocrx_word' id='word_1_575' title='bbox 1269 2126 1340 2147; x_wconf 76' lang='lat' dir='ltr'>voce</span> <span class='ocrx_word' id='word_1_576' title='bbox 1357 2121 1512 2147; x_wconf 77' lang='lat' dir='ltr'>extrema:</span> <span class='ocrx_word' id='word_1_577' title='bbox 1539 2118 1632 2145; x_wconf 77' lang='lat' dir='ltr'>vicisti</span> <span class='ocrx_word' id='word_1_578' title='bbox 1656 2116 1796 2153; x_wconf 83' lang='lat' dir='ltr'>Galilaee,</span> 
     </span>
     <span class='ocr_line' id='line_1_52' title="bbox 961 2156 1798 2200; baseline -0.002 -8"><span class='ocrx_word' id='word_1_579' title='bbox 961 2158 1052 2192; x_wconf 69' lang='lat' dir='ltr'>emis</span> <span class='ocrx_word' id='word_1_580' title='bbox 1081 2160 1275 2200; x_wconf 79' lang='lat' dir='ltr'>argumentis</span> <span class='ocrx_word' id='word_1_581' title='bbox 1305 2159 1484 2199; x_wconf 76' lang='lat' dir='ltr'>confutatur</span> <span class='ocrx_word' id='word_1_582' title='bbox 1507 2159 1629 2198; x_wconf 77' lang='lat' dir='ltr'>eiusque</span> <span class='ocrx_word' id='word_1_583' title='bbox 1653 2156 1743 2198; x_wconf 72' lang='lat' dir='ltr'>origo</span> <span class='ocrx_word' id='word_1_584' title='bbox 1761 2161 1798 2190; x_wconf 68' lang='lat' dir='ltr'>«ia</span> 
     </span>
     <span class='ocr_line' id='line_1_53' title="bbox 961 2202 1796 2243; baseline -0.004 -10"><span class='ocrx_word' id='word_1_585' title='bbox 961 2205 1097 2243; x_wconf 77' lang='lat' dir='ltr'>apricum</span> <span class='ocrx_word' id='word_1_586' title='bbox 1110 2202 1278 2243; x_wconf 73' lang='lat' dir='ltr'>profertur.</span> <span class='ocrx_word' id='word_1_587' title='bbox 1306 2204 1436 2239; x_wconf 69' lang='lat' dir='ltr'>G-1·tting.</span> <span class='ocrx_word' id='word_1_588' title='bbox 1458 2211 1540 2237; x_wconf 71' lang='lat'>¹74²-</span> <span class='ocrx_word' id='word_1_589' title='bbox 1558 2212 1584 2235; x_wconf 91' lang='lat'>4.</span> <span class='ocrx_word' id='word_1_590' title='bbox 1604 2211 1654 2230; x_wconf 83' lang='lat' dir='ltr'>nec</span> <span class='ocrx_word' id='word_1_591' title='bbox 1679 2202 1796 2231; x_wconf 71' lang='lat' dir='ltr'>Gibbcn</span> 
     </span>
     <span class='ocr_line' id='line_1_54' title="bbox 961 2245 1798 2287; baseline -0.002 -11"><span class='ocrx_word' id='word_1_592' title='bbox 961 2246 1070 2287; x_wconf 86' lang='lat' dir='ltr'>aliique</span> <span class='ocrx_word' id='word_1_593' title='bbox 1085 2245 1163 2275; x_wconf 86' lang='lat' dir='ltr'>illam</span> <span class='ocrx_word' id='word_1_594' title='bbox 1177 2247 1240 2275; x_wconf 89' lang='lat' dir='ltr'>hist.</span> <span class='ocrx_word' id='word_1_595' title='bbox 1260 2246 1368 2283; x_wconf 71' lang='lat' dir='ltr'>dignati</span> <span class='ocrx_word' id='word_1_596' title='bbox 1382 2245 1446 2274; x_wconf 85' lang='lat' dir='ltr'>sunt</span> <span class='ocrx_word' id='word_1_597' title='bbox 1457 2245 1734 2274; x_wconf 76' lang='lat' dir='ltr'>commemoratione</span> <span class='ocrx_word' id='word_1_598' title='bbox 1747 2251 1798 2275; x_wconf 81' lang='lat' dir='ltr'>aut</span> 
     </span>
     <span class='ocr_line' id='line_1_55' title="bbox 959 2288 1265 2321; baseline -0.01 -1"><span class='ocrx_word' id='word_1_599' title='bbox 959 2288 1146 2321; x_wconf 81' lang='lat' dir='ltr'>refutatione.</span> <span class='ocrx_word' id='word_1_600' title='bbox 1171 2288 1265 2319; x_wconf 76' lang='lat' dir='ltr'>Harl.</span> 
     </span>
    </p>
   </div>
   <div class='ocr_carea' id='block_1_8' title="bbox 1003 2352 1799 2398">
    <p class='ocr_par' dir='ltr' id='par_1_9' title="bbox 1003 2352 1799 2398">
     <span class='ocr_line' id='line_1_56' title="bbox 1003 2352 1799 2398; baseline -0.008 -10"><span class='ocrx_word' id='word_1_601' title='bbox 1003 2361 1046 2398; x_wconf 64' lang='lat' dir='ltr'>go)</span> <span class='ocrx_word' id='word_1_602' title='bbox 1069 2356 1145 2390; x_wconf 86' lang='lat' dir='ltr'>Vide</span> <span class='ocrx_word' id='word_1_603' title='bbox 1158 2355 1317 2387; x_wconf 73' lang='lat' dir='ltr'>Bandurii</span> <span class='ocrx_word' id='word_1_604' title='bbox 1330 2356 1401 2396; x_wconf 84' lang='lat' dir='ltr'>imp.</span> <span class='ocrx_word' id='word_1_605' title='bbox 1419 2352 1570 2385; x_wconf 82' lang='lat' dir='ltr'>Orientale</span> <span class='ocrx_word' id='word_1_606' title='bbox 1583 2363 1649 2395; x_wconf 71' lang='lat' dir='ltr'>pag.</span> <span class='ocrx_word' id='word_1_607' title='bbox 1663 2359 1724 2390; x_wconf 79' lang='lat'>814.</span> <span class='ocrx_word' id='word_1_608' title='bbox 1738 2352 1799 2396; x_wconf 58' lang='lat' dir='ltr'>seq}</span> 
     </span>
    </p>
   </div>
  </div>
 </body>
</html>
