2013 2725
207 177 282 209 400
333 156 652 198 zcs.1V.=z.X1·X
694 156 1000 194 fstNGVLORvM
1028 157 1272 194 'LIBRORVM
1305 155 1484 201 GALENI,

212 261 390 304 ³interprete
411 257 450 290 'in
486 254 560 289 edit.
586 254 859 302 Henr.Stephan.
893 249 987 288 Paris.
1009 254 1095 297 1562.
1117 260 1146 293 8.
1174 274 1223 279 —
1258 253 1424 292 Proteoli,
1455 250 1602 288 doctoris
1623 251 1739 289 medici
1762 251 1927 292 Pariliens.

216 307 401 344 versionem
429 305 531 342 edidit
553 308 592 340 R.
608 307 804 341 Charterius.
863 304 1118 347 laniem-narii,
1155 317 1236 354 quae
1266 303 1364 340 exstat
1391 307 1427 340 in
1454 303 1531 340 edit.
1554 305 1654 341 latina
1685 317 1773 354 oper.
1797 306 1928 342 Galeni.

215 364 316 397 Conr.
328 361 467 394 -Gesneri
491 361 525 393 in
543 356 665 406 isagog.
682 369 760 405 pag.
777 369 836 403 ¹¹5·

322 449 353 480 4.
380 435 458 484 Περὶ
481 435 546 472 τῶν
573 430 679 484 ‘Ji-oceo:x
705 431 763 478 τὴν
793 430 883 483 λέξιν
909 429 1149 482 σοφισμάτων.
1209 432 1266 467 De
1281 432 1509 480 sophismatis.
1533 432 1598 479 seu
1622 434 1822 479 captionibus
1835 444 1931 479 penes

210 488 390 524 :difflonem
452 486 560 521 Exstat
589 488 624 520 in
652 483 729 521 edit.
755 485 875 520 Aldina
900 497 1017 533 graeca
1040 495 1122 520 tom.
1139 486 1194 519 IV.
1220 481 1278 518 fol.
1297 496 1343 527 17.
1378 486 1413 518 in
1433 483 1510 520 edit.
1531 483 1623 519 Bafil.
1645 497 1752 532 graec.
1774 486 1930 520 tom.1V.

219 553 293 588 pag.
309 552 355 583 32.
382 541 417 573 in
439 536 514 573 edit.
536 539 619 572 Ren.
634 538 797 572 Charterii
821 546 904 571 tom.
920 538 960 572 Η.
985 549 1058 584 pag.
1078 548 1125 579 73.
1161 538 1193 570 in
1221 532 1356 582 septima
1383 536 1556 571 luntarum
1578 535 1687 570 >latina
1713 539 1747 572 in
1777 533 1932 584 isagogic.

218 590 280 627 fol.
300 604 330 635 7.
383 592 461 626 Non
485 591 561 624 citat
582 588 724 624 Galenus
748 589 835 623 hune
860 587 980 623 librum
1009 590 1090 623 inter
1114 590 1284 635 proprios;
1311 590 1378 622 eius
1401 596 1512 622 tamen
1534 584 1596 622 effe
1618 585 1760 630 videtur,
1787 597 1818 623 et
1835 589 1933 622 aGa·

218 644 297 680 leno
313 646 436 677 iuuene
460 639 607 689 scriptus.
669 642 782 688 Neque
810 639 891 674 alius
921 639 1000 676 liber
1023 642 1055 673 in
1083 652 1124 674 eo
1145 641 1268 674 citatur.
1320 640 1462 688 Scriptus
1484 638 1528 674 est
1552 642 1696 674 maxime
1721 642 1754 674 in
1779 637 1934 674 Aristote-

220 695 297 730 lem.
325 713 373 721 -—
406 695 511 728 Vertit
531 695 618 727 hunc
636 691 759 726 'librum
779 692 939 725 Horatius
956 693 1127 732 Liuianus,
1161 704 1242 738 quae
1264 689 1367 725 verfio
1389 691 1488 725 exstat
1508 692 1542 724 in
1565 691 1700 726 Iuntinis
1721 700 1753 726 et
1773 693 1807 725 in
1828 691 1932 726 Conr.

220 747 352 783 Gesneri
370 743 450 780 edit.
496 742 767 780 'Emendatiorem
787 756 859 777 eam
885 741 984 777 edidit
1009 745 1040 777 in
1062 741 1135 777 edit.
1155 741 1270 778 Galeni
1291 741 1539 790 graeco-latina
1562 742 1642 778 Ren.
1661 743 1860 779 Charterius.

316 842 348 875 5·
376 825 514 872 Γαλῆνε
538 825 590 866 ’ἔτι
611 825 727 878 ἅςιςος
747 824 865 877 ἰατρὸς
884 843 941 873 χρη
959 824 1163 875 φιλόσοφος.
1219 826 1318 871 Quod
1333 829 1470 872 optimus
1485 828 1620 862 medicus
1627 829 1675 877 stt
1692 838 1815 875 quoquc
1829 826 1936 871 philo.

213 882 345 932 prhm.
398 881 506 916 Exstat
529 883 561 914 in
583 880 657 914 edit.
674 878 789 914 Aldina
806 890 894 914 tom.
911 882 932 914 1.
954 877 1015 913 fol.
1034 891 1059 924 5.
1086 880 1121 913 in
1142 891 1257 924 graeca
1279 877 1368 913 Basil.
1390 890 1472 915 tom.
1491 879 1514 913 Ι.
1536 891 1610 927 pag.
1626 886 1656 918 8.
1683 881 1715 913 in
1738 877 1814 913 edit.
1831 879 1934 912 Char-

204 927 290 970 ‘terii
315 943 396 968 tom.
414 935 451 966 11.
476 944 551 980 pag.
568 933 635 975 356.
659 933 692 965 in
715 928 851 978 septima
876 933 1045 964 Iuniarum
1071 932 1102 963 in
1124 927 1295 976 isagogicis
1317 927 1377 964 fol.
1394 934 1424 965 6.
1475 930 1617 976 Scriptus
1640 929 1684 964 est
1706 931 1732 963 is
1754 929 1834 964 liber
1849 925 1936 979 πςὸς

219 981 362 1024 ἔκδοσιν,
385 981 473 1031 qnod
496 981 639 1016 Galenus
663 992 755 1016 notat
779 981 864 1015 libro
886 980 925 1015 de
948 982 1033 1015 libris
1059 983 1198 1028 propriis
1221 993 1292 1028 cap.
1307 982 1338 1013 6.
1362 993 1435 1028 pag.
1451 991 1505 1023 44.
1527 989 1608 1016 tom.
1626 981 1650 1015 I.
1705 980 1796 1016 Alius
1817 980 1935 1016 Galeni

218 1037 298 1072 liber
320 1040 352 1070 in
375 1048 415 1070 eo
439 1047 508 1069 non
529 1035 652 1068 citatur.
708 1031 870 1067 Laudatur
893 1034 926 1066 in
949 1045 990 1067 eo
1013 1031 1176 1067 medicina
1196 1033 1428 1080 Hippocratis;
1455 1033 1530 1066 hinc
1551 1044 1627 1068 eum
1649 1031 1792 1067 Galenus
1814 1031 1854 1067 ad
1876 1043 1934 1066 eos

219 1087 338 1127 refert,
371 1099 452 1135 quos
468 1086 506 1120 ad
525 1083 753 1133 explicandum
770 1086 1007 1132 Hippocratem
1027 1080 1193 1131 scripserit.
1220 1103 1268 1109 —
1298 1084 1408 1119 Codex
1424 1096 1560 1131 graecus
1577 1083 1621 1119 est
1641 1086 1673 1118 in
1690 1084 1834 1119 biblioth.
1848 1081 1936 1131 publ.

220 1137 314 1176 Paris
338 1151 388 1174 nr.
405 1138 630 1173 MMCLXIX.
653 1139 686 1170 in
703 1137 844 1170 Medicea
867 1135 1000 1170 Bandini
1018 1138 1070 1170 111.
1092 1147 1165 1183 pag.
1182 1147 1234 1180 49.
1250 1147 1301 1180 50.
1331 1155 1380 1161 —
1407 1134 1532 1170 Prodiit
1551 1147 1660 1182 graece
1682 1132 1776 1171 Paris.
1801 1148 1840 1170 ex
1861 1133 1936 1170 offi-

221 1195 293 1226 cina
308 1189 419 1225 Feder.
436 1188 571 1224 Morelli
583 1219 592 1234 ,
621 1199 701 1231 1577.
718 1198 749 1229 4.
776 1200 894 1233 graece
917 1200 1049 1235 quoque
1071 1186 1193 1234 prodiit
1209 1199 1285 1221 cum
1307 1186 1412 1222 libro:
1440 1189 1626 1222 exhortatio
1643 1186 1682 1222 ad
1697 1184 1862 1221 discendas
1879 1187 1937 1222 bo-

179 1246 182 1249 ’
220 1255 278 1280 nas
300 1252 380 1276 artes
405 1239 508 1275 studio
533 1239 746 1285 10.Puffelii‚
780 1239 938 1273 Rostoch.
966 1251 1045 1284 1591.
1072 1250 1101 1279 4.
1118 1239 1135 1258 *
1166 1258 1217 1265 -—-
1249 1240 1373 1273 Graece
1401 1251 1477 1273 cum
1505 1237 1651 1274 versione
1680 1237 1781 1273 latina
1804 1239 1937 1272 Erasmi

221 1294 446 1330 Rom-odam,
476 1289 568 1326 Paris.
587 1303 671 1336 1547·
687 1301 714 1332 4·
741 1310 790 1316 —
818 1291 941 1325 Graece
964 1300 994 1323 et
1015 1290 1112 1324 latine
1134 1288 1254 1337 prodiit
1277 1302 1353 1323 cum
1375 1288 1443 1324 aliis
1465 1290 1580 1325 Galeni
1604 1303 1679 1324 cura
1703 1290 1818 1324 Theoti.
1835 1288 1939 1325 Goul-

211 1346 298 1392 ston.
325 1343 431 1379 Lond.
449 1346 539 1386 1640.
559 1355 589 1385 4.
604 1344 621 1362 *
647 1362 695 1367 ——-
723 1343 806 1376 Viro
822 1341 1008 1389 Magnifico
1029 1340 1140 1375 illustri
1160 1341 1237 1376 Phil.
1253 1340 1336 1376 Frid.
1351 1341 1487 1376 Meckel
1509 1354 1585 1376 cum
1608 1339 1707 1376 fasces
1729 1339 1936 1376 academicos

222 1398 404 1437 obtineret,
430 1392 685 1441 gratulabundus
708 1392 837 1428 Claudii
855 1392 968 1427 Galerii
993 1393 1165 1427 traciarum
1188 1391 1226 1426 de
1251 1395 1379 1442 optimo
1403 1392 1550 1431 medico,
1578 1390 1800 1441 philosopho,
1820 1404 1936 1441 graece

220 1457 250 1484 et
269 1447 369 1483 latine
389 1445 497 1481 recudi
519 1447 643 1481 curauit
666 1445 754 1478 Kurt
770 1445 943 1491 Sprengel,
968 1443 1059 1478 Med.
1079 1446 1175 1479 Doc‘i.
1204 1444 1327 1486 Halae,
1355 1451 1442 1487 1788.
1468 1455 1499 1488 4.
1513 1448 1532 1468 *

321 1513 497 1549 Versiones
518 1512 636 1548 latinae
660 1509 750 1548 sunt:
779 1514 936 1548 Ludouici
950 1512 1117 1558 Beli-'sarm
1150 1525 1233 1560 qnae
1256 1512 1299 1548 est
1318 1515 1352 1548 in
1374 1512 1461 1547 editt.
1478 1513 1630 1552 Iuntinis;
1657 1512 1792 1549 Erafmi
1806 1513 1937 1548 Rotero-

222 1569 323 1608 dumi,
348 1579 446 1615 quam
468 1569 533 1600 iam
554 1563 633 1600 dixi.
685 1564 797 1600 Exstat
820 1578 856 1600 ea
879 1566 977 1600 ctiam
1001 1568 1033 1599 in
1058 1565 1183 1599 Erasmi
1207 1565 1328 1611 operib.
1351 1575 1431 1599 tom.
1451 1565 1474 1599 I.
1496 1577 1569 1612 pag.
1585 1569 1664 1600 1062
1680 1561 1724 1613 sq.
1774 1562 1937 1599 Emenda-

223 1623 341 1655 tiorem
360 1618 659 1665 interpretationem
679 1618 795 1650 Riccus
811 1614 928 1651 effecit.
957 1637 1007 1643 —
1034 1618 1119 1650 Sixti
1137 1616 1279 1657 Aroerii,
1305 1629 1332 1651 c.
1353 1618 1437 1651 notis
1459 1615 1625 1657 eiusdem,
1651 1617 1685 1651 in
1703 1616 1819 1665 quibus
1834 1624 1936 1651 textus

214 1683 356 1719 *graecus
380 1671 498 1718 partim
522 1666 733 1710 emendatur,
760 1670 879 1716 partim
901 1667 1092 1712 illustratur,
1111 1674 1144 1702 ἀ
1161 1677 1241 1704 orat.
1265 1667 1489 1704 adhortatoria
1507 1666 1623 1704 Galeni
1644 1666 1685 1703 ad
1706 1678 1800 1704 artes.
1820 1668 1938 1704 Franc-

217 1723 357 1765 ckeme,
380 1723 469 1756 1616.
492 1732 523 1764 4.
541 1721 557 1739 ²⁸
1652 1737 1655 1739 ·

320 1809 356 1842 ¹6.
385 1800 521 1848 Γαλῆνε
543 1804 751 1852 neemiam}
773 1799 1004 1852 Παραφροῖςε
1025 1804 1072 1842 ‘rie‘
1088 1799 1265 1846 anodo‘rs
1286 1799 1536 1855 προτρεπτικός
1556 1801 1662 1851 nostros
1686 1802 1742 1842 ἐπὶ
1763 1801 1834 1843 τοὶς
1853 1806 1939 1852 τέκ-

224 1875 294 1898 νοις.
357 1858 469 1892 Galent
493 1857 685 1902 Pergameni
707 1854 937 1900 Paraphrastne
963 1856 1127 1889 Menodoti
1142 1856 1293 1902 [ειη-[ξυνίει
1323 1858 1366 1890 ad
1394 1865 1481 1892 artes
1503 1860 1618 1891 oratio.
1675 1855 1786 1891 Exstat
1808 1857 1841 1890 in
1860 1856 1938 1892 edit.

224 1923 330 1960 graec.
350 1908 461 1944 Aldin.
483 1917 565 1942 tom.
583 1910 604 1941 l.
625 1905 685 1942 sol.
702 1919 726 1942 i.
761 1909 795 1941 in
824 1905 899 1941 edit.
924 1919 1030 1954 graec.
1055 1905 1145 1940 Basil.
1175 1918 1257 1941 tom.
1275 1910 1297 1942 1.
1322 1921 1398 1955 pag.
1416 1921 1439 1942 1.
1474 1909 1508 1941 in
1532 1906 1607 1942 edit.
1628 1905 1829 1955 graeco-lat.
1853 1908 1937 1943 Ren.

223 1963 384 1997 Charterii
407 1971 488 1995 tom.
504 1960 542 1993 ΙΙ.
567 1971 638 2007 pag.
655 1971 683 2000 3.
711 1961 745 1993 in
765 1956 899 2007 septima
916 1960 1081 1992 luntarum
1100 1957 1175 1993 edit.
1193 1959 1245 1993 lat.
1267 1960 1299 1992 in
1316 1957 1468 2006 isagogic.
1492 1956 1551 1994 fol.
1569 1970 1596 1994 2.
1621 1957 1844 2001 Menodotus‚
1871 1971 1941 1995 em-

223 2016 344 2062 piricae
366 2009 466 2046 scitae
489 2011 622 2052 aucion
650 2009 689 2044 ad
712 2021 793 2045 artes
819 2007 1036 2057 adipiscendas
1062 2011 1325 2045 exhortationem
1349 2010 1421 2045 rudi
1444 2010 1536 2045 mole
1556 2009 1773 2053 exstruxerat,
1799 2023 1939 2059 eamque

223 2065 366 2101 Galenus
389 2064 530 2098 oratoria
559 2060 744 2111 paraphrasi
774 2060 998 2096 adumbratam
1025 2060 1182 2108 expresfit.
1241 2063 1277 2096 ln
1301 2062 1435 2098 athletas
1457 2064 1600 2097 maxime
1622 2064 1785 2098 inuehitur
1805 2074 1944 2112 eosque,

224 2119 278 2166 qui
302 2118 342 2150 in·
353 2112 527 2163 gymnasio
554 2123 657 2148 totam
681 2116 780 2148 vitam
801 2111 946 2161 degunt,
974 2116 1092 2147 artium
1119 2123 1224 2148 cetera
1248 2112 1350 2149 rudes.
1402 2112 1606 2149 Medicinam
1630 2116 1750 2149 artium
1771 2111 1834 2149 effe
1857 2115 1940 2162 opti-

222 2181 325 2205 mam.
376 2168 427 2200 lo.
447 2166 547 2210 Bapt.
568 2165 744 2198 Montanus
765 2177 840 2199 eum
863 2165 981 2200 librum
1007 2176 1077 2199 non
1102 2163 1140 2199 ad
1166 2164 1350 2207 Galerium,
1383 2167 1519 2201 Niconis
1544 2165 1666 2206 filium,
1698 2162 1750 2199 sed
1773 2163 1814 2200 ad
1833 2166 1938 2201 alium

225 2219 406 2259 Galerium,
433 2215 610 2251 Menodoti
633 2215 761 2254 filium,
787 2214 896 2251 refert.
947 2215 1010 2251 Sed
1034 2219 1152 2250 errauit
1176 2216 1376 2252 Montanus:
1403 2216 1545 2252 Galenus
1566 2229 1664 2258 vero,
1688 2215 1765 2251 teste
1789 2217 1872 2252 libro
1897 2215 1939 2252 de

224 2271 313 2307 libris
335 2269 481 2318 propriiS‚
503 2266 544 2303 de
567 2267 653 2302 libris
671 2266 846 2302 Menodoti
869 2266 908 2302 ad
927 2269 1084 2303 Seuerum
1107 2267 1207 2302 libros
1229 2267 1383 2303 vndecim
1405 2266 1543 2316 scripsit,
1568 2279 1598 2303 et
1620 2267 1811 2317 paulopost
1832 2266 1938 2303 subdit

225 2322 342 2358 dehac
359 2323 524 2360 oratione,
551 2317 678 2353 dicens:
706 2321 739 2353 in
756 2318 930 2353 Menodoti
949 2319 988 2354 ad
1010 2321 1168 2354 Seuerum
1185 2318 1306 2355 librum
1328 2322 1433 2355 oratio
1458 2317 1598 2354 suasoria
1619 2318 1658 2354 ad
1679 2328 1774 2355 artes.
1799 2340 1846 2346 -——
1875 2321 1939 2354 Ex-

226 2375 284 2410 stat
298 2384 428 2418 graece,
454 2370 577 2406 editore
594 2372 644 2404 M·
662 2371 802 2404 Iohanne
818 2370 954 2417 Pcffi‘lio
969 2377 994 2408 Γ
997 2369 1107 2413 οιλήνε
1123 2368 1373 2420 προτρεπτικὲς
1393 2369 1499 2417 λόγος
1519 2372 1575 2409 ἐπὶ
1595 2368 1665 2409 τοὶς
1689 2372 1832 2418 τέχνας
1885 2370 1939 2410 T?
1964 2375 1971 2378 ”

227 2424 320 2465 adri}
335 2421 387 2463 ὅτι
404 2420 519 2474 οἷςιςος
535 2419 653 2474 ἷοιτςός
667 2437 724 2470 »φη
743 2418 946 2472 φιλόσοφος.
1002 2422 1118 2458 Galeni
1136 2423 1318 2459 exhortatio
1341 2422 1379 2458 ad
1395 2421 1558 2459 discendas
1580 2425 1681 2459 bonas
1705 2434 1797 2460 artem
1847 2423 1938 2458 Eius-

311 2500 314 2501 .
1859 2473 1937 2510 dem
