2049 2720
71 117 386 165 mistrinam-322
703 114 878 154 ΆΡΡῙΑΝΙ
907 116 1153 155 EmTioNES
1244 106 1253 107 ’
1321 118 1635 162 Limucle.
1739 135 1796 177 252-

173 216 290 249 Latine
313 210 502 261 Appianum
525 212 621 247 vertit
644 211 765 246 Petrus
781 213 947 249 Candidus
964 213 1136 248 December
1156 225 1174 247 e
1197 210 1270 250 cod.
1291 226 1428 261 graeco,
1461 229 1578 264 parum
1604 222 1779 261 emendato

0 259 4 291 ἶ
69 262 151 300 iuffu
170 265 293 300 Nicolai
311 267 350 309 V.
376 263 541 312 pontilicis
564 265 714 305 romani,
747 265 835 298 cuius
861 274 930 299 tum
954 262 1015 298 fuit
1035 264 1186 298 Minister
1206 262 1244 298 ab
1268 263 1429 313 epistolis,
1463 271 1556 317 eique
1578 276 1722 319 priorem
1746 255 1793 313 in:

5 337 7 343 .
66 314 192 365 sc'ripfit
218 325 367 363 partem,
394 325 467 350 ante
489 327 613 350 annum
636 325 717 360 1455.
744 313 951 356 confectam,
974 327 1056 364 quae
1071 318 1267 360 prooemium
1283 317 1442 360 Appiani,
1472 329 1538 354 turn
1561 322 1679 360 librum
1697 328 1793 376 Liby-

66 379 155 407 eum,
180 366 341 415 Syriczm'i,
369 367 572 406 Parthicum,
601 368 672 416 (qui
697 378 869 415 perperam
896 367 1047 402 tribuitur
1067 368 1249 415 Appiano)
1277 377 1308 402 et
1321 369 1582 406 Mithridaticum
1599 379 1790 424 compleffl-

65 428 138 457 tur,
165 427 196 454 et
218 422 253 454 in
274 417 364 453 editis
386 418 473 453 male
493 418 567 467 post
588 419 722 453 alteram
744 417 927 454 collocatur
946 428 1091 467 partem:
1126 421 1226 460 haec,
1253 429 1389 455 mortuo
1414 419 1551 458 demum
1571 426 1730 471 Nicolao‚
1758 441 1790 466 et

63 467 260 518 Alphonso,
300 472 513 516 Arragonum
542 480 573 505 et
605 472 769 518 Vtriusque
799 468 926 504 Siciliae
953 473 1022 517 regi
1056 470 1125 517 (an.
1145 476 1226 514 1558.
1254 483 1271 504 e
1294 472 1375 505 viuis
1398 472 1591 521 excedenti‚)
1619 477 1723 515 dicata
1743 484 1787 526 ν),

64 523 210 556 continet
224 520 279 556 lib.
299 522 336 555 V.
354 521 392 554 de
407 522 449 555 B.
466 522 627 560 ciuilibus,
654 533 730 555 cuin
747 520 877 566 historia
891 521 1021 569 Illyrica
1039 531 1069 556 et
1083 522 1219 567 gallicae
1234 521 1376 567 lzssoriae
1391 526 1531 567 epitome.
1573 529 1658 564 Ante
1673 532 1788 569 inuen-

27 612 36 615 ⁷
63 581 132 607 tam
155 574 410 620 typographiam
431 584 490 620 per
508 570 642 621 aliquod
665 582 792 619 tempus
815 573 1034 621 exemplaria,
1067 574 1218 607 in‘variis
1239 572 1442 608 bibliothecis
1465 576 1562 612 obuia
1585 592 1616 614 et
1637 595 1655 615 a
1675 583 1786 618 Mont,

54 622 179 668 faucon
201 625 237 658 in
252 623 332 659 Bibl.
356 622 630 659 bibliothecarum
654 625 854 659 MSStorum
876 623 991 673 passim
1016 634 1300 666 commemorata,
1328 624 1460 660 calamis
1482 625 1610 665 fuerant
1633 634 1789 682 multipli-

61 683 152 709 cata:
186 684 236 718 et,
264 674 436 723 postquam
460 678 546 724 typis
570 686 751 724 coeperunt
771 675 916 724 vulgari,
950 673 1106 710 formulis
1132 673 1224 723 saepe
1247 673 1319 711 sunt
1345 675 1500 726 descripta
1524 686 1786 733 typographicis:

60 726 208 774 primum
235 727 398 767 Venetiis,
430 728 514 770 (non
536 728 672 766 Romae,
699 729 744 762 vti
765 728 928 762 Fabricius
951 727 1069 775 aliique
1092 724 1305 775 scripserant)
1333 727 1419 776 apud
1441 729 1481 763 V
1480 733 1597 766 indelin
1618 735 1656 769 de
1677 737 1783 782 spira,

59 788 148 821 1472.
163 775 225 813 fol.
254 798 302 805 —
329 789 400 813 tum
415 775 487 812 ibid.
503 792 563 827 per
578 776 740 813 Bernard.
750 778 905 823 pistorem
918 785 947 813 et
962 779 1289 814 Erkardmmatdolt
1301 782 1337 814 de
1353 779 1505 827 Augusta
1520 795 1582 817 vna
1597 797 1662 820 cum
1682 789 1783 825 Petro

59 828 168 875 loslcin
184 829 222 864 de
238 830 425 876 Langenccn
447 830 618 865 correfirore
642 842 677 864 ac
690 830 797 877 fhcio,
826 842 913 874 1477.
930 827 992 865 fol.
1021 849 1068 856 —-
1096 831 1170 865 ibid.
1195 832 1297 865 eodem
1320 843 1413 870 anuo,
1441 833 1526 879 apud
1550 836 1702 882 eosdem,
1729 853 1784 876 au.

58 881 142 915 dius
165 880 312 916 accedunt
334 882 429 922 liber,
456 883 511 926 qui
533 882 676 916 Illiricus
695 881 896 928 inscribitur,
927 890 958 916 et
979 882 1032 916 lib.
1046 882 1106 928 seu
1131 883 1236 916 breuis⁹
1259 885 1403 916 narratio
1429 885 1465 917 de
1482 885 1524 918 B.
1547 887 1675 924 Celtico.
1706 892 1784 935 (vid.

59 931 168 977 Zapfs
184 932 371 980 Augsburgs
386 930 819 981 Buehdruckergeschiehte‚
848 942 928 980 part.
945 934 968 968 Ι.
996 945 1026 980 p.
1044 944 1105 976 152.
1135 943 1165 967 et
1184 935 1346 976 Panzeri,
1374 936 1431 982 qui
1453 934 1593 983 lingulas
1615 938 1693 976 saec,
1709 943 1781 978 XV,

57 980 145 1016 editt.
167 979 347 1018 secundum
371 986 527 1031 temporis
556 983 711 1019 ordinem
735 983 857 1018 indicat
880 984 1025 1031 aliosque
1047 986 1088 1018 V.
1114 985 1156 1018 D.
1180 980 1309 1025 laudat,
1348 987 1387 1019 A.
1405 985 1450 1020 Τ.
1474 991 1593 1025 t01n.1.
1615 1004 1691 1040 pag,
1711 1005 1780 1036 130.

58 1045 109 1069 nr.
124 1045 184 1076 30²
199 1043 230 1068 et
243 1036 329 1078 303.)
356 1055 405 1060 —
429 1036 504 1070 ibid.
526 1046 613 1080 1492.
630 1033 690 1070 fol.
717 1053 768 1061 —-
793 1036 907 1080 Regii,
934 1047 991 1082 per
1005 1035 1118 1069 Franc.
1136 1033 1176 1068 de
1192 1035 1386 1070 Mazalibus.
1416 1047 1507 1081 1494.
1523 1037 1584 1075 fol.
1611 1059 1662 1068 --
1690 1046 1782 1080 Scan·

58 1084 166 1124 diani,
194 1097 293 1133 opera
316 1087 480 1133 Peregrini
502 1086 661 1134 Pasquali.
688 1097 775 1129 1495.
794 1083 854 1121 fol.
872 1088 903 1129 ⁹)
929 1106 976 1112 -
1007 1085 1170 1124 Venetiis,
1199 1098 1282 1130 1499
1317 1084 1377 1121 fol.
1403 1106 1454 1113 —
1479 1092 1552 1125 ibid.
1578 1092 1665 1139 apud
1685 1097 1780 1132 Chri-

24 1148 27 1150 ·
57 1135 162 1184 ssoph.
182 1138 218 1171 de
231 1137 355 1185 Penfis,
384 1134 543 1181 1500.fol.
599 1138 666 1182 (An
688 1138 769 1171 haec
789 1147 820 1171 et
841 1134 1014 1184 superioris
1033 1138 1111 1170 anni
1127 1136 1226 1171 editio
1244 1137 1287 1170 est
1307 1150 1370 1172 vna
1386 1137 1606 1189 eademque?)
1627 1165 1679 1171 --
1704 1149 1780 1183 Mo.

54 1189 286 1234 guntiae1529.
303 1199 334 1230 4.
362 1207 410 1213 —
439 1200 514 1222 cum
536 1187 661 1222 Velleio
680 1188 859 1222 Paterculo.
888 1185 980 1222 Paris.
1004 1200 1042 1221 ex
1066 1187 1153 1222 offic.
1176 1188 1281 1223 Mich.
1300 1186 1481 1226 Vascosani.
1508 1201 1590 1237 1538.
1609 1192 1670 1231 fol.
1693 1197 1778 1241 (vid.

57 1238 201 1274 Clemmt.
217 1238 240 1273 l.
255 1239 297 1282 c.)
324 1258 374 1264 —
401 1238 570 1284 Lugduni,
597 1236 684 1287 apud
706 1238 776 1273 Seb.
793 1238 1002 1285 Gryphium,
1030 1248 1108 1282 1551.
1126 1240 1173 1273 16.
1207 1237 1311 1285 Lugd.
1333 1239 1420 1288 apud
1442 1242 1510 1277 her.
1535 1245 1606 1278 Seb.
1624 1248 1778 1295 Gryphffi,

55 1292 145 1335 1560.
166 1302 211 1324 12.
237 1288 311 1324 teste
326 1289 466 1324 Goctzio
485 1289 508 1325 l.
529 1302 555 1324 e.
579 1309 628 1316 —
655 1287 754 1338 Qod
779 1288 945 1325 Candidus
965 1291 1084 1338 partim
1112 1288 1209 1338 culpa
1231 1289 1356 1325 codicis
1376 1291 1499 1331 vitiosi,
1525 1297 1644 1341 partim
1668 1300 1710 1333 ob
1731 1303 1780 1336 in-

55 1338 179 1377 scitiam
200 1342 308 1389 graeci
330 1338 487 1376 sermonis
509 1341 613 1375 multa
636 1340 785 1381 obscure,
812 1341 961 1381 barbare,
985 1353 1104 1387 praue,
1127 1350 1342 1390 contorteque
1366 1344 1470 1386 vertit,
1491 1345 1678 1394 Francifius
1698 1352 1777 1387 Phi.

26 1392 176 1438 ‚dtlplms
191 1391 365 1427 instituerat
381 1395 568 1440 Appianum
592 1404 632 1426 ex
653 1405 772 1440 graeco
794 1391 929 1428 reddere
951 1392 1112 1426 latinum:
1138 1390 1189 1427 sed
1211 1395 1277 1428 eius
1299 1395 1518 1440 interpretatio
1543 1398 1593 1433 vel
1614 1413 1684 1436 non
1705 1415 1777 1450 per-

21 1490 24 1491 ⁷
57 1441 155 1480 dueta
179 1442 222 1480 est
245 1441 285 1478 ad
307 1442 521 1486 mbilicum,
543 1443 596 1479 vel
622 1442 740 1480 manfit
758 1447 793 1479 in
810 1441 960 1480 obscuro.
988 1442 1070 1489 (vid.
1088 1444 1275 1492 Schweigh.
1292 1443 1396 1492 praef.
1416 1439 1536 1482 tomrl.
1553 1462 1630 1499 pag.
1647 1454 1723 1497 1v.)

156 1519 269 1556 Postea
285 1520 422 1568 Appiani
437 1519 579 1564 Libyca,
603 1521 755 1565 Syriaca,
781 1521 945 1562 Parthica,
972 1518 1212 1562 Mithridatica‚
1238 1520 1310 1556 libri
1329 1523 1370 1557 V.
1395 1520 1435 1557 de
1458 1523 1548 1559 bellis
1575 1526 1720 1564 ciuilibus
1742 1540 1775 1567 et

55 1571 258 1607 Celticorum
279 1572 434 1620 Epitome
458 1570 557 1606 latine
576 1570 661 1606 edita
689 1570 763 1606 sunt
786 1584 825 1607 ex
851 1570 997 1607 vernone
1021 1575 1220 1607 accuratiore
1239 1573 1436 1619 Sigismzmdi
1450 1575 1590 1621 Gelenii,
1613 1578 1772 1617 adiunctis

20 1634 23 1635 ’
54 1622 193 1667 Illyricis
211 1636 252 1657 ex
270 1623 363 1657 Petri
382 1621 534 1662 Candidi,
555 1633 586 1658 et
605 1622 731 1657 lbericis
748 1636 786 1658 ex
805 1623 904 1659 coelii
921 1622 1052 1657 Secundi
1070 1624 1222 1659 Curionis
1243 1625 1507 1673 interpretatione
1528 1640 1603 1664 cum
1628 1631 1772 1670 eiusdem

50 1675 210 1725 potionis
225 1672 359 1722 epistola
374 1672 413 1708 ad
430 1671 637 1710 Bonifacium
653 1675 927 1716 Amerbafflium,
954 1687 1018 1721 qua
1032 1675 1169 1716 Gelenii‚
1189 1677 1246 1709 viri
1264 1679 1402 1723 egregii‚
1426 1689 1496 1713 non
1511 1677 1564 1713 diu
1586 1692 1659 1716 ante
1677 1682 1774 1719 dena-

55 1728 98 1769 ti,
127 1729 225 1761 vitam
243 1727 387 1772 exponit.
437 1723 574 1760 Bafileae
593 1724 679 1776 apud
694 1728 832 1762 Froben.
855 1736 935 1771 1554.
949 1723 1009 1760 fol.
1025 1736 1055 1759 et
1068 1725 1171 1774 Lugd.
1190 1729 1276 1770 1576.
1296 1734 1380 1772 1588.
1400 1741 1441 1763 12.
1461 1732 1490 1774 r)
1550 1732 1632 1767 Sane
1649 1735 1695 1769 H.
1711 1737 1775 1771 Ste-

49 1779 157 1824 phano
181 1776 285 1812 iudice
303 1774 441 1811 Candidi
465 1779 721 1824 interpretationi
747 1787 874 1812 tanturn
894 1776 999 1823 cedit,
1025 1780 1208 1825 pampineis
1231 1789 1387 1825 quantum
1411 1779 1496 1815 cedit
1519 1780 1664 1819 labrusca
1687 1799 1775 1823 race-

54 1831 133 1865 misi
188 1828 242 1863 Est
265 1838 392 1868 tamen,
418 1830 462 1862 vti
485 1838 623 1863 monent
647 1827 732 1864 idem
749 1829 929 1876 Stephanus
951 1829 996 1874 [et
1016 1829 1140 1863 vberius
1163 1828 1486 1876 Schweigh'riuserus,
1513 1831 1553 1867 de
1570 1837 1650 1869 vitiis
1668 1847 1700 1871 ct
1714 1841 1773 1874 vir-

57 1880 174 1914 tutibus
195 1877 414 1913 Candidianae
440 1878 593 1914 verfionis
615 1880 833 1928 intelligenter
855 1879 1025 1923 indicam]
1054 1879 1104 1913 vbi
1127 1878 1295 1914 Candidus
1316 1893 1446 1929 quoque
1471 1885 1559 1917 iuuat
1580 1898 1649 1921 non
1666 1888 1772 1925 modo

6 1936 9 1937 ’
57 1929 99 1975 ad
126 1929 184 1980 [ir]
214 1941 324 1965 veram
339 1928 517 1964 tectionem
532 1929 773 1977 indagandam,
798 1929 852 1966 sed
871 1933 989 1970 etiam,
1015 1931 1067 1964 vbi
1081 1932 1198 1966 rectius
1213 1928 1340 1966 sensum
1356 1931 1400 1966 est
1423 1930 1599 1971 adsecutus.
1652 1941 1773 1989 Atque,

935 1982 974 2015 Ii
997 1992 1015 2015 2
1130 2021 1134 2025 .
1739 2000 1774 2027 vt

100 2091 138 2131 ρ)
167 2089 322 2122 Dedicatio
351 2089 387 2119 ad
410 2088 588 2131 Alphonsum
611 2092 688 2130 typis
709 2089 830 2129 repetita
852 2089 891 2120 est
942 2088 1052 2121 XXII.
1075 2088 1178 2131 mensis
1198 2088 1261 2120 Off.
1305 2091 1382 2121 Hinc
1402 2099 1498 2133 patet,
1530 2096 1561 2125 in
1583 2095 1659 2127 calce
1681 2101 1771 2130 (otiu.

57 2135 90 2166 in
103 2134 166 2164 Bibl
191 2134 350 2163 Smithiana
371 2143 433 2173 pag.
452 2135 516 2162 CIX
533 2133 570 2173 sq.
615 2135 658 2162 De
679 2132 812 2163 Candido
831 2131 891 2162 De·
942 2134 1039 2173 operis
1054 2143 1162 2162 annum
1178 2135 1333 2163 M.CCCC.
1345 2136 1457 2165 LCXV.
1478 2137 1582 2166 vitiose
1591 2133 1772 2179 exhibitum,

57 2176 187 2208 cembrio
202 2175 284 2217 plura
300 2176 409 2204 dabunt
423 2175 512 2204 (ὀὶῑά
531 2178 561 2204 in
580 2175 682 2204 Museo
698 2175 890 2208 Nounrienfi,
942 2184 970 2205 et
985 2175 1186 2216 reponendum
1202 2176 1257 2205 esse
1273 2187 1297 2205 a.
1315 2179 1537 2209 MCCCCXCV.
1559 2181 1633 2210 adde
1651 2183 1773 2215 Goetzii

59 2230 124 2290 pag.
139 2227 204 2254 250.
225 2226 253 2248 et
267 2218 384 2249 Saxius
406 2220 437 2247 in
459 2219 521 2251 hist.
539 2225 652 2259 typogr.
669 2217 756 2248 litter.
773 2218 888 2247 Medio·
941 2220 1066 2248 Memor.
1088 2217 1158 2247 bibl.
1180 2219 1281 2248 Dresd.
1300 2218 1359 2250 vol.
1373 2221 1410 2250 11.
1432 2229 1507 2262 part.
1523 2223 1546 2251 1.
1566 2233 1631 2264 pag,
1649 2228 1698 2263 67,
1722 2227 1773 2258 vbi

71 2271 117 2291 an.
133 2261 187 2291 col.
204 2271 265 2296 ²91·
940 2260 1036 2302 plures
1060 2260 1242 2290 recensentur
1260 2261 1325 2291 edd.

102 2303 138 2344 q)
164 2307 196 2334 [n
215 2304 271 2333 fine
287 2304 393 2344 prioris
415 2304 522 2344 partis,
545 2312 619 2343 quae
635 2302 725 2332 libros
743 2302 778 2332 de
792 2304 823 2332 B.
840 2305 888 2333 Ci-
982 2308 1013 2338 r)
1046 2303 1111 2333 vid.
1129 2302 1300 2344 Sclzweiglz.
1324 2304 1384 2334 diss.
1402 2307 1437 2335 11.
1460 2316 1525 2346 pag.
1539 2315 1576 2343 27
1593 2306 1631 2346 sq.
1662 2308 1697 2337 de
1718 2310 1772 2339 Ge.

59 2345 166 2377 vilibus
192 2349 338 2380 continet,
367 2345 548 2380 declaratur,
573 2345 651 2374 illam
676 2354 786 2386 partem
808 2345 889 2375 abso·
941 2345 1020 2376 lenio
1041 2347 1160 2386 eiusque
1182 2347 1331 2380 verfione5
1356 2347 1464 2378 Goetz.
1479 2351 1569 2378 Mem.
1586 2348 1655 2380 bibl.
1670 2351 1772 2386 Drend,

59 2387 152 2421 kttnm
177 2389 249 2428 effe,
284 2399 310 2419 a.
333 2391 422 2422 Dom.
447 2389 818 2420 M.cccc.1.xxxxun.
840 2389 889 2420 die
940 2387 960 2420 Ι.
975 2399 998 2418 e.
1017 2399 1080 2430 pag,
1096 2392 1147 2423 68.
