2049 2720
77 152 144 183 vai.
157 152 206 179 111.
222 160 247 184 p.
258 156 310 182 332
765 150 1109 186 CHAERONENSIS
1321 149 1394 185 Lib.
1410 151 1431 184 1
1436 149 1483 185 V.
1496 162 1520 184 c.
1534 148 1643 186 XIII.
1744 160 1800 195 ¹57

177 246 249 294 [W
247 246 407 294 ernsdorf
409 275 418 292 ‚
445 245 533 297 prof.
547 243 717 297 quondam
734 245 968 289 Dantiscanus‚
995 247 1081 282 hanc
1102 241 1160 281 suo
1185 242 1367 293 exemplari
1381 242 1586 294 adscripscrat
1601 240 1803 292 vcrfionem3

451 324 506 360 Si,
529 321 659 364 Christe,
688 322 771 365 iustis
793 332 815 354 a
833 322 926 353 minis
948 323 1035 354 velles
1056 322 1119 355 tuis

455 376 686 407 Ertraneorum
708 374 839 406 liberare
860 375 1019 416 quospiam
1030 385 1040 410 ,-

451 427 540 467 Rogo
561 427 724 457 Platonem
745 425 858 466 mique,
897 424 1099 465 Plutarchum
1123 424 1251 456 eximas.

456 478 591 518 Vterque
612 487 684 508 nam
706 474 793 509 diffis
814 475 980 517 probisque
1001 475 1137 506 moribus

450 527 500 560 Ab
521 528 636 569 legibus
658 538 749 570 quam
768 529 911 570 proxime
933 526 1016 568 afuit
1038 527 1109 557 tuis.

448 579 587 623 (Acceffit
608 580 751 622 adleges
773 585 845 612 tuas
865 588 958 621 quam
977 579 1145 619 proxime.)

448 630 486 663 Si
507 630 657 672 nesciant,
702 632 784 674 quod
804 631 935 674 vniuevfi
949 631 993 673 fis
1015 629 1097 667 dens,

447 682 552 714 Solum
573 682 776 725 benignitatis
798 682 940 724 indigent
961 686 1043 717 tuae,

447 733 580 767 Saluare
598 736 707 776 gratis
729 744 792 778 qua
814 735 898 776 cupis
921 738 954 765 tu
979 731 1157 775 quoslibet]

72 800 329 851 Reprehendunt
352 803 505 840 nonnulli
530 807 564 840 in
583 805 759 841 Plutarcho
780 804 960 841 didiionem
981 799 1204 838 duriusculam
1227 798 1307 850 ⁴·');⁴
1339 809 1371 836 et
1392 799 1482 850 quod
1504 803 1537 837 in
1560 794 1805 849 antiquitatibus'

71 855 306 891 Romanorum
327 868 395 891 non
418 868 492 892 raro
516 854 622 906 lapsus
646 855 684 893 sit
701 856 744 903 ⁰⁶)
760 857 893 904 linguae
911 857 1047 895 latinae,
1073 868 1171 903 quam
1192 856 1231 897 in
1250 856 1314 888 vita
1330 853 1560 889 Demosthenis
1576 856 1633 898 “)‚
1658 863 1688 886 et
1703 853 1803 885 Cato-

72 908 122 941 nis
143 908 283 942 Maioris
306 907 501 951 confitetur,
535 910 761 957 ignoratione:
795 909 992 956 Graecisque
1019 904 1080 941 suis
1103 907 1244 941 nimium
1270 904 1386 939 tribuat
1408 903 1452 949 ⁶⁶¹)
1475 914 1506 940 et
1532 903 1692 940 nonnulla
1713 914 1802 937 nunc

72 960 256 993 memoriae
280 970 390 993 errore
406 963 463 1004 θ’),
491 972 597 1002 nunc,
621 959 712 1008 quod
732 960 790 1009 ipfi
813 964 856 995 ita
880 957 1101 995 commodum
1125 967 1155 992 et
1177 966 1405 1005 opportunum
1429 956 1589 991 videretur
1601 952 1668 1000 ff),
1695 952 1801 988 diuer-

72 1006 113 1042 fis
133 1007 214 1044 locis
239 1006 459 1045 diuerfimode
481 1021 736 1047 commemoret.
795 1014 887 1059 Qae
911 1009 1035 1057 singula
1048 1007 1178 1043 ‘etiamsi
1201 1010 1273 1055 quis
1297 1007 1453 1054 largiatur
1475 1010 1639 1042 acerrimis
1661 1003 1801 1040 censori-

71 1060 147 1101 bus,
174 1070 311 1109 excepto
334 1073 396 1101 eo,
426 1062 516 1111 quod
537 1072 652 1098 contra
675 1061 826 1098 historiae
847 1064 1013 1097 veritatem
1037 1058 1076 1095 de
1098 1058 1252 1094 industria
1274 1057 1402 1093 finxerit
1423 1057 1585 1094 nonnulla
1609 1060 1673 1102 ⁸³),
1708 1054 1799 1105 quod

70 1124 140 1146 non
160 1121 282 1147 temere
301 1114 383 1147 mihi
406 1112 446 1148 de
466 1126 507 1149 eo
530 1111 726 1162 persuadeo,
753 1117 841 1158 (non
865 1115 987 1161 magis,
1013 1124 1111 1160 quarn
1135 1110 1225 1159 quod
1249 1113 1282 1144 in
1305 1111 1500 1146 atheismum
1524 1107 1732 1158 propendiss'e
1749 1110 1800 1142 vir

71 1161 206 1212 quidam
227 1162 343 1200 doctus
365 1162 412 1210 hh)
433 1162 574 1214 scripsit,
611 1164 682 1201 aliis
709 1164 769 1214 ipsi
795 1163 929 1203 vicissim
955 1162 1179 1198 obiicientibus
1201 1160 1236 1209 ''¹')
1259 1159 1520 1210 superstitionem
1541 1171 1572 1197 et
1596 1159 1730 1208 frigidas
1750 1157 1797 1200 ee)

113 1319 168 1352 aa)
189 1316 332 1349 Bodinus
345 1327 406 1360 cap.
417 1327 444 1355 4.
458 1320 593 1350 methodi
607 1321 710 1352 histor.
737 1319 853 1362 Voffius
870 1319 905 1350 de

68 1361 170 1391 histor.
187 1363 295 1398 graecis
310 1373 338 1402 p.
355 1372 424 1398 209.
449 1370 477 1392 et
493 1363 606 1394 Petrus
622 1365 655 1396 V
653 1363 779 1394 ifforius
797 1365 904 1394 XXIII.

68 1412 112 1432 αι.
126 1413 188 1433 var.
207 1402 272 1433 le&
311 1404 386 1434 Vide
404 1404 536 1435 censuras
553 1406 714 1437 celebrium
727 1406 905 1448 scriptorum

68 1444 203 1475 collectas
218 1457 235 1475 a
250 1448 373 1477 Thema
387 1450 465 1489 Pope
475 1468 484 1473 -
495 1448 611 1479 Blount.
633 1449 755 1480 Fabric.
795 1452 829 1480 Et
844 1452 904 1479 vir-

69 1496 144 1518 tutes
159 1496 188 1519 et
203 1491 275 1518 vitia
297 1500 421 1530 operum
438 1490 583 1522 Plutarchi
602 1492 720 1523 adducit
735 1491 906 1532 Alcyonius

67 1529 123 1561 lib.
139 1533 175 1561 11.
189 1531 226 1561 de
242 1531 342 1562 exsilio
365 1544 428 1574 pag.
445 1544 506 1570 154.
525 1544 580 1570 ιςς.
604 1535 716 1566 Heum-

95 1571 169 1613 ,Μὴ
193 1574 312 1605 Paulus
325 1576 491 1607 Manutius
511 1578 546 1607 ad
563 1580 622 1608 Cic.
643 1580 673 1608 in
697 1579 778 1619 epist.
793 1578 831 1608 Π.
849 1588 860 1609 1
877 1586 905 1609 et

68 1624 95 1652 ς.
110 1616 145 1646 ad
161 1620 204 1654 Q
214 1619 355 1649 Fratrem.
401 1619 512 1650 Confer
526 1621 571 1652 lo.
587 1620 704 1653 Rualdi
721 1621 904 1652 animaduer-

67 1659 160 1689 nones
182 1659 226 1699 ingf
237 1660 380 1692 Plutarch.
900 1665 903 1669 ’

109 1703 157 1742 ω)
179 1705 211 1733 In
228 1705 425 1735 Demosthene
440 1716 469 1748 p.
486 1711 554 1744 846.
571 1713 600 1738 et
614 1709 644 1738 in
659 1709 770 1739 Catone
786 1710 904 1739 Maiore

67 1755 133 1789 pag.
148 1754 214 1782 340.

109 1787 164 1824 dd)
185 1788 324 1820 Bodinus
346 1790 413 1822 loco
435 1791 554 1823 laudato
579 1801 608 1824 et
624 1792 772 1825 Claudius
789 1793 901 1826 Verde-

65 1829 144 1873 ring
147 1830 264 1861 censura
286 1831 417 1874 scriptor.

108 1877 152 1906 ee)
175 1874 300 1905 Bauius
316 1878 423 1906 Lexico
438 1879 469 1907 in
485 1880 595 1913 Mucia,
618 1886 687 1909 nota
702 1880 735 1909 Β.

103 1913 159 1956 ff)
182 1916 263 1945 Idem
284 1920 314 1947 in
329 1920 484 1959 Euripide,
506 1929 575 1950 nota
589 1923 626 1951 O.

106 1962 168 1998 gg)
191 1958 300 2005 M-el'ch.
316 1962 412 1990 Canus
428 1964 478 1991 XL
495 1967 522 1992 6.
546 1962 600 1992 loc.
616 1962 708 1992 theol.
723 1967 758 1993 vt
772 1964 819 1993 vel
827 1963 902 1994 Plu·-

65 2001 192 2032 tarchus
200 2002 336 2042 scriptor
357 2003 473 2044 alioqui
494 2013 594 2035 verax
608 2006 640 2035 in
664 2004 754 2036 rebus
771 2006 903 2036 Graeco-

63 2052 133 2074 rum
149 2044 333 2085 illustrandis
353 2050 381 2076 et
404 2048 549 2078 caecutire
570 2051 598 2078 et
606 2047 729 2089 fingere
749 2047 902 2079 interdum

17 2091 25 2101 ⁴
65 2086 158 2117 etiam
171 2087 326 2118 videatur.

107 2127 166 2168 hh)
191 2129 305 2160 Petrus
320 2131 494 2163 Molinaeus
509 2132 544 2162 de
558 2135 728 2171 cognitione
744 2133 791 2163 dei
814 2144 841 2173 p.
858 2138 899 2166 81.

64 2170 253 2219 Plutarchus
270 2173 303 2202 in
318 2173 509 2205 Atheismum
526 2176 650 2206 videtur
665 2175 759 2217 fuiffie
769 2185 899 2216 propen-

58 2211 142 2254 fior,
166 2222 271 2255 quippe
287 2215 365 2244 libro
380 2218 411 2245 in
431 2227 498 2247 eam
522 2228 586 2248 reni
611 2220 690 2249 edito
702 2219 839 2258 probare
855 2228 899 2248 co-

65 2260 171 2292 natur,
189 2255 379 2287 Atlzeisnnmi
396 2259 631 2289 tolerabiliorem
647 2260 699 2300 effiz
711 2261 898 2300 superstit-io.

65 2307 111 2329 ne.
156 2298 283 2334 Confer,
305 2301 324 2329 fi
343 2300 454 2340 placet,
479 2312 552 2341 quae
570 2301 646 2331 infra
666 2301 726 2331 dixi
741 2303 818 2331 inter
833 2299 898 2330 Plu·

64 2341 158 2382 tarchi
174 2341 294 2383 scripta,
318 2354 361 2372 nr.
378 2346 420 2378 63.
437 2344 558 2374 Fabi-ic.
588 2346 647 2382 Qii
665 2344 699 2373 de
714 2343 768 2374 deo
786 2345 895 2381 magni-

66 2384 119 2413 fice
136 2383 237 2419 sent-it,
256 2387 452 2426 erprouidam
474 2387 521 2416 dei
543 2397 640 2416 curam
659 2391 760 2427 (quam
776 2387 895 2427 quidem

953 1216 1028 1261 .V3

1596 1213 1657 1248 alle
1659 1213 1796 1260 goriaQ)

959 1325 987 1349 et
1010 1317 1133 1348 >notauit
1153 1317 1281 1349 Baelius
1310 1319 1340 1347 in
1369 1316 1496 1348 Diffion.
1519 1325 1585 1346 voc.
1599 1316 1794 1352 Anaxagoras,

959 1369 1020 1391 not.
1037 1363 1090 1400 D.)
1110 1361 1192 1401 saepe
1209 1360 1366 1401 praedicat,
1390 1360 1469 1400 quod
1486 1370 1501 1388 a
1517 1358 1667 1388 Plutarcho
1686 1357 1795 1387 fanum

959 1404 1034 1439 effe,
1064 1405 1212 1434 vberrime
1237 1404 1338 1433 docuit
1361 1406 1612 1433 Zimmermannus
1635 1400 1652 1430 l.
1669 1411 1709 1436 c.,
1743 1398 1794 1428 ille

957 1449 1116 1489 impietatis
1138 1457 1205 1476 reus
1219 1449 1319 1488 peragi
1340 1448 1456 1486 nequit:
1479 1454 1657 1485 quamquam
1679 1453 1695 1472 a
1717 1441 1793 1472 mul-

958 1493 994 1520 tis
1018 1490 1185 1525 erroribus,
1209 1491 1372 1519 Stoicorum
1397 1490 1554 1529 praecipue
1578 1486 1792 1522 communibus,

958 1535 1119 1563 immunem
1134 1532 1212 1562 haud
1228 1531 1328 1567 fuisse,
1351 1542 1410 1561 non
1427 1530 1591 1569 negandum
1615 1531 1662 1559 est.
1707 1527 1792 1558 Plura

956 1577 1031 1606 hanc
1044 1579 1074 1606 in
1091 1587 1153 1606 rem
1171 1574 1354 1613 collegerunt
1376 1583 1402 1604 et
1426 1574 1609 1614 disputarunt
1626 1570 1791 1602 Cudwortlz

957 1621 1080 1660 eiusque
1103 1621 1244 1659 interpres
1271 1616 1479 1651 Moshemz'us,
1514 1619 1578 1656 (qni
1606 1615 1791 1645 Plutarchum

955 1662 1038 1704 saepe
1057 1662 1186 1692 vindicat
1207 1662 1243 1691 ab
1265 1661 1440 1690 Cudworthi
1465 1658 1649 1699 aliorumque
1669 1658 1790 1692 iniuria,

955 1705 1122 1746 multosque
1145 1705 1244 1735 laudat
1266 1707 1330 1735 VV.
1352 1705 1431 1738 DD.)
1453 1704 1484 1732 in
1506 1702 1653 1736 systemate
1678 1699 1790 1730 intelle-

955 1748 1046 1779 &uali
1061 1756 1134 1778 tom.
1153 1750 1175 1778 1.
1193 1758 1258 1789 pag.
1276 1756 1344 1784 274.
1360 1753 1414 1782 298
1431 1745 1490 1786 sqq.
1510 1755 1565 1779 300
1583 1744 1643 1784 sqq.
1662 1747 1719 1779 649
1730 1742 1789 1782 sqq.

954 1799 1027 1822 tom.
1043 1794 1080 1821 11.
1097 1802 1160 1831 pag.
1178 1800 1227 1825 235
1244 1790 1303 1830 sqq.
1327 1798 1392 1825 4:35.
1415 1798 1442 1818 et
1465 1788 1528 1817 aliis
1548 1787 1630 1817 locis.
1673 1789 1790 1816 Praeter

954 1845 987 1863 ea
1003 1834 1148 1871 Budaeus
1173 1836 1203 1862 in
1222 1833 1348 1862 theflbus
1372 1832 1406 1861 de
1421 1832 1564 1861 atheismo
1579 1840 1639 1869 cap.
1658 1839 1678 1858 1.
1700 1830 1727 1868 §.
1746 1838 1788 1858 21.

954 1885 1015 1907 not.
1031 1878 1068 1896 *ἧς
1082 1887 1147 1917 pag.
1165 1886 1215 1911 90.
1235 1883 1263 1905 et
1277 1875 1496 1906 Reimniannus
1519 1875 1549 1902 in
1565 1874 1685 1902 historia
1708 1871 1789 1900 athe-

954 1921 1095 1960 ismircap.
1114 1929 1156 1953 32.
1174 1917 1198 1957 §.
1213 1928 1238 1946 2.
1252 1929 1315 1958 pag.
1330 1927 1380 1951 223
1397 1916 1436 1956 sq.
1460 1915 1569 1955 aliique
1587 1917 1694 1944 crimen
1709 1914 1787 1943 athe-

954 1963 1022 1991 ismi
1036 1972 1052 1990 a
1067 1963 1187 1990 nomine
1201 1959 1280 1989 illiue
1302 1958 1447 2000 depellere
1470 1959 1650 1988 studuerunt.
1693 1959 1787 1996 Atque

955 2005 1028 2033 bene
1046 2002 1267 2033 discernendum
1283 2004 1338 2038 est,
1363 2013 1432 2031 num
1451 2001 1537 2038 libri,
1561 2011 1595 2030 ex
1610 2000 1716 2041 quibus
1735 1998 1787 2028 alii

955 2057 1022 2076 eum
1045 2054 1153 2076 temere
1178 2044 1350 2075 adcusarunt
1372 2046 1529 2085 impietatis
1553 2052 1602 2073 aut
1618 2045 1725 2072 nimiae
1741 2041 1785 2071 su-

954 2090 1152 2129 perstitionis,
1174 2090 1293 2126 genuini
1308 2089 1362 2117 sint
1379 2098 1430 2117 nec
1445 2090 1499 2117 ne?
1526 2094 1553 2116 et
1567 2097 1637 2115 num
1662 2085 1720 2126 ipse
1741 2085 1784 2114 di-

954 2139 998 2162 cat
1011 2131 1181 2161 sententiam
1197 2140 1246 2160 aut
1260 2130 1386 2160 aliorum
1411 2129 1553 2159 recenseat
1576 2129 1683 2158 iudicia
1698 2136 1784 2167 atque

952 2176 1117 2215 opiniones.
1154 2173 1259 2203 Iudicii
1273 2182 1370 2203 autem
1387 2175 1447 2202 acie
1463 2174 1597 2212 vasteque
1611 2172 1783 2210 scriptorum

950 2216 1096 2252 leetione,
1119 2216 1193 2257 plus,
1218 2227 1304 2257 quam
1320 2218 1430 2253 ingenii
1447 2215 1599 2253 splendore
1615 2214 1782 2241 Plutarchus

951 2259 1071 2287 valuisse
1096 2260 1220 2286 videtur.
1266 2259 1312 2286 De
1331 2256 1394 2286 stilo
1409 2255 1556 2286 Plutarchi
1580 2257 1681 2289 vario,
1705 2256 1782 2284 haud

950 2299 1082 2340 aequali,
1107 2298 1252 2329 maculoso
1275 2307 1303 2329 et
1325 2299 1408 2340 saepe
1431 2298 1552 2328 obscuro
1566 2321 1573 2333 ,
1599 2297 1633 2326 de
1653 2299 1730 2326 vitiis
1752 2306 1780 2327 et

950 2343 1108 2372 virtutibus
1124 2338 1348 2380 illiusssgrauiter
1365 2342 1473 2370 indicat
1485 2340 1589 2370 Rciske
1610 2342 1640 2368 in
1658 2340 1780 2369 historia

950 2384 1006 2415 sor.
1026 2384 1112 2415 Inscr.
1139 2384 1222 2414 Paris.
1248 2394 1317 2414 tom.
1335 2386 1383 2414 XI.
1408 2394 1471 2423 pag.
1491 2392 1533 2417 115
1550 2382 1607 2422 sqq.
1632 2393 1667 2411 ex
1691 2385 1779 2412 inter-

64 2425 172 2456 alicubi
186 2427 221 2457 ab
236 2438 272 2459 eo
287 2437 421 2469 negatam
437 2429 532 2470 fuine,
555 2430 691 2462 nonnulli
706 2430 895 2468 contendunt,
946 2436 1051 2470 pretat.
1067 2439 1194 2469 german.
1210 2427 1467 2473 centra-Gca'oyn,
1491 2427 1548 2470 qni,
1562 2424 1634 2459 ibid.
1656 2433 1726 2455 tom.
1741 2428 1778 2456 V.

1638 2478 1700 2510 Pag·
1719 2476 1778 2509 ¹7⁵2
