2013 2725
232 155 301 191 254
403 145 475 180 zib.
489 144 511 177 I
515 142 561 180 V.
577 153 600 177 e.
615 140 700 177 XV.
874 139 1174 176 ARTEMIDORI
1203 139 1327 176 VARII
1630 140 1693 167 voi.
1702 141 1750 168 111.
1764 149 1791 174 ιο-
1805 141 1891 174 4071?
1902 145 1959 175 40⁸

344 235 581 278 Artemidorus,
598 234 747 273 Cnidius,
770 233 993 284 'Theopompi
1009 236 1044 270 F.
1071 235 1186 269 Strabo
1205 234 1291 271 XIV.
1308 245 1382 282 pag.
1400 235 1472 278 656.
1498 235 1610 269 rhetor
1625 244 1655 269 et
1671 233 1853 271 litterarum
1871 248 1962 284 grae-

236 306 355 329 ‹carum
381 291 517 331 doCtor,
544 291 569 322 is
595 284 679 336 ipse,
706 288 761 335 qui
788 285 936 321 libellum
956 286 1146 321 *insidiarum
1169 285 1308 320 indicem
1334 285 1393 320 lul.
1411 283 1554 327 Caesari,
1578 285 1684 321 Idibus
1701 287 1829 321 Martiis
1852 290 1886 322 in
1909 300 1963 322 cu.

236 349 324 382 <riam
339 345 444 385 eunti,
464 338 582 375 frustra
597 338 723 374 obtulit.
750 338 915 373 Plutarch.
932 337 1065 374 Caesare
1078 353 1110 387 p.
1125 346 1198 381 733.
1222 338 1375 372 'Zonaras
1393 347 1475 373 tom.
1494 339 1517 373 Ι,
1536 352 1569 386 p.
1584 349 1653 383 491.
1671 336 1749 372 edit.
1766 336 1857 374 Paris.
1877 338 1935 385 [If]

345 404 592 450 Artemidorus,
619 405 814 447 dialefflcum
841 408 896 454 qui
913 408 1032 441 'contra
1053 404 1280 454 Chrysippum
1301 402 1433 452 scripsit.
1461 405 1568 440 Laert.
1583 405 1637 438 IX.
1655 416 1698 450 53.

343 475 593 517 Artemidorus,
618 474 787 523 Eplzcfius‚
814 475 1036 523 geographus,
1059 474 1228 513 Straboni,
1253 473 1360 508 Plinio
1377 482 1407 506 et
1421 472 1587 520 Stephano
1603 473 1684 517 Byz.
1710 463 1832 520 saepius
1853 467 1997 507 lauda-‘⁹

236 541 308 572 tus,
335 530 448 565 claruit
475 529 559 562 circa
581 525 722 573 Olymp.
737 527 877 561 CLXIX.
900 525 1047 574 adeoque
1063 524 1208 560 ducentis
1223 526 1349 558 circiter
1364 525 1455 558 annis
1475 523 1733 563 Artemidorum,
1749 522 1962 563 Daldianum.

241 592 344 619 aetate
361 578 547 621 antecellit,
574 592 651 613 cum
672 591 738 627 quo
759 590 835 612 eum
860 576 947 612 aliud
971 590 1069 626 agens
1091 575 1264 612 confundit
1283 573 1439 611 Gesnerus
1462 577 1508 610 vir
1529 574 1811 624 praestantissimus
1832 578 1865 610 in
1884 575 1961 610 bibl.

241 633 480 682 Geograpltiam
497 632 691 678 complexus
708 627 772 664 fuit
786 629 1012 665 Artemidorus
1034 629 1172 663 undecim
1194 629 1302 671 libris,
1330 640 1473 676 quorum
1496 629 1664 676 epitomen
1685 625 1806 676 scripsit
1822 628 1964 662 Marcia·

239 700 300 723 nus
312 685 519 723 Heracleum,
543 691 581 717 <vt
604 682 668 716 dixi
693 679 788 731 supra
811 682 906 727 [tom.
925 683 979 716 lv.
1004 693 1077 730 pag.
1094 682 1149 722 613
1171 678 1229 728 sq.]
1255 679 1340 714 libro
1357 680 1503 726 IVJcap.
1522 692 1552 714 2.
1575 680 1607 726 §.
1627 692 1673 714 10.
1726 680 1778 725 [ln
1798 679 1873 714 bibl.
1891 679 1963 713 Lei.
2007 700 2010 703 -

238 740 324 788 densi
339 740 421 772 inter
434 735 587 782 Scaliger.
605 732 703 769 codd.
720 746 769 769 nr.
787 736 834 768 6¹.
850 733 943 768 catal.
959 747 992 782 p.
1009 743 1083 775 342]
1101 732 1144 767 est
1161 730 1282 779 alfquid
1298 743 1337 766 ex
1353 730 1553 766 Artemidori
1569 731 1825 779 geographicis]
1877 732 1966 765 Cita-

238 799 292 825 tur
307 793 404 824 etiam
421 801 439 822 a
455 786 606 822 Diodoro
623 787 680 820 Sic.
703 785 888 832 Porphyrio
903 784 943 819 de
959 795 1054 819 antro
1069 785 1256 831 Nymphar.
1275 794 1351 831 pag.
1369 794 1433 824 233.
1465 782 1670 830 Constantino
1685 783 1724 818 de
1736 781 1965 818 administran-

240 841 286 877 do
308 844 387 889 imp.
411 851 484 886 pag.
503 850 538 880 23
556 835 601 885 sq.
621 846 657 871 -et
675 835 857 877 Athenaeo,
883 837 939 884 qui
959 844 1124 884 praeterea
1142 835 1341 870 Artmzidori
1355 834 1500 884 Ephrfii,
1523 833 1650 880 (nescio
1664 848 1707 869 an
1722 834 1848 879 huius.)
1873 833 1966 872 Ἰωνι-
1991 846 1993 849 ’

238 891 287 932 χοὶ
308 888 548 939 ὑπομνήματα
568 887 681 923 'laudat
700 888 757 922 111.
773 899 853 936 pag.
869 900 928 923 111.
982 884 1083 921 Conf.
1103 887 1278 934 Memssum
1299 888 1334 920 in
1354 885 1434 920 Bibl.
1460 888 1584 921 Graeca
1606 896 1637 921 et
1653 886 1794 931 Vqfflmn
1816 886 1857 921 de
1878 885 1963 921 Hist.

239 947 387 980 Graecis„
416 944 616 988 fragmenta
628 940 724 972 huius
740 939 942 974 Artemidori
956 937 1109 987 pleraque
1125 937 1260 983 collegit
1275 936 1315 970 ad
1334 936 1457 971 calcem
1472 938 1636 972 Marciani
1653 938 1827 983 Huq'fimm·
1841 949 1923 973 tom.
1939 940 1962 972 1.

188 1023 191 1026 ,
238 995 469 1041 Geographor.
486 993 599 1026 Graec.
615 992 798 1024 minorum.
825 990 953 1023 Fabric.
1006 990 1043 1023 ln
1065 987 1185 1035 fragm.
1201 988 1312 1035 Steph.
1327 988 1460 1032 Byzant.
1488 990 1521 1021 in
1544 986 1617 1023 cod.
1634 988 1735 1023 Coisl.
1753 990 1963 1024 CCXXVIH.

238 1050 273 1082 in
289 1045 513 1091 Montsaucon.
527 1041 620 1076 catal.
639 1038 737 1074 codd.
761 1039 837 1075 bibl.
855 1039 959 1075 Coisl.
979 1052 1054 1087 pag.
1072 1046 1147 1080 288.
1173 1036 1352 1086 fragment.
1373 1036 1414 1072 de
1432 1038 1531 1073 Dora
1549 1039 1625 1074 vrbe
1643 1037 1789 1080 adfertur
1806 1053 1847 1076 ex
1864 1034 1964 1077 Arie-

237 1100 353 1135 midori
375 1098 520 1143 epitome
544 1092 671 1127 decima
695 1094 821 1139 prima,
850 1101 887 1126 <et
910 1094 943 1126 in
964 1104 1060 1126 nono
1079 1090 1391 1139 -Ὑεωγραφεμένων
1416 1088 1503 1125 idem
1527 1091 1656 1137 haberi,
1683 1090 1822 1127 additur.
1845 1111 1902 1119 ——
1924 1095 1964 1129 In

237 1148 419 1192 catab-bibl.
435 1145 578 1193 Leidenst
592 1155 668 1192 pag.
686 1156 756 1188 197.
768 1145 913 1177 ⁴citantur
929 1142 1150 1187 Artemidori,
1177 1139 1214 1188 (s.
1233 1143 1395 1177 Marciani
1416 1151 1447 1176 et
1467 1142 1636 1187 aliorum,)
1661 1144 1886 1192 geographica,
1913 1157 1962 1194 gr.

237 1216 296 1253 per
310 1201 403 1236 Dan.
419 1196 652 1244 Hoaefilzeliztnz,
680 1194 841 1242 Augustae
853 1193 1018 1229 Vindelic.
1038 1197 1134 1230 1600.
1149 1205 1180 1236 4.
1196 1206 1273 1228 cum
1289 1195 1375 1228 notis
1388 1195 1496 1229 msstis
1512 1191 1608 1229 isaaci
1624 1193 1736 1230 voffii.
1761 1196 1860 1232 Harl.
1962 1209 1968 1214 ·

337 1263 577 1307 Artemidorus,
593 1262 828 1312 Eruststratem.
878 1260 964 1296 Vide
981 1259 1084 1303 infra,
1110 1264 1146 1296 in
1168 1259 1393 1303 Artemidoro,
1411 1259 1539 1297 Sidenfi
1553 1260 1619 1297 fiue
1638 1261 1755 1298 Sidete.

336 1336 378 1369 L.
395 1332 623 1368 Artemidorus
647 1333 680 1364 in
700 1339 766 1367 vet.
787 1327 996 1377 inscriptione
1016 1327 1109 1376 apud
1133 1330 1283 1374 Spaniam
1308 1340 1385 1377 pag.
1400 1341 1465 1372 117.
1484 1328 1581 1366 Misc.
1631 1328 1717 1366 Vide
1740 1340 1771 1366 et
1791 1331 1877 1377 Roffi
1896 1329 1964 1368 fine

236 1389 340 1424 Rubci
361 1386 542 1420 memorias
565 1384 730 1416 Brixianas
752 1393 827 1430 pag.
844 1392 897 1425 94.
922 1380 999 1416 edit.
1018 1378 1185 1415 secundae.
1218 1407 1221 1410 .
1264 1388 1268 1389 ⁷

339 1449 566 1490 Artemidorus
591 1448 758 1494 Musunii,
784 1444 975 1497 philosophi
994 1460 1115 1496 gener,
1151 1444 1367 1497 philosophus
1384 1457 1421 1484 et
1441 1444 1528 1496 ipse,
1549 1450 1676 1484 :amicus
1700 1449 1796 1486 Plinii
1814 1451 1963 1496 iunioris,

239 1521 338 1557 quem
352 1506 426 1541 vide
447 1504 502 1538 lib.
516 1504 571 1537 111.
591 1500 680 1549 epist.
697 1501 752 1535 lx.

341 1569 568 1608 Artemidorus
590 1569 768 1603 Parianus.
802 1568 913 1603 Senec.
930 1566 990 1602 lib.
1007 1569 1032 1602 Ι.
1056 1575 1122 1602 nat.
1147 1564 1266 1614 quaest.
1292 1578 1362 1616 cap.
1379 1578 1408 1610 4.
1437 1568 1565 1602 Fabric.
1615 1569 1684 1602 Hic
1707 1567 1915 1616 probabiliter
1936 1573 1962 1606 is
2010 1559 2011 1562 Ἴ

238 1637 370 1675 quoque
383 1623 448 1662 est.
476 1622 567 1656 cuius
589 1619 745 1668 dogmata
768 1618 988 1654 astronomica
1009 1616 1191 1654 'secundum
1208 1616 1361 1654 ordinem
1383 1616 1524 1653 recenset
1541 1617 1629 1654 idern
1643 1621 1749 1655 Seneca
1764 1620 1883 1670 quaest.
1897 1617 1962 1660 nat.

238 1680 310 1714 Vn.
330 1688 371 1719 ¹3·
399 1674 497 1709 Harl.
1607 1678 1623 1684 “

340 1738 572 1779 Artemidorus
589 1737 709 1784 Ρὶἒῗον.
739 1735 883 1773 Martini.
897 1738 939 1772 V.
956 1746 1003 1778 41.
1056 1732 1174 1795 Nefcio
1200 1749 1241 1770 an
1264 1735 1347 1771 alius
1367 1737 1422 1772 IX.
1439 1749 1488 1771 22.

340 1805 566 1847 Artemidorus
579 1802 761 1864 praefectus
778 1803 879 1861 vrbis,
905 1800 1126 1862 Theodorico
1142 1812 1229 1850 rege.
1252 1802 1436 1839 Caffiodor.
1454 1804 1508 1839 lib.
1524 1805 1550 1839 1.
1572 1807 1685 1841 variar.
1703 1805 1791 1854 epist.
1808 1819 1849 1851 42
1864 1805 1909 1858 sq.

342 1857 571 1896 Artemidorus
590 1857 692 1903 pugzl.
745 1852 834 1889 Infra
857 1869 891 1889 in
916 1853 1133 1890 Artemidoro
1155 1854 1343 1890 Tralliano.

341 1918 567 1956 Artemidorus
585 1916 736 1964 Sidensis,
764 1912 939 1949 Erasistrati
957 1912 1106 1956 sectator,
1130 1913 1297 1957 medicus,
1323 1912 1471 1949 laudatus
1496 1914 1615 1950 Coelio
1635 1916 1830 1960 Aureliano,
1857 1900 1888 1955 et
1910 1917 1961 1955 di.
2002 1947 2003 1950 ,

239 1972 343 2010 versus
369 1974 402 2006 ni
428 1969 526 2006 fallor
548 1970 586 2003 ab
608 1965 820 2003 Artemidoro
834 1968 1009 2014 Capitone,
1030 1964 1070 2000 de
1087 1979 1154 2015 quo
1171 1964 1275 2014 supra.

342 2029 568 2068 Artemidorus
587 2028 748 2076 Tarseiifis
760 2054 768 2067 ,
794 2027 1039 2075 grammaticus,
1065 2027 1168 2062 Strab.
1189 2028 1275 2061 XtV.
1292 2039 1368 2074 pag.
1385 2029 1456 2072 675.
1589 2063 1596 2071 ‚
1969 2067 1973 2070 η

337 2090 563 2128 Artemidorus
586 2088 774 2123 Trallianus
795 2087 907 2136 pugil,
933 2084 973 2121 de
996 2098 1064 2135 quo
1086 2086 1268 2134 Pazfimias
1284 2088 1325 2123 11.
1341 2087 1440 2125 Eliac.
1465 2096 1495 2123 et
1509 2088 1677 2123 Martialis
1691 2091 1747 2125 VI.
1760 2102 1810 2134 77.
1835 2089 1960 2140 Loerfis

241 2148 280 2181 V.
299 2158 346 2181 10.
365 2142 535 2192 Epiphyll.

340 2207 524 2242 Incertum,
552 2203 643 2234 cuius
663 2197 861 2234 Artemidori
878 2198 1010 2244 Elegiae
1030 2197 1104 2247 περὶ
1125 2197 1245 2247 ἔρωτος
1258 2196 1430 2233 laudantur
1448 2200 1482 2233 in
1497 2198 1719 2235 Eratosthenis
1736 2199 1958 2237 catasserismis

241 2271 311 2306 cap.
329 2270 374 2300 3¹·
402 2254 603 2291 Artemidori
626 2247 808 2296 συναγωγὴ
828 2252 860 2284 in
881 2247 1009 2284 scholiis
1030 2250 1068 2284 ad
1093 2250 1258 2296 Aristoph.
1279 2247 1399 2299 Vespas
1415 2253 1454 2285 V.
1473 2254 1555 2293 1164.
1581 2253 1830 2292 Artemidorus,
1857 2262 1968 2301 quem-⁷

244 2315 325 2345 inter
347 2306 516 2355 scriptores
537 2305 572 2339 de
590 2304 810 2351 pyramidibus
831 2299 930 2336 refert
951 2302 1081 2336 Plinius
1097 2302 1247 2337 XXXVI.
1266 2314 1312 2337 12.
1340 2300 1398 2337 nisi
1419 2301 1596 2349 Ephesium
1620 2302 1693 2338 alibi
1716 2303 1884 2339 laudatum
1909 2308 1957 2340 in-

245 2361 383 2408 telligit,
408 2360 462 2407 qui
489 2359 521 2391 in
544 2368 644 2406 opere
666 2355 889 2404 geographico
914 2355 1040 2403 potuit,
1075 2354 1126 2388 vbi
1151 2352 1192 2389 de
1219 2352 1583 2406 Aegypto-differebat,
1615 2355 1804 2405 pyramides
1825 2369 1956 2406 quoque

245 2410 429 2450 describere.
458 2409 514 2456 [if]
1779 2417 1783 2420 Δ

1824 2460 1866 2496 X.
1892 2459 1955 2495 In·
1990 2487 1991 2490 η
