2013 2725
225 143 283 190 453
341 141 414 181 Lib.
428 140 499 181 IV.
514 156 536 180 ε.
549 140 658 179 XIX.
709 140 1050 182 COMMENTARn
1082 140 1248 182 GALENI
1280 140 1330 180 IN
1361 142 1669 182 HIPPOCRATIS
1701 144 1858 186 LIBROS

335 239 371 283 7)
399 241 432 273 in
461 240 669 287 Hippocratis
700 237 949 285 praediffionum
980 239 1095 275 librum
1117 241 1258 284 primum
1286 241 1498 274 commentarii
1527 247 1603 278 tres.
1656 242 1791 280 Exstant
1809 246 1843 279 in
1865 242 1946 280 edit.

231 289 395 324 Charterii
411 300 491 326 tom.
512 293 601 326 vul.
618 303 693 341 pag.
711 294 787 336 692.
813 290 876 327 vid.
891 291 1014 327 Fabric.
1034 291 1185 326 biblioth.
1201 303 1307 338 graec.
1322 289 1376 325 iib.
1393 291 1433 324 11.
1455 304 1524 339 cap.
1542 303 1589 335 23.
1616 287 1716 339 §122
1739 307 1815 344 pag.
1829 307 1893 340 534.
1942 288 1946 292 ’

334 356 375 401 8)
402 360 435 393 in
454 359 665 405 Hippocratis
679 359 717 392 de
736 359 853 393 morbis
869 359 1080 405 popularibus
1103 359 1216 393 librum
1232 359 1374 404 primum
1397 361 1610 394 commentarii
1628 367 1706 396 tres.
1758 359 1890 397 Exstant
1911 363 1947 398 in

229 405 309 443 edit.
327 410 491 495 Chapterii
519 419 602 446 tom.
620 410 674 445 IX.
696 422 772 460 pag.
788 422 813 446 1.
853 408 918 444 vid.
945 409 1082 445 Fabricii
1103 409 1252 445 biblioth.
1273 421 1380 457 graec.
1403 408 1459 445 lib.
1474 411 1515 445 11.
1543 423 1612 460 cap.
1631 423 1676 455 ²3·
1701 412 1732 460 ς.
1749 417 1795 452 18.
1822 411 1888 447 vol.
1906 413 1948 448 11.

258 473 274 493 a
303 485 310 492 .
348 472 385 494 22
441 488 449 496 .

231 472 254 508 Ρ
277 471 300 508 g
328 471 376 572 59)
404 475 438 562 iii
453 528 663 574 Hippocratis
677 527 714 562 de
729 528 848 563 morbis
854 527 1064 573 popularibus
1081 528 1194 563 librum
1198 526 1372 574 secundum
1388 530 1636 563 commentarius.
1688 527 1797 564 Exstat
1821 531 1855 564 in
1875 526 1953 567 edin·

235 576 400 613 charterii
415 588 496 616 tom.
514 580 569 615 IX.
588 592 661 628 pag.
679 586 745 619 118.
772 577 838 615 vid.
854 580 974 615 Fabric.
991 579 1138 615 biblioth.
1155 591 1260 627 graec.
1276 579 1334 615 lib.
1352 579 1389 615 H.
1403 592 1473 627 cap.
1490 591 1535 622 23.
1550 581 1581 628 §.
1595 592 1642 626 25.
1659 579 1725 616 vol.
1735 582 1866 630 IL'pag.
1882 584 1950 626 563.

337 647 394 690 ιο)
421 648 455 681 in
469 648 679 692 Hippocratis
695 646 732 680 de
748 648 866 681 morbis
878 647 1090 692 popularibus
1104 647 1218 681 librum
1240 648 1372 681 tertium
1393 648 1608 681 commentarii
1630 653 1709 683 tres.
1761 646 1892 683 Exstant
1916 648 1952 683 in
2007 658 2011 663 “

235 691 312 731 edit.
325 698 488 783 Chapterii
511 708 594 734 tom.
610 699 664 734 IX.
681 709 757 746 pag.
773 709 841 744 193.
881 697 946 733 vid.
962 699 1083 734 Fabric.
1106 697 1256 733 biblioth.
1278 711 1384 747 graec.
1408 697 1462 733 lib.
1482 699 1521 734 11.
1543 712 1614 748 cap.
1631 710 1680 742 23.
1702 698 1733 746 §.
1751 704 1801 739 18.
1827 697 1894 735 vol.
1910 698 1952 734 11.

262 760 279 781 a
306 775 312 783 .
347 760 384 783 22
436 776 444 784 .

235 758 259 794 P
280 759 302 796 g
328 761 388 862 5n)
413 763 448 851 {in
468 817 680 863 Hippocratis
699 815 736 849 dc
756 816 875 851 morbis
891 817 1104 863 popularibus
1126 817 1242 851 librum
1257 815 1390 863 sextum
1411 818 1625 852 commentarii
1631 815 1708 864 sex.
1760 815 1894 853 Exstant
1917 818 1952 852 in

238 865 315 902 edit.
333 869 496 953 C6harterii
516 878 602 904 tom.
619 868 676 903 IX.
701 879 776 916 pag.
793 879 859 914 353.
889 868 954 903 vid.
970 869 1092 904 Fabric.
1107 867 1255 904 biblioth.
1277 881 1385 916 graec.
1408 868 1465 904 lib.
1483 869 1521 903 11.
1544 881 1614 916 cap.
1629 879 1679 910 23.
1708 866 1739 914 §.
1754 880 1802 914 25.
1831 867 1895 904 vol.
1912 868 1953 903 11.

263 932 279 952 3
306 944 314 953 ι
391 944 399 953 ι

236 930 261 966 P
281 929 303 966 g
333 930 391 1030 5123)
416 986 449 1020 in
473 986 684 1031 Hippocratis
707 985 960 1033 aphorismorum
980 985 1078 1020 libros
1088 985 1212 1032 septem
1233 986 1441 1020 commentarii
1458 986 1590 1032 septem.
1642 983 1791 1021 'Exstant
1817 985 1852 1019 in
1877 982 1956 1020 edit-¹

241 1036 405 1071 charterii
410 1047 504 1122 stom.
521 1039 577 1073 IX.
598 1048 680 1086 part.
699 1039 738 1072 11.
752 1050 830 1086 pag.
847 1050 872 1073 1.
904 1038 970 1073 vid.
984 1037 1108 1075 Fabric.
1125 1037 1273 1073 biblioth.
1291 1049 1399 1086 graec.
1423 1036 1478 1073 lib.
1495 1040 1537 1074 11.
1557 1050 1627 1086 cap.
1647 1048 1696 1080 23.
1718 1036 1751 1084 §.
1766 1047 1813 1071 21.
1836 1033 1957 1073 vol.11.‘

265 1101 282 1121 a
311 1116 317 1123 .
376 1101 393 1131 7
446 1114 454 1122 .

238 1100 263 1137 P
285 1100 307 1136 g
339 1100 391 1200 Ξ)
419 1101 496 1191 ξῖυο
516 1153 629 1191 referri
653 1167 785 1205 quoque
808 1154 902 1191 debet
916 1157 1031 1193 Galeni
1055 1156 1208 1203 aduezsus
1229 1157 1345 1204 Lycum
1362 1157 1457 1197 liber,
1484 1155 1572 1202 quod
1588 1154 1763 1193 nihilium
1778 1153 1957 1199 aphorismo

241 1213 342 1252 peccet
366 1208 594 1254 Hippocrates,
627 1210 714 1242 cuius
736 1209 883 1241 initium:
915 1211 967 1255 qui
985 1208 1137 1255 cresium,
1162 1208 1336 1254 plurimum
1355 1208 1469 1243 babent
1491 1207 1606 1242 caloris
1625 1208 1739 1241 innati.
1791 1203 1901 1241 Exstat
1923 1206 1959 1240 ia

244 1255 324 1293 edit.
341 1259 487 1294 Charter.
512 1269 593 1294 tom.
611 1259 666 1295 IX.
680 1269 759 1306 part.
776 1259 815 1293 11.
839 1271 916 1307 pag.
931 1267 997 1305 358.

348 1328 400 1368 14)
428 1326 544 1361 Galeni
558 1332 668 1360 contra
682 1338 732 1366 ea,
759 1336 838 1370 quae
853 1339 872 1359 a
891 1327 1019 1361 Iuliano
1040 1328 1073 1360 in
1087 1324 1503 1373 aphorismiszHippocratis
1516 1323 1706 1371 diffusum,
1732 1322 1866 1359 libellus.
1895 1322 1960 1358 Exi

245 1373 308 1411 flat
322 1377 357 1410 in
371 1376 448 1411 edit.
467 1378 628 1412 Charterii
641 1386 724 1412 tom.
743 1377 796 1412 lX.
811 1386 892 1425 part.
912 1378 950 1411 Π.
967 1390 1039 1426 pag.
1055 1379 1127 1420 376.

351 1444 398 1489 15)
426 1446 459 1478 in
478 1445 691 1490 Hippocratis
711 1443 748 1478 de
768 1444 870 1479 diaeta
894 1451 1056 1478 acutorum
1086 1444 1201 1478 librum
1229 1445 1440 1479 commentarii
1465 1449 1615 1491 quatuor.
1666 1438 1800 1476 Exstant
1819 1441 1855 1475 in
1880 1437 1962 1476 edit]

250 1491 410 1529 charterii
429 1506 511 1530 tom.
523 1497 576 1530 ΧΙ.
592 1507 664 1543 pag.
681 1507 705 1530 1.
731 1494 794 1529 vid.
815 1496 936 1530 Fabric.
953 1496 1103 1530 biblioth.
1117 1507 1222 1542 graec.
1238 1494 1293 1530 lib.
1311 1498 1351 1530 Π.
1366 1509 1437 1544 cap.
1456 1507 1503 1538 23.
1523 1496 1553 1542 §.
1569 1506 1616 1530 22.
1634 1492 1699 1528 vol.
1718 1493 1757 1528 H.
1777 1504 1851 1541 pag.
1867 1494 1936 1536 556.

355 1564 409 1606 16)
436 1564 470 1596 in
486 1563 698 1609 Hippocratis
710 1561 747 1596 de
764 1561 884 1607 officina
899 1563 1002 1597 medici
1015 1563 1131 1597 librum
1146 1564 1359 1597 cornmentarii
1374 1568 1451 1598 tres.
1501 1560 1638 1597 Exstant
1657 1562 1693 1596 in
1709 1558 1785 1596 edit.
1800 1559 1959 1594 Charterii

250 1620 336 1647 tom.
351 1614 419 1648 X11.
433 1627 509 1662 pag.
530 1627 553 1647 1.
576 1612 640 1648 vid.
656 1614 779 1648 Fabric.
797 1612 817 1648 l.
834 1627 860 1649 c.
880 1627 929 1649 nr.
945 1617 976 1649 6.
994 1626 1067 1661 pag.
1082 1616 1155 1659 569.

358 1679 411 1726 ¹7)
437 1682 471 1714 iu
493 1682 705 1726 Hippocratis
737 1680 854 1714 librum
882 1681 918 1714 de
938 1679 1103 1725 srafi‘uris
1130 1682 1342 1715 tommentarii
1366 1688 1443 1714 tres.
1496 1678 1630 1715 Exstant
1651 1681 1686 1714 in
1707 1678 1783 1714 edit.
1799 1680 1960 1716 Chai-terii

252 1738 336 1767 tom.
351 1733 421 1768 X11.
438 1744 511 1780 pag.
531 1743 585 1775 ¹51·
610 1730 675 1766 vid.
692 1732 811 1766 Fabrie.
827 1730 974 1765 biblioth.
990 1744 1095 1779 graec,
1112 1731 1166 1766 lib.
1183 1734 1222 1765 11.
1235 1745 1306 1780 cap.
1321 1744 1366 1772 23.
1386 1731 1415 1776 §.
1432 1743 1478 1776 25.
1492 1745 1539 1767 nr.
1554 1744 1582 1774 7.
1608 1731 1673 1766 voi.
1690 1732 1729 1766 ΙΙ.
1754 1743 1831 1779 pag.
1847 1743 1912 1775 571.

350 1798 404 1842 18)
431 1800 463 1832 in
481 1799 692 1843 Hippocratis
712 1798 826 1831 librum
849 1799 885 1831 de
910 1799 1054 1833 articulis
1072 1800 1283 1834 commentarii
1304 1804 1450 1844 quatuor.
1501 1798 1634 1833 Exstant
1656 1799 1691 1833 iu
1707 1796 1783 1834 edit.
1797 1798 1961 1834 Charterfi

252 1858 339 1885 tom.
355 1851 424 1885 XH.
439 1861 514 1898 pag.
531 1855 604 1892 287.
632 1847 695 1884 vid.
710 1850 831 1883 fabric.
848 1847 923 1884 ibid.
939 1863 990 1884 nr.
1008 1857 1037 1890 8.
1058 1863 1133 1898 pag.
1149 1862 1213 1895 57¹-

356 1927 407 1961 Ex
430 1927 642 1974 Hippocratis
666 1922 841 1966 sententia,
869 1934 900 1959 et
920 1923 959 1959 ad
980 1924 1205 1960 illustrandum
1226 1926 1469 1974 Hippocratem
1492 1922 1614 1972 scripsit
1635 1924 1777 1960 Galenus
1798 1925 1898 1962 libros
1919 1925 1961 1963 de

253 1976 367 2012 diebus
381 1979 517 2018 criticis;
539 1975 580 2011 de
601 1975 751 2017 crifibus3
777 1975 816 2010 de
833 1975 1022 2011 difficultate
1039 1975 1275 2025 respirationis3
1303 1976 1343 2012 de
1357 1979 1483 2012 ratione
1498 1979 1601 2012 vietus
1618 1979 1650 2011 in
1666 1979 1767 2010 acutis
1783 1974 1961 2016 secundum
1999 2020 2002 2021 ⁷

253 2030 516 2077 Hippocratem3
542 2026 629 2075 quod
643 2029 788 2075 optimus
802 2028 947 2062 medicus
965 2027 1000 2062 fit
1016 2030 1113 2063 etiam
1128 2026 1356 2076 philosophus,
1410 2030 1458 2062 Ex
1480 2030 1690 2076 Hippocratis
1705 2039 1813 2063 mente
1828 2026 1962 2077 scriptos

252 2094 274 2116 a
294 2079 325 2115 se
340 2079 403 2116 effe
418 2092 550 2129 qnoque
572 2078 670 2114 libros
688 2081 773 2113 XIV.
795 2078 941 2114 methodi
962 2078 1128 2120 medendi,
1147 2078 1215 2129 ipse
1229 2077 1329 2115 refert
1350 2092 1422 2129 cap.
1437 2093 1467 2124 7.
1482 2079 1523 2115 de
1535 2079 1625 2115 libris
1643 2081 1797 2128 propriis.
1818 2091 1900 2117 tom.
1916 2081 1959 2117 Π.

251 2144 328 2181 pag.
345 2144 395 2176 43.
445 2132 513 2165 Has
528 2131 624 2165 libros
641 2143 756 2165 omnes
778 2128 871 2178 supra
889 2133 1044 2166 enarraui.

359 2205 490 2256 Scripfit
505 2218 670 2256 praeterea
683 2210 940 2243 commentarios
955 2211 1009 2256 qui
1025 2210 1231 2249 interierunt,
1258 2208 1290 2242 in
1311 2208 1525 2256 Hippocratis
1540 2205 1659 2242 libros:
1685 2208 1714 2253 1)
1730 2209 1765 2243 in
1781 2206 1904 2246 librum
1917 2207 1960 2245 de

254 2258 421 2295 vlceribus.
447 2257 487 2293 de
501 2259 571 2294 libr.
586 2271 700 2308 propr.
716 2272 787 2307 cap.
805 2271 836 2302 7.
885 2260 919 2302 2)
936 2262 969 2294 in
986 2259 1106 2295 librum
1121 2259 1162 2294 de
1182 2261 1293 2306 capitis
1314 2260 1510 2294 vulneribus.
1533 2256 1610 2293 ibid.

353 2335 506 2371 Indolem
529 2336 845 2370 commentariorum
869 2335 984 2371 Galeni
1006 2339 1039 2371 in
1062 2339 1271 2386 Hippocratis
1300 2335 1397 2369 libros
1418 2333 1506 2383 quod
1532 2333 1675 2378 adtinet,
1700 2333 1883 2371 notandum
1902 2333 1960 2378 est,

255 2386 347 2436 quod
366 2398 396 2423 et
420 2400 525 2436 nuper
545 2385 730 2434 doetiffime,
748 2383 896 2436 exposuit
919 2387 960 2423 ci.
978 2388 1087 2430 Preu,
1112 2387 1241 2438 guditor
1260 2399 1371 2432 meus,
1398 2389 1432 2423 in
1455 2384 1523 2423 diss'.
1538 2390 1648 2436 inaug.
1669 2385 1710 2422 de
1734 2387 1959 2435 interpretibus

955 2438 958 2439 ⁷
1774 2439 1959 2488 Hippocra-
