2049 2720
62 108 364 144 v0¹.rx.v-v:;rrz⁷
695 104 758 143 DE
784 103 940 154 Qrissvs
967 102 1134 142 svmrisss
1386 100 1460 138 Lib.
1476 98 1657 149 V.jc.XL-
1710 108 1775 142 479

159 206 264 240 manis
278 199 452 251 aliquande
469 198 516 237 firi
530 201 758 246 laborantibus,
782 198 938 238 effecisse,
963 210 997 234 vt
1014 211 1098 235 atrae
1111 199 1223 240 nubes,
1247 196 1349 234 subito
1367 196 1509 236 coac‘iae,
1532 196 1697 242 ingentem
1715 195 1774 228 im·

158 256 250 290 brem
273 267 350 289 cum
373 254 488 288 crebris
506 253 674 287 tonitribus
695 264 725 288 et
749 250 930 298 fulguribus
945 249 1169 293 effunderent,
1202 249 1299 299 idque
1314 247 1464 297 sapientia
1479 245 1618 294 quadam
1634 240 1772 278 effeciffe

157 306 327 342 lulianum.
353 304 417 340 Alii
432 317 510 339 vero
519 304 715 348 Arnupliim,
730 305 934 350 Aegyptium
950 300 1196 350 philosophum,
1212 303 1276 336 hoc
1290 297 1482 335 miraculum
1493 294 1622 332 edidiffe
1632 292 1770 330 tradunt.

57 359 117 405 Ut]
145 357 305 397 Iulianus,
332 357 458 390 Domni
473 357 506 389 F.
526 353 733 390 Caesariensis
751 352 950 403 Cappadox,
971 351 1128 401 sophista,
1150 352 1288 402 aequalis
1305 351 1464 390 Callinici,
1487 346 1654 396 sophistae.
1697 347 1770 380 Fuit

159 406 214 443 sub
231 406 467 448 Constantino,
490 408 568 455 imp.

59 459 218 498 Iulianus,
248 456 500 492 Halicarnasseus
513 485 522 499 ,
549 459 658 492 Seueri
672 455 816 491 haeresin
839 468 998 491 renouare
1012 455 1133 497 voluit,
1160 468 1301 502 eumque
1318 456 1350 488 in
1365 455 1467 489 finem
1481 452 1669 491 Marinum,
1693 448 1772 482 Car->

159 513 213 551 ris,
237 510 348 553 Syriae
366 509 459 547 vrbe,
485 508 663 544 oriundum
680 510 744 544 iam
757 507 884 544 miserat
905 510 939 541 in
955 508 1144 549 Orientem,
1172 517 1204 541 vt
1223 505 1345 553 dogma
1360 503 1439 539 illud
1455 503 1683 541 confirmaret,
1710 495 1770 534 nist

157 560 268 610 paullo
288 559 362 609 post
383 557 505 595 obiiffet
523 569 582 595 etc.

59 613 219 654 Iulianus,
254 608 514 660 ὅποιξειβοὶτης
537 608 595 658 >wi
619 606 824 654 οἰποςοίτης,
858 607 1002 646 desertor
1023 607 1066 644 et*
1080 607 1242 659 apostata,
1281 609 1510 643 Romanorum
1532 608 1612 652 imp.
1643 603 1769 650 genitus

161 677 200 699 ex
222 662 406 703 Dalmatio,
434 662 637 697 Constantini
662 664 779 709 Magni
803 659 918 703 fratre,
944 671 975 696 et
995 660 1097 697 Galla.
1149 658 1278 708 Scripsit
1301 659 1440 700 librum,
1467 659 1522 705 qui
1543 663 1675 689 vocatur
1692 654 1772 687 Cae-

159 711 262 759 sares,
285 715 506 748 continentem
529 725 644 747 omnes
669 713 706 746 ab
730 712 877 760 Augusto
899 715 1124 761 imperatores,
1183 711 1292 746 Alium
1319 710 1395 759 ’περὶ
1417 710 1483 746 τῶν
1507 707 1603 756 τξιῶν
1629 700 1772 753 σχημά-

157 780 243 806 των,
269 765 306 798 de
325 765 428 798 tribus
440 763 587 810 figuris,
615 775 645 799 et
668 762 809 812 qu‘mc,
838 765 1033 799 Saturnalia.
1091 762 1184 798 Idem
1205 762 1446 809 Illisopogonem
1466 758 1532 793 siue
1553 757 1767 791 Antiochium.

156 819 202 852 'Et
222 813 330 854 πὲθεν
353 813 468 856 κακοὶ,
506 812 605 853 κατοὶ
628 810 839 854 σι’ποιιὸεύτες
860 816 941 850 vnde
968 816 1051 850 mala
1072 814 1333 861 prqficifiuntur,
1370 819 1480 846 contra
1501 809 1699 845 ineruditos:
1731 804 1773 838 ad

161 881 295 907 canem,
320 866 544 909 Heraclitum,
582 867 737 913 quomodo
757 868 856 913 cynice
877 869 1046 901 uiuendum
1057 868 1124 915 stt:
1163 865 1308 911 epistolas
1329 865 1437 899 omnis
1459 862 1606 910 generis,
1645 868 1675 893 et
1696 855 1766 891 alia,

160 920 215 954 De
235 918 471 966 Empedotimo
494 917 608 953 locum
631 931 648 952 e
670 917 782 952 Iuliani
802 920 942 967 Κρονίοις
962 916 1066 952 adfert
1086 919 1184 952 etiam
1207 915 1317 951 Suidas
1338 917 1372 949 in
1393 908 1649 962 Ἐμπεὸἇτιμσς.
1689 909 1770 942 01'2·

161 971 289 1010 culum,
309 968 436 1003 Iuliano
453 967 582 1011 datum,
605 967 766 1005 diuersum
785 982 801 1003 a
815 968 959 1013 duobus,
998 981 1079 1018 quae
1095 966 1205 1002 Suidas
1218 970 1346 1012 recitat,
1385 965 1503 1014 legitur
1519 962 1559 1000 ad
1581 959 1772 997 cedrenum

156 1033 229 1068 pag.
256 1031 323 1065 253·
373 1045 382 1049 -

56 1068 240 1112 Iustiniani,
267 1072 490 1113 Rhinotmeti‚
521 1065 732 1107 successorem
749 1069 944 1113 leontium,
970 1073 1102 1106 orientis
1119 1069 1237 1106 ducem
1250 1097 1259 1112 ‚
1298 1067 1447 1109 Paullus,
1468 1065 1654 1103 monasterii
1674 1060 1770 1098 Calli-

159 1122 246 1157 strati
270 1125 468 1164 monachus,
510 1122 737 1162 astronomuS,
767 1135 798 1157 et
824 1125 1001 1172 Gregorius
1027 1120 1223 1170 Cappadox,
1250 1119 1436 1156 monasterii
1459 1118 1548 1154 flori
1572 1114 1768 1166 praefectus,

159 1175 300 1222 imperio
322 1176 506 1222 potiturum
532 1172 594 1209 effe
612 1173 858 1221 praedixerunt,
901 1187 969 1223 quo
993 1176 1091 1209 etiam
1114 1171 1224 1221 postea
1252 1173 1374 1220 potitus
1403 1169 1458 1206 est.
1503 1166 1648 1214 (Confer
1673 1167 1769 1201 Nice-

157 1226 254 1273 phori
288 1225 482 1260 breuiarium
511 1224 700 1260 historicum
727 1238 801 1273 pag¹
818 1228 886 1270 25.)

57 1274 213 1317 Iustinus,
242 1273 454 1324 philosophus
477 1285 508 1310 et
531 1276 640 1311 habitu
659 1274 935 1325 philosophorum
955 1286 1065 1318 vtens,
1099 1288 1138 1310 ex
1161 1272 1374 1322 Neapolitana
1399 1269 1572 1308 Palaestina
1592 1269 1772 1319 prouincia,

159 1324 252 1364 Prisci
274 1325 377 1373 filius,
403 1328 529 1362 Bacchii
551 1339 666 1375 nepos.
728 1328 792 1361 Hic
815 1341 876 1377 pro
901 1327 1069 1362 christiana
1095 1326 1255 1373 religione
1278 1325 1418 1360 multum
1440 1323 1617 1362 laborauit,
1650 1332 1681 1356 et
1704 1322 1773 1355 An·

160 1381 280 1414 tonino
308 1380 365 1413 Pio
398 1376 560 1427 ipsiusque
591 1378 664 1412 filiis
693 1388 725 1413 et
754 1391 895 1414 romano
923 1377 1043 1414 senatui
1071 1378 1191 1414 librum
1219 1383 1330 1411 contra
1354 1376 1509 1411 Ethnicos
1540 1372 1676 1411 obtulit,
1712 1382 1770 1417 op-

158 1430 328 1479 probrium
350 1432 450 1464 crucis
473 1442 543 1464 non
567 1428 763 1464 erubescens.
815 1429 943 1478 Scripsit
966 1441 996 1464 et
1017 1429 1115 1464 alium
1136 1428 1275 1470 librum,
1303 1441 1401 1475 quem
1426 1427 1583 1461 Antonini
1606 1419 1771 1469 (Pin-suc-

161 1479 332 1517 cefforibus
352 1480 488 1522 obtulit,
514 1482 567 1515 M.
592 1483 762 1515 Antonino
788 1492 818 1516 et
840 1483 876 1515 L.
894 1480 1028 1516 Aurelio
1050 1479 1255 1515 Commodo.
1308 1478 1362 1513 Est
1378 1489 1408 1513 et
1423 1477 1500 1512 alius
1516 1479 1581 1510 eius
1598 1473 1678 1509 liber
1693 1485 1772 1507 con-

160 1541 210 1566 tra
231 1532 395 1572 ethnicos,
422 1534 456 1566 in
479 1544 545 1580 quo
566 1533 602 1565 de
624 1539 742 1566 natura
762 1533 944 1567 daemonnm
970 1530 1105 1571 disserit,
1133 1541 1163 1565 et
1187 1540 1317 1578 quartus
1343 1528 1454 1564 itidem
1479 1538 1592 1562 contra
1610 1524 1774 1563 ethnicos,

161 1595 261 1631 quem
281 1580 436 1630 inscripsit
459 1583 621 1618 elenchum.
674 1585 715 1617 Et
738 1582 817 1618 alius
838 1584 876 1618 de
899 1584 968 1617 Dei
989 1583 1188 1616 Monam-hia.
1251 1582 1334 1615 Item
1357 1579 1456 1620 alius,
1498 1591 1596 1627 quem
1619 1577 1773 1611 nominat

160 1634 322 1680 Psaltcra.
374 1635 413 1668 Et
434 1633 513 1668 alius
535 1635 573 1669 dc
595 1635 707 1669 anima.
760 1635 845 1670 Item
867 1634 1018 1681 dialogus
1040 1643 1152 1668 contra
1178 1631 1334 1671 Iudaeos,
1368 1643 1466 1680 quem
1486 1636 1596 1664 contra
1627 1625 1771 1673 Trypho-

160 1697 245 1726 ncm,
274 1683 468 1720 ludaeorum
481 1683 696 1733 Ephesiorum
712 1688 911 1733 principem,
932 1683 1128 1733 conscripsit.
1180 1685 1366 1731 Qnetiam
1389 1687 1495 1716 contra
1514 1681 1707 1715 Marcionem
1725 1679 1770 1711 in·

158 1735 260 1783 {ignia
279 1734 392 1784 scripta
412 1735 520 1774 edidit.
573 1739 656 1771 Item
679 1736 778 1771 alium
800 1737 921 1772 librum
945 1744 1056 1771 eontra
1068 1735 1176 1783 seo‘i'as
1199 1747 1320 1776 omnes,
1346 1736 1434 1768 cuius
1459 1732 1609 1767 meminit
1632 1732 1666 1764 in
1680 1727 1771 1773 Apo-

161 1788 312 1832 logetico,
340 1800 438 1834 quem
459 1786 576 1822 obtulit
598 1789 768 1822 Antonino
785 1790 852 1823 Pio.
904 1789 970 1822 Hic
991 1801 1066 1822 cum
1083 1788 1209 1821 Romae
1230 1794 1511 1824 commoraretur,
1549 1778 1769 1819 Crescentem,

162 1839 316 1881 cynicum
343 1835 489 1877 fatuum,
535 1841 589 1885 qui
612 1847 724 1872 contra
747 1837 946 1873 Christianos
969 1836 1136 1872 maledieta
1162 1834 1398 1884 profundebat,
1434 1831 1539 1882 ipsum
1565 1843 1682 1866 vocans
1703 1828 1771 1863 hel-

162 1887 298 1924 luonem
316 1898 347 1923 et
359 1887 535 1937 prodigum
553 1899 583 1922 et
599 1891 868 1935 intemperantem
894 1899 925 1923 et
945 1891 1060 1924 mortis
1081 1897 1300 1928 metuentem,
1338 1897 1462 1933 magno
1485 1883 1612 1932 pudore
1642 1879 1772 1916 adfecit.

159 1938 314 1973 Tandem
333 1941 428 1974 huius
448 1939 737 1974 machinationibus
765 1950 796 1975 et
820 1937 940 1975 insidiis
967 1937 1092 1975 saelum
1124 1936 1187 1980 est,
1231 1949 1264 1973 vt
1293 1947 1461 1985 tamquam
1490 1933 1677 1970 christianus
1705 1943 1768 1980 pro

157 1988 308 2031 Chrisso,
335 1989 491 2038 supplicio
516 1988 715 2024 adficeretur.

55 2041 114 2091 [ff]
139 2040 274 2078 Iustinus
288 2044 316 2086 ‘J
327 2071 336 2087 ‚
360 2043 588 2076 Romanorum
607 2043 784 2088 imperator
801 2036 1091 2092 ἑξθοδοξέτατσς,
1121 2038 1173 2078 sed
1190 2041 1342 2077 omnium
1355 2037 1721 2086 litterarumbimperitus
1738 2044 1768 2069 et

159 2092 250 2142 quod
272 2092 371 2142 vulgo
395 2091 512 2128 dicitur
535 2088 812 2141 ἀναλφάβητος.
1655 2139 1671 2173 1
1696 2136 1720 2173 ss

1673 2151 1693 2172 u
1724 2149 1770 2179 us,

99 2253 125 2285 c)
147 2251 217 2280 Non
232 2247 267 2277 de
282 2247 459 2281 Iustiniano,
481 2245 527 2276 sed
549 2246 585 2276 de
599 2246 712 2288 Iustino
734 2244 889 2287 (S'eniore)
933 2245 1011 2288 ‘copia'
1021 2242 1122 2278 histor.
1140 2256 1234 2278 arran.
1251 2254 1312 2287 cap.
1327 2244 1377 2275 VI.
1399 2254 1462 2286 pag.
1483 2252 1526 2280 19.
1550 2240 1598 2273 sed
1613 2242 1700 2272 etiam
1709 2237 1768 2270 Κιῖ-

57 2293 130 2324 haec
147 2295 176 2322 in
192 2290 295 2320 Suidae
311 2289 395 2319 codd.
412 2291 556 2319 Vaticanis
574 2290 661 2325 tradi,
675 2293 788 2320 notauit
803 2293 889 2320 etiam
933 2292 1021 2320 sterus
1042 2292 1074 2319 in
1095 2297 1163 2320 uota
1186 2289 1271 2327 longa
1293 2287 1329 2318 ad
1351 2288 1468 2317 Suidam
1491 2295 1555 2327 pag.
1571 2291 1629 2318 128.
1653 2282 1713 2313 vol.
1730 2284 1768 2311 11.

57 2335 100 2366 H.
115 2335 210 2364 Naris
225 2333 285 2362 diff·
302 2332 337 2362 de
359 2332 476 2366 Synodo
494 2334 528 2362 V.
553 2344 575 2362 c.
593 2342 620 2363 2.
645 2343 708 2373 pag.
728 2344 769 2363 ie.
794 2333 890 2363 Fabr.
933 2335 984 2375 qui
1001 2333 1385 2373 euamimegrumi’rocopii
1398 2329 1495 2361 locum
1509 2328 1663 2369 adscripsit.
1673 2324 1768 2357 Harl·

57 2377 140 2408 idem
151 2387 210 2407 non
225 2375 318 2407 solum
329 2377 444 2407 notauit
464 2374 532 2407 Nic.
549 2375 738 2406 Alamannus
759 2375 795 2406 ad
807 2376 890 2407 Pre-
