2013 2725
134 89 192 122 452
246 75 317 110 Lib.
335 72 380 109 V.
401 83 424 109 ι’.
444 70 523 108 XL.
756 66 897 105 INDEX
922 67 1221 106 SCRIPTORVM
1539 70 1659 118 QIX.
1675 80 1701 105 ρ.
1712 72 1852 106 69111'692

134 167 360 213 Dioscorides,
385 161 632 208 Anazarbenfis‚
658 161 821 205 medicus,
845 173 1073 211 cognomento
1095 163 1234 211 φακοῖς,
1262 163 1305 199 ob
1321 162 1443 204 lenies,
1468 176 1544 212 quas
1561 163 1689 201 infacie
1707 167 1852 202 habebat.

238 222 326 254 Vixit
348 217 432 266 apud
457 215 669 263 Cleopatram
694 217 829 250 Antonii
857 225 1024 265 tempore,
1050 214 1235 264 scripsitque
1258 216 1360 252 libros
1389 217 1509 250 XXIV.
1531 228 1647 251 omnes
1671 217 1712 252 de
1727 231 1761 253 re
1783 231 1852 253 me.

236 270 326 312 dica,
356 280 476 316 eosque
507 267 748 301 celeberrimos.

136 323 344 367 Dioscorius‚
366 321 536 364 Myraeus‚
563 320 817 366 grammaticus,
845 315 1027 365 praefectus
1052 318 1121 354 vrbi
1143 327 1176 354 et
1204 320 1396 367 praetorio,
1421 322 1476 368 qui
1499 319 1634 361 Leonis⁷
1661 321 1741 367 imp.
1770 318 1853 354 filias

236 374 383 418 Byzantii
406 370 528 405 docuit.
558 367 642 404 infra
663 367 854 418 Θυοὶτωξοι.

136 428 334 474 Dioxippus,
360 419 570 462 Athenienfis‚
584 424 739 456 comicus.
792 424 867 456 Eius
880 418 1026 456 fabulae:
1054 419 1382 472 οἰντιποςνοβοσκός,
1409 418 1643 472 φιλάξγυςος,
1670 418 1856 472 ἕςοξιογξοὶ-

239 485 323 522 φας,
350 469 622 521 διαδικαζόμεναι-

138 528 315 577 Διφθέςα.
343 529 397 563 Εἷς
419 522 590 575 διφθέρας
613 528 646 560 in
667 523 808 574 pellibus
832 522 948 572 scripta
967 522 1101 560 confilia
1123 521 1179 559 sua
1203 525 1404 560 Thoracion
1425 537 1502 560 cum
1523 524 1668 560 hossibus
1693 527 1726 561 in
1756 526 1856 560 Laeo-

241 581 294 614 nia
317 579 593 613 communicabat.

140 628 434 681 Dipnosophistae‚
459 629 541 665 liber
564 627 660 664 valde
680 628 783 668 vtilis,
817 630 907 663 cuius
940 628 1127 663 Athenaeus
1154 628 1271 664 audior
1297 625 1352 664 esi.
1405 625 1569 677 Ulpianus
1596 640 1677 664 vnus
1706 621 1860 677 dipnos0·

241 682 420 731 phistarum
449 690 509 717 etc.
563 682 683 727 Supra⁷
709 677 927 719 κατέκειτσς.

140 730 522 781 Dithyrambodidascali.
575 735 621 768 Hi
637 731 678 767 de
691 733 801 774 rebus,
829 733 959 781 quaein
975 727 1104 766 sublimi
1124 732 1207 766 siunt
1222 740 1253 765 et
1274 729 1433 774 nubibus,
1458 730 1562 766 multa
1576 730 1683 767 dicere
1703 730 1860 773 solebant,

242 787 441 834 vocibusque
451 783 640 832 compositis
654 784 834 823 vtebantur.,
849 783 990 818 dicentes
1006 783 1148 832 exempli
1164 780 1254 817 causa
1271 778 1658 832 ἔνδικεξιοινεξινηχέτες.
1685 783 1778 818 Talis
1795 793 1862 817 erat

243 841 318 879 Ion,
335 839 450 875 Chius,
466 846 574 883 poeta,
589 838 642 882 qui
659 830 779 882 poema
793 833 880 876 fecit,
898 836 986 868 cuius
1007 836 1136 868 initium
1154 833 1215 868 est:
1243 832 1330 870 οἰοῖον
1349 832 1551 882 ἡεροφοίταν
1568 834 1679 883 α’ςέξσι
1695 836 1782 881 μῆνα
1802 835 1861 882 μέν

241 899 299 923 etc.
316 892 366 929 ²¹²¹)
398 886 481 921 vnde
505 885 755 933 AristoplianeS‚
786 887 914 927 iocans,
945 886 1132 918 matutinam
1139 884 1265 928 stellam
1287 897 1363 918 eum
1386 895 1539 919 vocaturn
1563 883 1657 919 fuiffe
1677 889 1728 919 ait.
1790 886 1864 919 Fuit

238 949 347 973 autem
372 936 465 972 valde
489 936 642 976 celebris7
678 936 731 981 [If]
755 933 939 985 scripsitque
953 935 1161 977 comoedias‚
1186 944 1218 970 et
1244 937 1481 984 epigrammata
1514 945 1545 971 et
1576 934 1684 972 soluto
1711 934 1863 972 sermone

239 986 496 1041 πρεσβευτικὸν.
544 987 654 1023 Exstat
677 989 776 1022 etiam
796 989 950 1028 Socratis,
970 984 1173 1036 philosophi,
1195 989 1226 1021 in
1246 999 1322 1022 eum
1338 984 1453 1034 Λέγος.
1517 988 1738 1024 Callimachus
1763 991 1863 1024 etiam

244 1046 277 1078 in
311 1041 521 1077 Clioriambis
551 1042 617 1074 eius
654 1041 828 1080 meminit,
868 1041 993 1088 aitque,
1024 1038 1134 1073 ‘multa
1157 1036 1319 1088 scripsisse.
1381 1039 1617 1087 Ditlzyrambzcs
1643 1052 1722 1074 vero
1746 1040 1863 1075 dicitur

246 1104 276 1130 et
290 1095 452 1134 Bacchus,
481 1090 585 1141 (quod
602 1104 657 1139 per
676 1092 768 1126 binos
791 1090 877 1140 quali
909 1090 996 1126 fores
1027 1093 1059 1125 in
1086 1089 1194 1125 lucem
1219 1090 1378 1140 prodierit
1399 1101 1467 1126 tum
1488 1094 1568 1126 vteri
1586 1094 1712 1130 matris,
1753 1093 1863 1125 Seme-

246 1146 314 1185 les,
341 1158 410 1180 tnm
435 1146 521 1180 louis
545 1142 729 1189 femorum)
755 1153 786 1178 et
810 1145 954 1187 hymnus
979 1145 1011 1176 in
1034 1143 1209 1178 Bacchum.
1260 1144 1412 1192 Denique
1436 1140 1674 1193 Διθυράμβων
1694 1145 1748 1182 viv
1771 1143 1864 1193 ἔχεις

249 1196 428 1235 ἐλάττονα
457 1195 573 1230 dicitur
593 1194 634 1230 de
648 1196 840 1230 hominibus
861 1194 985 1230 stolidis
1001 1204 1031 1229 et
1052 1193 1307 1229 inconsideratis.

146 1247 337 1299 Δέγμοιτα.
366 1250 474 1289 Plato,
502 1261 584 1296 quae
601 1259 673 1281 vera
690 1244 750 1282 effe
768 1250 923 1295 percipit,
950 1248 1110 1285 enunciat,
1138 1244 1216 1280 salsa
1233 1248 1400 1294 coarguit,
1435 1246 1474 1282 de
1503 1249 1630 1282 incertis
1655 1244 1783 1282 suslinet
1809 1244 1863 1281 ad·

248 1300 388 1336 sensum.
440 1302 546 1348 Atque
566 1298 606 1334 de
630 1300 699 1340 his,
728 1312 809 1346 quae
830 1312 903 1333 vera
925 1297 983 1347 ipsi
1002 1297 1167 1343 videntur,
1193 1307 1333 1346 quatuor
1355 1296 1505 1346 personas
1535 1299 1705 1348 loquentes
1728 1298 1863 1340 inducit,

247 1355 415 1388 Socratem
447 1353 648 1391 Timaeum,
681 1360 711 1384 et
734 1348 895 1398 hospitem
921 1347 1150 1385 Atheniensem
1175 1360 1271 1398 atque
1302 1350 1467 1386 Eleatem:
1495 1353 1549 1399 qui
1577 1364 1646 1385 non
1679 1348 1750 1386 sunt
1773 1351 1864 1386 Plato

248 1402 316 1451 ipse
331 1415 361 1438 et
379 1402 602 1447 Parmenides,
634 1400 686 1436 sed
704 1401 787 1437 duae
802 1403 896 1437 fitstae
912 1400 1067 1450 personae
1083 1411 1143 1437 etc.
1174 1399 1449 1450 Philosophorum
1472 1403 1526 1437 alii
1557 1402 1722 1438 mundum
1752 1412 1866 1437 ortum

248 1453 410 1498 habuisse,
438 1454 491 1488 alii
516 1465 589 1489 ortu
613 1451 744 1488 caruisse
760 1453 878 1488 dicunt.
912 1456 994 1489 Item
1012 1454 1064 1488 alii
1081 1455 1282 1491 animatum,
1310 1453 1365 1488 alii
1382 1467 1459 1489 vero
1476 1456 1692 1489 inanimatum
1709 1467 1784 1489 eum
1809 1453 1866 1489 sta-

249 1518 352 1542 tuunt.
407 1509 619 1554 Anaxagoras
642 1518 719 1540 vero
743 1515 773 1540 et
790 1507 1011 1553 Pythagora,
1042 1508 1073 1539 in
1096 1508 1289 1553 Aegyptum
1316 1503 1473 1553 profeffl,
1510 1516 1541 1541 et
1565 1509 1806 1554 Aegyptiorum
1834 1515 1866 1540 et

248 1560 480 1594 Hebraeorum
505 1557 549 1592 vfi
574 1554 827 1599 consuetudine,
861 1570 970 1592 rerum
997 1558 1222 1604 cognitionem
1253 1556 1291 1591 ab
1321 1556 1384 1592 illis
1413 1555 1593 1592 hauserunt.
1646 1557 1756 1592 Postea
1786 1570 1863 1592 vero

249 1620 282 1645 et
304 1610 411 1650 Plato⁷
438 1619 472 1643 vt
491 1609 679 1643 Plutarchus
703 1611 735 1642 in
758 1608 921 1656 parallelis
943 1606 1050 1643 refert.
1102 1609 1189 1655 Qin
1212 1609 1309 1642 etiam
1331 1610 1485 1656 Aegyptii
1509 1610 1609 1656 primi
1635 1605 1740 1644 solem
1762 1619 1793 1644 et
1817 1607 1866 1643 lu·

250 1674 327 1696 nam
352 1663 438 1696 Deos
462 1670 639 1698 vocarunt,
667 1658 787 1694 Ofirim
813 1669 843 1693 et
864 1658 1001 1700 Isidem,
1030 1656 1151 1697 Θεέςε
1173 1658 1246 1697 θεῖν
1272 1671 1397 1693 currere
1417 1669 1476 1694 etc.

148 1728 359 1763 Domitianus
383 1730 546 1768 Neruam,
578 1738 609 1761 vt
624 1729 763 1774 imperio
781 1725 1002 1766 insidiantem,
1024 1729 1150 1761 amouit
1166 1736 1196 1761 et
1212 1726 1447 1774 Apollonium,
1469 1727 1668 1770 Tyaneum,
1694 1736 1726 1762 vt
1739 1728 1867 1762 Neruae

249 1782 412 1820 amicum,
437 1776 713 1826 comprehensum
731 1778 886 1817 totondit,
913 1788 943 1812 et
968 1780 1112 1813 vinctum
1132 1781 1164 1812 in
1186 1777 1341 1812 iudicium
1364 1777 1506 1812 adduxit.
1559 1780 1673 1826 Qum
1695 1791 1773 1813 vero
1799 1778 1868 1825 phi-

248 1828 407 1879 losophus
430 1830 475 1864 illi
499 1842 567 1864 non
584 1828 730 1874 cederet,
753 1828 902 1864 deridens
918 1833 982 1865 eius
996 1831 1078 1869 adia,
1109 1827 1302 1863 verecundia
1319 1839 1507 1864 commotus
1521 1842 1596 1864 eum
1612 1828 1741 1865 dimisit.
1766 1831 1868 1865 Tunc

252 1881 290 1916 ad
314 1895 390 1917 eum
413 1881 628 1928 Apollonius:
655 1893 849 1927 nequaquam
866 1894 911 1916 me
933 1881 1068 1919 occidim-
1098 1880 1225 1915 necdum
1245 1880 1407 1925 enimfato
1423 1888 1572 1916 nmturus
1578 1882 1673 1928 sum,
1703 1880 1725 1921 ἐ
1740 1883 1799 1930 μέν
1822 1898 1866 1929 με

247 1937 406 1973 κτενέεις,
433 1929 507 1970 ἐπεὶ
533 1929 607 1971 ἔται
630 1929 791 1982 μόρσιμές
814 1931 888 1981 εἰμι.
949 1935 1056 1981 Atque
1082 1945 1100 1967 e
1126 1931 1261 1979 vestigio
1294 1929 1400 1981 ipsum
1426 1931 1588 1968 euanuisse
1619 1931 1739 1969 serunt.
1800 1935 1866 1969 Hic

249 1994 280 2019 et
297 1982 511 2033 philosophos
528 1994 557 2019 et
574 1987 825 2020 mathamaticos
849 1987 959 2019 Roma
979 1984 1111 2032 expulit.
1165 1985 1230 2019 Sub
1257 1985 1321 2018 hoc
1344 1994 1375 2019 et
1398 1986 1554 2025 Ioannes,
1588 1984 1803 2033 euangelista.
1831 1988 1864 2020 in

250 2038 402 2071 Patmum
426 2037 593 2083 relegatus.
649 2035 739 2071 Idem
763 2040 881 2078 etiam,
910 2038 1057 2071 Dauidici
1072 2037 1200 2083 generis
1215 2037 1386 2076 homines⁷
1414 2033 1478 2075 τές
1501 2033 1576 2075 οἰπδ
1600 2038 1646 2076 ‘ris'
1674 2038 1773 2081 ‹yf'vgc
1792 2041 1864 2075 Ax.

248 2083 311 2129 βῖὃ
331 2087 466 2122 interfici
489 2086 587 2126 instit,
616 2088 775 2137 multique
794 2087 849 2123 sub
874 2101 914 2124 eo
931 2088 1105 2124 Christiani
1126 2098 1287 2132 martyres
1307 2085 1384 2124 faeti
1415 2086 1498 2124 sunt.
1551 2087 1613 2124 Sed
1642 2091 1748 2125 Nerva
1773 2090 1864 2124 Ioan-

249 2152 347 2182 nem,
377 2139 589 2188 theologum,
620 2137 735 2176 exfilio
764 2141 923 2176 liberauit.

1661 2192 1863 2235 Domninus‚

190 2310 246 2349 nn)
268 2310 321 2340 Sed
338 2309 444 2351 It'hfsier
464 2321 498 2339 ex
518 2309 666 2340 scholiaste
688 2311 832 2352 Aristoph.
859 2312 1005 2350 cori-igere
1026 2311 1108 2342 iubet
1125 2309 1210 2352 οέςέρκ
1226 2309 1355 2348 μείναμεν
1370 2318 1421 2342 etc.
1437 2309 1623 2342 matutinam
1637 2314 1666 2341 et
1680 2310 1865 2352 aeriuagam

293 2354 411 2395 stellam
433 2352 673 2394 exspectauimus
695 2359 747 2386 etc.
778 2354 871 2385 Harl.

1994 740 2013 773 D<
