2013 2725
232 181 299 224 568
351 171 713 211 Lib.1V.c.XX1J1.
763 170 888 207 DIOG.
913 169 1101 206 LAERTII
1135 171 1274 207 CODD.
1307 171 1446 208 MSSTI

342 272 379 303 In
399 267 473 304 cod.
495 267 535 301 V
532 273 618 301 meto
633 267 674 302 D.
689 266 816 308 Marci,
842 264 936 301 codd.
952 266 1230 300 CCCLXXXXII.
1245 266 1385 300 chartac.
1403 262 1482 300 saec.
1496 265 1584 302 XIV.
1603 275 1634 301 et
1651 268 1944 306 CCCLXXXXIV,

236 322 460 357 membranae.
482 317 558 354 saeC.
576 320 660 352 XIV.
688 317 728 352 de
749 320 817 352 vitis
840 331 877 352 ac
897 318 1042 352 moribus
1060 315 1178 365 philos.
1207 316 1313 361 (catal.
1330 329 1402 364 pag.
1418 318 1504 361 194.)
1530 336 1580 344 —
1607 317 1678 352 cod.
1696 320 1828 354 DXVII.
1845 322 1944 355 chart.

235 376 272 408 in
290 380 319 412 8.
345 370 423 406 saec.
443 372 528 405 XIV.
562 371 661 417 Diog.
678 371 794 404 Laertii
817 372 880 403 vita
902 370 1058 403 Socratis:
1084 368 1192 413 (catal.
1214 381 1285 416 pag.
1304 375 1378 410 278.
1407 386 1452 395 --
1482 370 1527 412 (et
1556 371 1638 403 vitae
1668 370 1747 416 phil.
1774 383 1944 414 anonymo
1992 405 1996 407 .

237 426 431 472 interprete.
458 420 566 468 (catal.
585 419 680 454 codd.
702 421 791 455 latin.
815 434 847 469 p.
865 423 929 455 116.
951 419 1024 454 cod.
1041 421 1214 454 CCXLVI.
1231 421 1348 463 chart.)
1374 439 1426 445 —
1453 419 1585 454 Patauii
1609 423 1642 455 in
1667 421 1741 456 bibl.
1758 424 1789 456 S.
1806 423 1949 463 Ioannis,

237 476 355 510 Laertii
377 477 459 509 vitae
481 482 540 507 etc.
562 469 735 520 inscriptae
758 470 808 507 CI.
825 473 949 506 Cosmo
966 470 1006 506 de
1022 470 1160 505 Medicis
1179 485 1196 504 a
1217 469 1362 519 quodam
1384 469 1569 506 Ambrosio.
1623 472 1736 506 Latina
1755 471 1857 507 verfio
1885 470 1948 507 esse
1998 483 2007 493 ‘

236 525 380 560 videtur:
403 545 454 551 —
480 525 605 558 Laertii
625 525 708 558 vitae
729 532 788 557 etc.
841 525 960 558 Pariter
981 523 1080 558 latine
1101 520 1208 557 versae
1230 521 1387 556 videntur.
1440 522 1598 556 Distindte
1619 522 1750 570 quidem
1775 537 1844 559 non
1868 521 1949 558 indi-

235 587 326 612 catur
346 579 379 611 in
402 576 579 624 Tliomaſsni
595 574 669 610 bibl.
689 575 845 609 Patauinis
860 576 983 614 msstis,
1009 575 1135 619 (vilui,
1162 576 1252 619 1639.
1267 575 1313 617 4.)
1337 585 1411 622 pag.
1428 582 1463 614 18
1480 585 1510 608 et
1525 583 1577 608 20.
1599 584 1631 608 at
1653 587 1726 622 pag.
1742 586 1796 617 40.
1822 576 1948 622 Dioge-

237 641 293 664 nes
315 627 355 663 de
375 627 544 662 virtutibus
562 628 746 673 principum
766 637 795 660 et
811 624 926 674 philos.
942 629 1165 673 antiquorum.
1219 627 1351 672 Incipit:
1378 625 1533 670 Quoniam
1555 626 1758 672 mifiricordia
1778 632 1808 660 et
1828 628 1949 661 veritas

238 680 418 724 custodiunt
441 690 563 724 regem:
587 679 692 719 Finit,
710 689 896 722 permanere
916 689 974 723 ego
996 680 1074 712 vita.
1103 696 1147 703 —
1175 677 1315 722 Neapoli
1339 678 1372 710 in
1393 676 1473 711 bibl.
1493 678 1523 710 S.
1541 679 1669 711 Ioannis
1691 676 1731 712 de
1747 677 1949 712 Carbonaria

236 730 460 779 Augullinian.
479 731 580 776 Diog.
601 731 702 769 vitae,
727 727 801 763 cod.
814 742 922 763 recens
942 730 1169 773 bombycinus.
1198 728 1396 773 (splontfam.
1413 730 1446 762 in
1462 727 1541 762 dias.
1557 728 1620 762 ital.
1639 741 1712 777 pag.
1727 730 1809 772 310.)
1860 730 1950 763 Prae.

236 784 377 818 mittitur
396 780 494 816 index
515 783 660 829 capitum
682 793 782 816 manu
799 779 972 815 Theodori
989 782 1113 821 Gazae.
1138 781 1227 814 cuius
1244 781 1298 814 hic
1313 789 1379 814 erat
1395 778 1509 814 codex.
1532 799 1580 806 —-
1606 780 1714 827 Fesicli
1730 782 1829 827 Diog.
1845 781 1947 824 Laert.

238 833 357 876 latine,
387 835 562 879 interprete
583 829 757 866 Ambrosio
773 830 960 865 Camaldul.
987 831 1184 877 (Montfauc.
1208 830 1233 865 l.
1251 844 1280 865 c.
1305 842 1380 878 pag.
1396 831 1481 876 393.)
1507 849 1557 857 —
1583 830 1722 878 Neapoli
1741 833 1775 866 in
1799 830 1947 867 biblioth.

235 887 345 932 regia:
371 883 444 918 cod.
464 883 621 925 bombyc.
642 879 721 916 saec.
740 883 826 917 XIV.
852 883 953 930 Diog.
969 884 1073 916 Laert.
1091 883 1174 917 vitae
1191 879 1308 929 philos.

343 950 482 984 Taurini
504 952 536 983 in
559 948 632 983 bibl.
658 950 746 996 regia
768 950 850 983 inter
872 947 969 982 codd.
992 949 1127 987 latinos.
1159 946 1255 983 codd.
1272 947 1462 981 CCCCXX.
1486 947 1626 982 membr.
1649 947 1853 982 CCCCLXI.
1885 948 1950 982 Ex-

237 1011 346 1049 cerpta
369 1014 406 1036 ex
425 1002 562 1047 antiquis
582 997 810 1046 scriptoribus,
835 996 1022 1045 praesertim
1039 1011 1079 1033 ex
1098 1000 1250 1045 Diogene
1267 1000 1412 1033 Laertio:
1439 998 1549 1043 (catal.
1569 1010 1643 1045 pag.
1661 1011 1722 1034 100
1740 1008 1772 1034 et
1785 999 1873 1044 107.)
1899 1017 1949 1029 —v

236 1053 311 1089 eod.
326 1054 504 1088 DCXXIV.
527 1051 707 1085 membran.
724 1048 803 1086 sace.
818 1052 890 1084 XV.
910 1049 1012 1086 versio
1029 1049 1128 1085 latina
1143 1048 1303 1098 Ambr‘fii
1316 1049 1467 1085 Camald.
1488 1049 1620 1085 ordinis.

340 1119 525 1155 Florentiae
545 1120 580 1152 in
601 1116 678 1153 bibl.
695 1119 790 1152 Laur.
806 1115 928 1152 Medic.
945 1120 1009 1152 vita
1023 1115 1183 1159 Platonis,
1210 1119 1244 1151 in
1258 1114 1332 1152 cod.
1348 1117 1372 1154 I,
1385 1116 1466 1165 plut.
1483 1129 1532 1162 59.
1559 1117 1717 1161 (Btmdin.
1735 1115 1826 1152 catal.
1842 1127 1890 1165 gr.
1907 1115 1949 1151 11.
1986 1099 1990 1102 ῃ

237 1171 302 1208 col.
321 1172 405 1215 485.)
432 1179 462 1205 et
477 1167 551 1204 cod.
571 1170 624 1203 IX.
643 1169 725 1216 plut.
741 1175 789 1211 85.
811 1167 903 1212 (ibid.
921 1170 974 1203 III.
992 1169 1056 1204 col.
1071 1171 1157 1213 258.)
1183 1188 1234 1195 —
1260 1171 1344 1202 vitae
1359 1178 1390 1202 et
1405 1165 1579 1203 sententiae
1593 1165 1707 1216 philos.
1727 1169 1759 1202 in
1776 1166 1848 1202 eod.
1865 1168 1949 1202 xm.

235 1224 318 1272 plut.
334 1228 386 1267 69.
412 1223 465 1270 qui
486 1219 560 1254 cod.
583 1221 722 1256 membr.
740 1233 770 1263 4.
786 1218 867 1255 saec.
884 1221 953 1254 XII.
972 1219 1108 1267 dignus,
1134 1222 1189 1268 qui
1207 1217 1412 1261 conferatur,
1438 1217 1586 1254 censetur
1601 1233 1620 1253 a
1641 1220 1784 1255 Bandin.
1801 1219 1893 1254 catal.
1909 1220 1949 1254 11.
1989 1230 1996 1235 ·

236 1271 300 1311 cbl.
314 1277 381 1320 635.
404 1293 454 1299 -—
483 1275 516 1306 in
536 1270 609 1307 cod.
628 1272 773 1305 XXVIII.
794 1272 933 1306 chartac.
957 1268 1037 1306 saec.
1053 1273 1139 1306 XIV.
1161 1271 1243 1319 plut.
1258 1269 1420 1312 eiusdem,
1447 1271 1538 1315 (ibid.
1553 1270 1615 1305 col.
1632 1271 1722 1315 645.)
1747 1291 1800 1298 -
1823 1273 1857 1305 in
1875 1267 1949 1308 cod.

237 1330 377 1374 optimo,
403 1323 581 1358 collatione
595 1322 717 1370 digno,
744 1323 926 1357 membran.
945 1323 1076 1358 XXXV.
1096 1321 1175 1357 sace.
1194 1323 1262 1356 XII.
1283 1321 1361 1370 plut.
1377 1325 1432 1367 69.
1459 1321 1548 1365 (ibid.
1566 1322 1630 1358 col.
1646 1324 1738 1367 649.)
1764 1341 1814 1348 —
1841 1321 1951 1356 Citan-

238 1388 292 1413 tur
316 1378 389 1411 loca
412 1379 444 1409 in
469 1373 608 1421 florileg.
634 1372 861 1408 sententiarum
874 1401 885 1416 ‚
910 1376 992 1408 etin
1012 1373 1153 1409 violario
1173 1371 1322 1422 compos.
1343 1385 1413 1418 549.
1441 1386 1501 1407 nec
1521 1386 1590 1408 non
1609 1376 1640 1408 in
1657 1374 1719 1408 alia
1734 1369 1868 1407 sentent.
1884 1371 1951 1408 col*-

237 1428 376 1465 lectione
397 1424 476 1469 (vid.
493 1426 690 1459 Bandinium
707 1424 728 1459 I.
746 1438 773 1458 c.
796 1427 818 1459 1.
835 1437 908 1472 pag.
927 1437 980 1469 253
994 1435 1025 1460 et
1039 1437 1109 1471 549.
1133 1437 1170 1459 ae
1188 1426 1243 1460 III.
1263 1425 1346 1469 325.)

340 1494 461 1529 Oxonii
480 1495 514 1527 in
536 1491 612 1527 bibl.
634 1489 794 1527 vniuerfit.
817 1490 921 1527 versio
940 1491 1040 1527 latina
1057 1490 1240 1532 Ambrosii,
1267 1489 1332 1528 vid.
1353 1489 1446 1525 catal.
1461 1491 1569 1527 MSSt.
1589 1489 1738 1526 biblioth.
1759 1488 1899 1537 Angliae
1918 1499 1950 1527 et

237 1549 375 1583 Hibern.
400 1554 480 1591 part.
498 1545 536 1579 II.
562 1556 636 1592 pag.
657 1557 687 1585 4.
714 1553 745 1578 et
766 1555 841 1592 pag.
858 1555 912 1586 40.
939 1543 1015 1578 ibid.
1042 1546 1075 1578 in
1099 1543 1174 1578 bibl.
1198 1539 1417 1577 Lincolniens.
1453 1562 1501 1569 -
1536 1543 1574 1577 In
1598 1542 1746 1577 biblioth.
1771 1542 1949 1578 Bodleiano

235 1598 309 1634 cod.
329 1597 472 1632 LXXVI.
498 1595 603 1638 (catal.
626 1597 648 1628 I.
674 1607 745 1642 pag.
762 1607 794 1639 9.
811 1594 885 1638 fin.)
919 1593 1119 1643 Epimenidis
1147 1597 1210 1630 vita
1239 1607 1296 1643 per
1320 1595 1418 1642 Diog.
1434 1594 1611 1629 Laertium.
1641 1613 1693 1620 —
1727 1591 1799 1628 cod.
1816 1591 1948 1629 CXVlt.

236 1651 402 1698 Excerpta
428 1661 469 1683 ex
489 1646 608 1688 Suida‚
636 1647 785 1693 Diogene
802 1656 834 1681 et
849 1645 1018 1687 Diodoro,
1051 1645 1094 1681 ad
1116 1647 1248 1681 Cretam
1276 1644 1458 1693 spectantia.
1484 1666 1536 1672 —
1565 1646 1793 1692 Cantabrigiac
1814 1647 1846 1680 in
1871 1639 1949 1689 bitti,
1972 1648 1973 1651 ’

237 1702 369 1748 collegii
385 1701 416 1733 S.
431 1699 614 1739 Trinitatis,
629 1696 701 1732 cod.
719 1698 937 1732 CCCCXLII.
962 1699 1064 1746 Diog.
1081 1696 1121 1732 de
1139 1700 1208 1732 vitis
1225 1695 1414 1745 philosoph.
1437 1697 1545 1740 (catal.
1557 1698 1580 1731 1.
1599 1707 1681 1745 part.
1696 1698 1750 1732 III.
1767 1710 1797 1744 p.
1814 1699 1886 1743 99.)
1901 1715 1950 1725 —-
1995 1712 1999 1715 ¹

235 1753 275 1787 In
291 1762 371 1787 tom.
388 1751 427 1785 ΙΙ,
443 1748 533 1784 catal.
548 1752 630 1783 inter
644 1748 697 1783 lib.
715 1746 752 1783 Is.
771 1747 894 1789 Voffii.
920 1748 993 1786 cod.
1010 1750 1194 1784 MMDLX.
1215 1748 1255 1782 de
1272 1750 1341 1781 vitis
1356 1745 1474 1796 philos.
1493 1769 1540 1774 —
1565 1747 1638 1783 cod.
1653 1745 1950 1782 MMDCCxxx'F.
2009 1758 2013 1770 ‘

235 1804 339 1851 Diog.
359 1799 541 1836 casauboni
564 1801 615 1834 Fr.
633 1801 715 1834 Iunii
737 1800 798 1835 FF.
821 1812 924 1834 manu
944 1800 1091 1836 collatus.
1119 1819 1171 1826 --
1196 1801 1230 1834 in
1252 1799 1397 1836 biblioth.
1417 1798 1634 1846 Nmfolkiana
1654 1798 1766 1846 (catal.
1787 1811 1862 1848 pag.
1881 1802 1951 1846 84.)

236 1855 312 1890 cod.
329 1852 739 1888 MMMCCCCXXXVH.
766 1852 869 1897 Diog.
886 1853 1042 1887 Laertius,

2006 1819 2013 1886 l

339 1914 457 1948 Leidae
478 1915 511 1946 in
533 1910 608 1945 bibl.
630 1910 715 1958 publ.
734 1911 834 1958 Diog.
849 1912 954 1946 Laert.
974 1924 1021 1958 gr.
1047 1909 1160 1955 (catal.
1175 1922 1251 1958 pag.
1265 1921 1329 1954 335.
1346 1922 1395 1945 nr.
1409 1909 1485 1954 40.)
1510 1928 1561 1935 —-
1587 1911 1672 1945 inter
1689 1909 1791 1945 libros
1808 1908 1948 1948 Voffian.
2006 1924 2007 1944 ι

236 1967 338 2014 Diog.
354 1966 473 2000 Laertii
497 1962 656 2011 quaedam
676 1961 776 1996 latine
795 1959 903 2001 versa,
930 1962 1038 2006 (catal.
1057 1975 1134 2010 pag.
1148 1969 1219 2006 388.
1235 1975 1284 1996 nr.
1300 1961 1368 2009 57.)

339 2031 471 2076 Parisiis
494 2033 527 2064 in
548 2030 621 2064 bibl.
646 2027 814 2078 quondam
842 2031 948 2075 regia.
987 2026 1163 2064 secundum
1189 2028 1285 2064 catal.
1310 2028 1376 2063 vol.
1393 2029 1434 2063 II.
1459 2029 1493 2062 in
1512 2025 1806 2064 cod.MCCCCV.
1833 2041 1949 2078 pron&

236 2087 343 2119 mium
363 2093 392 2117 et
411 2084 478 2116 XV.
494 2084 575 2115 vitae
593 2083 715 2128 priores
731 2093 808 2115 cum
824 2082 918 2116 initio
933 2082 1094 2117 XVImae.
1109 2083 1205 2114 —in
1221 2079 1572 2116 cod.MCCCCXViI.
1586 2089 1734 2128 excerpta
1749 2093 1788 2114 ex
1797 2081 1949 2129 Diogene

236 2134 276 2171 de
297 2137 358 2170 vita
379 2132 533 2169 Platonis.
559 2151 611 2159 --
636 2135 671 2167 in
692 2131 764 2168 cod.
780 2133 1022 2168 MDCCLVIII
1037 2142 1067 2167 et
1082 2133 1299 2167 MDCCLIX.
1328 2132 1473 2179 Diogen.
1492 2129 1534 2165 de
1548 2132 1620 2166 vitis
1638 2127 1757 2180 philos
1773 2131 1845 2167 libri
1861 2133 1900 2168 X.
1936 2153 1939 2158 -
1960 2150 1963 2151 ⁷

337 2202 375 2235 In
397 2198 545 2235 biblioth.
563 2200 726 2248 Bemmfi,
754 2198 846 2244 (teste
870 2200 1005 2234 Sinnero
1029 2200 1065 2234 in
1087 2198 1180 2233 catal.
1199 2196 1295 2233 codd.
1322 2197 1395 2232 bibl.
1418 2196 1523 2238 illius,
1551 2211 1624 2246 pag.
1640 2201 1727 2244 369.)
1752 2197 1828 2235 cod.
1850 2196 1948 2256 chart}
2002 2218 2003 2222 ¹

235 2251 314 2289 saec.
330 2254 416 2287 XVI.
443 2252 542 2298 Diog.
558 2251 675 2284 Laertii
697 2249 737 2284 de
759 2253 823 2285 vita
844 2260 874 2285 et
895 2250 1040 2285 moribus
1062 2247 1247 2299 philosoph.
1263 2248 1429 2297 epilogus.,
1455 2245 1478 2282 s.
1496 2250 1714 2293 abbreuiatio.
1740 2249 1847 2287 latine.

337 2314 372 2345 In
395 2310 470 2347 bibl.
492 2312 580 2357 regia
597 2310 797 2352 Matritensi,
820 2313 853 2344 in
875 2308 949 2343 cod.
969 2310 1084 2344 XXIV.
1112 2312 1348 2358 epigrammata
1369 2310 1468 2355 Diog.
1487 2310 1601 2344 Laertii
1620 2308 1701 2354 (vid.
1720 2311 1840 2346 Iriarti
1857 2308 1948 2357 catal.

236 2376 311 2413 pag.
329 2374 372 2408 99
389 2360 472 2410 sqq.)
499 2360 570 2394 cod.
588 2361 701 2397 LVIII.
720 2358 780 2396 fol.
799 2367 846 2402 83.
873 2359 914 2395 de
939 2372 1108 2409 epagoge,
1140 2360 1299 2410 particula
1322 2361 1421 2406 Diog.
1449 2372 1488 2394 ex
1518 2363 1581 2396 vita
1608 2360 1761 2397 Platonis,
1792 2361 1876 2406 (libr.
1892 2360 1946 2395 III.

238 2414 337 2463 segm—
348 2425 389 2464 ,53
402 2433 446 2438 -
460 2415 518 2458 55-)

1786 2442 1946 2511 Sequitug
1998 2484 1999 2495 t

2006 1966 2008 1999 l
