2013 2725
147 67 212 106 668
263 62 336 100 Lib.
349 58 396 97 V.
418 70 442 96 c.
461 56 540 95 XL.
724 52 827 89 ALIA
853 50 1012 87 LEXICA
1026 50 1393 88 -GRAECOLATINA

151 157 330 210 posteriore
355 153 428 190 sunt
449 148 632 189 emendata.
683 147 718 193 ο)
744 147 856 188 Prior,
883 157 964 194 quae
983 147 1059 180 anni
1079 154 1194 181 notam
1218 141 1398 193 expreffam
1425 143 1540 186 habet,
1566 143 1703 192 praestat
1724 158 1761 181 re
1781 141 1860 193 ipsa,

151 222 254 261 quum
277 211 305 244 ei
328 205 545 256 sphalmatum
567 211 743 248 operarum
767 198 920 247 pauciora
944 196 1055 239 iuiint,
1104 196 1249 233 editione
1283 195 1470 243 posteriore.
1534 198 1566 241 3)
1599 197 1759 232 Posterior
1783 211 1862 231 con-

152 273 199 297 tra
223 274 278 301 ea,
304 257 327 294 fi
349 270 417 293 non
437 253 619 293 venustate,
645 251 721 285 artis
744 259 853 285 tamen
878 250 1136 297 typographicae
1158 258 1190 283 et
1215 249 1470 296 orthographiae
1485 248 1601 282 maiori
1619 246 1741 286 fludio,
1767 260 1864 296 atque
2009 253 2010 256 ,

149 311 302 349 historiae
325 311 417 345 huius
439 306 549 341 Lexici
572 302 750 344 literariae,
774 314 857 351 quos
883 301 1026 347 aperuit,
1057 298 1201 336 fontibus
1224 301 1367 335 omnino
1394 297 1623 334 commendari
1647 298 1785 333 videtur.
1814 317 1866 326 —-

149 362 248 401 Addo
272 363 351 405 Epi
356 371 433 406 gra
436 358 541 403 plzen
568 353 723 400 Thesauri
746 353 948 399 Stephanium
967 352 1030 387 Gr.
1059 365 1134 387 cum
1157 349 1210 387 sua
1235 353 1388 386 varietate
1418 357 1583 397 utramque
1608 352 1789 397 integram,
1832 351 1867 383 in

148 427 255 450 noua
274 410 427 447 Biblioth.
460 408 524 443 Gr.
544 407 751 441 Fam-iciunae
778 404 922 440 editione
954 403 1202 451 Harlesiana
1229 401 1270 438 ad
1299 415 1374 451 pag.
1389 415 1444 449 79.
1476 403 1553 437 Vol.
1574 402 1612 437 X.
1640 399 1865 446 adferendam,

152 478 253 516 quum
275 475 337 498 vna
362 471 460 508 atque
483 458 582 495 altera
604 471 623 493 a
643 458 791 492 Fabricio
814 453 930 492 omiffa
949 453 996 494 fit.

200 540 492 578 ΘΗΣΛΤΡΟΣ
523 538 634 574 ΤΗΣ
663 539 870 572 ΕΛΛΗΝΙ
883 536 988 571 ΚΗΣ
1014 534 1293 572 ΓΛΩΣΣΗΣ,
1340 530 1671 565 THESAVRVS
1706 529 1775 564 GR
1788 529 1867 563 ΑΕ-

248 593 313 627 CA
323 591 351 625 E
378 591 403 624 L
415 592 424 623 l
436 589 464 623 N
475 589 504 622 G
513 590 542 622 V
552 589 579 622 A
588 587 615 621 E
624 613 635 627 ‚
670 586 726 622 Ab
750 585 891 623 Henrico
914 585 1072 630 Stephano
1094 583 1301 631 neustriam.
1362 612 1365 615 .
1386 583 1440 616 IN
1475 583 1543 629 QV
1554 584 1585 617 O
1619 582 1678 615 PR
1687 584 1713 615 Λ
1722 581 1792 615 ET
1802 581 1827 614 E
1836 582 1867 614 R

248 644 278 677 A
289 644 314 677 L
325 643 374 677 {A
402 640 601 675 PLVRlM
612 640 638 673 A
665 650 747 687 quae
770 641 892 686 primus
913 635 1067 685 praessitit
1091 638 1264 684 (pateruae
1286 638 1319 669 in
1341 630 1515 668 Thesauro
1538 635 1655 668 Latino
1680 631 1868 680 diligentiae

247 692 411 737 aemulus)
435 690 593 726 vocabula
616 693 649 724 in
673 699 773 724 certas
795 687 904 724 classes
925 687 1101 727 distribuit,
1136 686 1312 734 multiplici
1330 685 1556 722 deriuatorum
1584 682 1664 722 serie
1685 681 1726 719 ad
1755 684 1869 733 primi-

250 746 348 794 genia
357 770 368 788 ‚
393 753 550 793 tanquam
570 740 612 777 ad
625 740 760 780 radices,
781 740 866 776 vnde
881 739 1064 789 pullulant,
1091 747 1253 774 reuocata.

701 825 1033 861 THESAVRVS
1072 823 1326 858 LECTORI.

520 900 620 937 Nunc
646 899 700 936 alii
725 899 883 950 intrepide
910 900 1042 948 vestigia
1075 897 1184 935 nostra
1216 896 1391 948 sequantur

633 961 695 997 Me
720 959 804 996 duce
826 960 924 1010 plana
949 964 1001 996 via
1027 959 1073 996 est
1098 973 1180 1010 quae
1206 956 1363 995 salebrosa
1387 955 1462 995 fuit.

353 1041 509 1092 (Infignia
532 1036 651 1075 Oliuae
670 1038 843 1086 Stephani,
873 1050 950 1073 cum
973 1038 1053 1073 Noli
1078 1037 1195 1073 Altum
1208 1037 1342 1085 fhpcre;
1370 1034 1438 1071 fine
1460 1031 1709 1085 subscriptione)

247 1125 347 1160 Anno
370 1122 422 1156 M.
436 1121 477 1155 D.
492 1116 628 1158 LXXII,
653 1112 830 1151 excudebat
850 1115 957 1150 Henr.
979 1116 1172 1164 Stephanus.
1228 1115 1342 1149 CVM
1381 1114 1692 1150 PRIVlLEGIO
1724 1112 1868 1150 CAES.

245 1168 613 1213 MAIESTATIS,
639 1167 710 1203 ET
737 1167 1132 1202 CHRISTIANISS.
1164 1166 1488 1202 GALLIARVM
1514 1166 1679 1204 REGIS.

844 1252 947 1287 altera
974 1252 1181 1301 Epigraphe:

251 1328 497 1366 ΘΗΣΛΥΡΟΣ
523 1340 574 1349 -—
600 1319 873 1356 THESAVRVS
893 1321 1113 1360 LECTORI,
1139 1317 1179 1353 de
1200 1331 1236 1354 ea
1258 1330 1358 1367 quam
1382 1315 1461 1352 fecit
1476 1315 1611 1367 quidam
1625 1319 1695 1368 eius
1711 1319 1867 1367 epitome,
1898 1335 1904 1341 ·

524 1399 663 1444 Quidam
688 1397 871 1441 ἔπι-τέμνων
896 1409 960 1438 mc,
997 1397 1108 1444 capulo
1132 1403 1226 1431 tenus
1249 1393 1372 1429 abdidit
1397 1393 1519 1441 ensem:

607 1458 738 1505 AEgcr
763 1470 847 1493 eram
874 1456 894 1492 ci
906 1458 1073 1505 scapulis,
1103 1457 1207 1504 fimus
1232 1462 1266 1490 at
1294 1456 1354 1490 huc
1379 1456 1481 1493 redeo.

323 1537 376 1573 De
395 1547 523 1584 magno
544 1532 634 1584 quod
659 1532 748 1570 idem
775 1528 1014 1583 compendium
1043 1531 1149 1568 adfert
1170 1529 1342 1580 dispendio
1366 1533 1474 1579 agitur
1495 1532 1530 1566 in
1552 1542 1589 1565 ea
1608 1542 1692 1580 quae

764 1588 917 1634 proxime
937 1584 1080 1634 sequitur
1104 1583 1250 1633 epistola.

379 1659 537 1710 (Infignia
561 1660 677 1697 Oliuae
700 1662 857 1710 Stephani
886 1673 962 1696 cum
987 1661 1070 1696 Noli
1091 1660 1208 1696 Altum
1229 1660 1343 1704 Sapere
1353 1670 1377 1721 '⁶2
1391 1653 1624 1707 subscriptione

659 1747 816 1783 HENR.
854 1745 1132 1782 STEPHANI
1170 1746 1347 1781 oleA.

286 1822 405 1861 CVM
434 1823 748 1862 PRIVILEGIO
781 1824 926 1860 CAES.
1119 1840 1171 1849 —-
1207 1819 1530 1857 GALLIARVM
1560 1819 1731 1856 REGIS.

1294 1889 1463 1925 Hactenus
1486 1887 1614 1923 Krolm.
1665 1884 1765 1923 Harl.

589 2017 710 2054 ALIA
737 2017 932 2053 LEXICA
966 2014 1414 2053 GRAECOLATINA.

246 2094 392 2130 Lexicon
415 2092 684 2129 Graecolatinum
710 2093 807 2129 Petri
830 2093 949 2142 Gyllii,
975 2106 1051 2130 cum
1070 2093 1167 2129 variis
1188 2089 1420 2127 acceffionibus
1434 2089 1600 2133 aliorum,
1626 2099 1658 2127 et
1676 2093 1764 2127 notis
1779 2105 1798 2127 a
1813 2092 1866 2127 Io.

147 2144 326 2192 Hartungo
344 2145 459 2181 additis
475 2143 626 2181 recusum
648 2145 692 2180 est
708 2143 802 2180 Bafil.
815 2158 899 2191 1577.
919 2144 979 2184 fol.
997 2159 1037 2181 ex
1053 2146 1185 2182 officina
1203 2145 1527 2185 Henrico-Pen·ina;
1553 2141 1604 2178 sed
1623 2145 1749 2192 optima
1771 2153 1802 2178 et
1816 2142 1866 2177 lo·

144 2196 359 2244 cupletiffima
383 2197 483 2232 exstat
503 2196 604 2233 editio
622 2200 699 2232 anni
725 2205 811 2242 1584.
835 2195 895 2233 fol.
918 2199 950 2232 in
976 2211 1038 2245 qua
1059 2197 1153 2232 datur
1177 2194 1241 2230 frui
1265 2198 1402 2230 inndhm
1428 2196 1574 2230 exhibitis
1605 2193 1780 2230 obseruatis
1802 2195 1867 2229 Pe.

144 2249 190 2280 iri
214 2247 338 2293 aquei,
366 2249 452 2284 Guili
482 2248 625 2290 Radani,
652 2250 759 2284 Incobi
791 2249 930 2296 Tusani,
956 2250 1053 2285 Conr.
1077 2249 1231 2290 Gemera',
1266 2247 1374 2283 Hadr.
1401 2249 1509 2288 Iunii,
1544 2247 1626 2282 Rob.
1657 2245 1867 2291 Constantini,

147 2299 199 2333 10.
214 2299 404 2348 Harttmgi,
431 2300 538 2336 Marci
551 2303 722 2349 -Ηορρενί,
752 2300 841 2339 ᾶιιῑΙ,
861 2302 1026 2352 λῇίαηανὲ
1046 2303 1278 2350 editorumque
1300 2302 1367 2338 lac.
1391 2299 1521 2336 cellarii
1541 2307 1572 2334 et
1592 2297 1721 2335 Nicolai
1741 2299 1864 2333 Hoeni.

1775 2362 1861 2398 geru.
