2013 2725
180 100 240 140 523
290 90 361 127 Lib.
373 87 420 126 V.
435 99 459 125 e.
474 86 557 122 XL.
765 80 902 119 INDEX
928 79 1227 118 SCRIPTORVM
1566 82 1627 110 voi.
1641 84 1689 113 ix.
1710 92 1737 119 p.
1752 88 1888 121 787P788

286 190 352 223 iam
373 186 463 220 annis
479 177 772 217 CCCCLXXXHI.
824 174 1023 225 Conscripfit
1039 176 1136 213 libros
1152 177 1245 212 istos:
1270 174 1345 224 περὶ
1360 177 1532 226 παλμῶν,
1559 178 1594 212 de
1604 180 1868 225 palpitationibus
1879 193 1892 221 ,·

287 241 374 287 μέλη
399 236 555 271 carmina,·
584 229 763 282 χρησμές,
794 230 934 271 oracula.
988 229 1112 266 Eadem
1133 232 1229 265 etiam
1253 232 1360 278 prima
1382 232 1573 278 triquetrum
1595 242 1696 278 genus
1716 233 1810 277 lyrae
1832 231 1893 269 fer.

287 300 340 324 tur
367 281 529 322 iuueniffe.
886 313 891 315 .

190 340 335 386 Sibylla,
358 335 501 377 Helill'a,
534 331 654 382 scripsit
668 331 808 369 versibus
828 335 974 368 vaticinia
991 342 1022 368 et
1040 332 1184 368 oracula.

184 393 310 438 Sibylla
332 388 565 437 Colophonia‚
591 398 674 434 quae
696 396 810 421 vocata
834 383 895 421 fuit
920 386 1095 432 Lamfsufi„
1122 400 1140 420 a
1163 382 1339 419 Calchante
1364 381 1515 419 oriunda.
1569 379 1639 431 Ipsa
1669 397 1801 434 quoque
1824 382 1896 420 scri-

311 442 344 477 sit
366 442 513 475 vaticinia
534 447 565 472 et
584 436 713 472 oracula
736 435 893 478 versibus,
922 447 952 471 et
973 437 1042 472 alia.

186 494 310 533 Sibvlla
337 489 511 533 Thessala,
538 488 623 524 dic'la
652 491 749 523 etiam
773 490 906 529 Imaum,
934 501 1015 535 quac
1035 502 1052 522 a
1070 485 1198 521 Tiresia
1223 498 1324 533 genus
1345 485 1446 521 duxit.

184 534 312 591 sib'ylla
334 545 494 590 Phrygia,
519 555 537 576 a
558 539 749 590 quibusdam
774 550 888 575 vocata
912 540 1041 582 Sar-bis,
1065 540 1104 573 ab
1125 539 1193 572 aliis
1221 537 1418 585 Caffiindra,
1444 537 1482 572 ab
1503 535 1572 571 aliis
1601 536 1835 580 Taraxandm,
1861 547 1894 573 et

288 593 356 646 ipsa
375 593 495 643 scripsit
517 591 658 627 oracula.

185 647 313 693 Sibylla
336 649 485 682 Cumana
507 654 537 679 et
558 643 681 687 Sibylla
705 640 933 692 Thesprotica.
988 643 1030 678 Et
1049 644 1109 677 hae
1133 640 1264 676 oracula
1286 637 1488 689 scripserunt.

184 699 311 747 Sibylla
338 697 523 737 Chaldaea,
571 695 636 730 siue
664 694 813 729 Hebraea
845 704 898 729 aut
929 692 1069 735 Perfice,
1116 696 1252 741 proprio
1284 696 1421 726 nomine
1449 692 1628 733 Sambethe,
1673 705 1692 726 a
1714 689 1893 727 beatiffimo

288 752 363 790 Noe'
386 747 492 797 genus>
509 745 640 782 ducens.
692 748 785 781 Haec
805 744 964 795 praedixit
990 758 1044 784 ea,
1069 757 1151 793 quae
1175 743 1362 778 Alexandro
1387 742 1565 778 Macedoni
1589 741 1760 791 contigiss‘e
1780 742 1894 778 dicun-

283 811 352 843 tur,
379 802 469 835 cuius
493 800 644 833 meminit
667 799 827 838 Nicanor,
854 799 909 844 qui
934 799 1032 831 vitam
1053 794 1229 830 Alexandri
1250 792 1382 841 scripsit.
1435 794 1559 829 Eadem
1575 794 1615 829 de
1634 795 1782 829 Domino
1800 796 1896 830 Chri-

283 853 334 888 sso
358 854 490 898 eiusque
514 848 673 890 aduentu,
698 850 850 882 Numinis
867 846 1035 887 instinctu,
1057 846 1199 893 plurima
1217 846 1382 892 praedixit.
1437 848 1524 879 Cum
1541 848 1602 879 hac
1623 856 1654 880 et
1679 846 1819 894 reliquae
1841 847 1894 880 Si-

285 901 398 947 byllae
421 897 644 941 consentiunt,
669 897 730 933 nifi
755 907 786 932 vt
812 900 906 932 huius
929 895 991 932 sint
1016 898 1130 931 XXIV.
1153 896 1244 936 libri,
1279 895 1319 931 de
1340 898 1451 944 quauis
1472 906 1568 943 gente
1588 906 1617 930 et
1646 899 1782 943 regione
1805 910 1895 944 prae-

284 953 445 989 dietiones
465 953 676 988 continentes.
729 948 828 996 Qod
850 958 959 984 autem
985 946 1092 983 versus
1115 949 1180 982 eius
1198 945 1381 995 imperfetsti
1406 957 1436 982 et
1451 946 1549 981 luxati
1568 949 1790 988 inueniantur,
1824 961 1894 983 non

284 1005 328 1041 est
343 1002 438 1054 ipsius
454 1005 532 1038 vatis
546 1002 659 1050 culpa,
683 998 736 1035 sed
760 999 954 1042 scribarum,
982 1001 1037 1047 qui
1066 999 1117 1034 vel
1147 1001 1305 1033 orationis
1335 999 1532 1033 celeritatem
1560 996 1730 1034 scribendo
1761 996 1893 1047 adsequi

284 1070 356 1093 non
379 1064 572 1105 potuerunt,
599 1052 649 1088 vel
674 1054 771 1087 etiam
796 1051 924 1086 indocti
942 1062 973 1086 et
992 1053 1218 1099 grammatices
1240 1052 1382 1098 imperiti
1404 1047 1546 1085 fuerunt.
1574 1052 1660 1085 Cum
1676 1049 1784 1085 afflatu
1803 1053 1894 1087 enim

287 1118 473 1148 eteorum,
498 1117 580 1154 quae
602 1103 689 1140 dieta
709 1114 815 1143 erant,
846 1104 1010 1138 memoria
1043 1101 1139 1137 simul
1169 1101 1339 1137 desinebat.
1390 1103 1431 1135 Et
1452 1103 1532 1136 haec
1563 1099 1667 1136 caussa
1699 1101 1761 1144 est,
1795 1116 1894 1151 quare

285 1169 319 1196 et
343 1157 449 1195 versus
475 1154 657 1206 imperfeeli
679 1157 897 1204 reperiantur,
923 1164 953 1189 et
968 1152 1123 1188 sententia
1146 1153 1347 1194 claudicans,
1381 1151 1447 1188 siue
1469 1151 1699 1200 sapientissimo
1721 1155 1783 1188 Dei
1815 1167 1894 1189 con.

284 1210 357 1246 filio
379 1212 444 1245 hoc
462 1206 587 1244 saelum
615 1205 732 1249 fuerit,
757 1220 797 1241 ue
814 1221 832 1241 a
848 1206 958 1251 multis
976 1208 1077 1254 iisque
1097 1205 1239 1253 indignis
1262 1203 1394 1240 oracula
1413 1208 1479 1239 eius
1502 1201 1794 1252 cognoscerentur3
1828 1205 1895 1241 fiue

285 1260 429 1309 longum
451 1271 599 1309 tempus,
625 1260 668 1293 vti
694 1258 879 1293 multorum
903 1258 1066 1303 aliorum,
1092 1259 1133 1291 ita
1156 1259 1254 1291 etiam
1279 1258 1373 1291 huius
1395 1259 1438 1291 rei
1464 1255 1567 1291 caussa
1593 1254 1700 1291 fuerit.
1755 1259 1894 1292 Praeter·

285 1326 322 1348 ea
348 1323 378 1347 et
398 1309 571 1349 obscuritas
597 1322 733 1351 eorum,
773 1322 854 1358 quae
875 1323 892 1343 a
917 1308 1040 1353 Sibylla
1066 1307 1270 1349 dicebantur,
1309 1317 1342 1343 et
1364 1308 1473 1343 crebra
1493 1307 1656 1344 librorum
1682 1311 1749 1344 eius
1778 1306 1893 1345 descri-

284 1366 376 1411 ptio,
400 1363 485 1399 nihil
500 1365 623 1398 mirum
640 1362 701 1399 est,
726 1359 752 1394 st
770 1370 801 1395 et
819 1358 924 1395 sensus
941 1371 972 1395 et
988 1362 1082 1394 metri
1099 1357 1326 1394 confusionem
1343 1362 1536 1407 pepererint.

179 1417 239 1466 st]
260 1412 402 1460 Sibyllae
423 1413 555 1450 diuersis
583 1423 614 1448 et
641 1413 722 1448 locis
746 1422 777 1446 et
801 1412 1001 1459 temporibus
1024 1409 1156 1446 fuerunt
1171 1410 1296 1446 decem.
1323 1413 1447 1451 Prima,
1468 1409 1652 1450 Chaldaea,
1679 1423 1761 1459 quae
1771 1420 1806 1447 ,et
1820 1412 1894 1447 Per-

281 1466 362 1507 sica,
387 1468 523 1515 proprio
546 1466 684 1500 nomine
711 1464 872 1499 Sambethe
901 1462 997 1498 dieta.
1052 1461 1218 1500 Secunda,
1251 1462 1384 1507 Libyca.
1437 1463 1572 1504 Tertia,
1604 1461 1782 1510 Delphicafl
1814 1463 1891 1499 Del.

281 1519 356 1568 phis
379 1528 463 1557 nata.
516 1519 656 1564 Qum,
682 1515 809 1555 Italica,
837 1517 965 1563 quaein
980 1512 1089 1550 Italiae
1105 1513 1195 1554 vrbe,
1230 1515 1413 1549 Cimmeria
1438 1515 1527 1555 (nata
1541 1513 1611 1558 esi.)
1638 1516 1779 1561 Qinta,
1810 1516 1892 1559 Ery-

284 1571 414 1609 thraea,
441 1580 521 1615 quae
542 1578 616 1602 ante
636 1565 758 1601 bellum
780 1566 971 1600 Troianum
994 1567 1163 1599 vaticinata
1184 1563 1254 1600 fuit.
1307 1568 1418 1604 Sexta,
1445 1568 1571 1611 Samia,
1598 1569 1733 1614 proprio
1755 1569 1891 1602 nomine

279 1620 390 1665 Phyto
413 1618 517 1657 dicta,
546 1617 587 1652 de
615 1631 678 1665 qua
708 1614 828 1664 scripsit
859 1614 1098 1650 Eratosthenes.
1150 1617 1311 1664 Septima,
1344 1618 1512 1657 Cumana,
1546 1629 1627 1663 quae
1655 1626 1686 1651 et
1711 1616 1891 1663 Amalthea,

278 1679 313 1706 ‚et
329 1669 512 1715 Hicroplzile
529 1667 611 1704 ditsta
626 1666 697 1703 suit.
752 1669 894 1708 Oc‘laua,
922 1662 1167 1715 Hellespontia,
1195 1678 1269 1701 nata
1289 1670 1321 1701 in
1337 1670 1428 1706 vico,
1453 1665 1645 1709 Mariniffo‚
1671 1681 1775 1716 prope
1798 1673 1890 1717 oppi-

282 1721 418 1761 dulum,
440 1722 668 1767 Gergithium,
694 1721 798 1767 (quae
812 1718 887 1756 loca
903 1717 986 1752 oliui
1003 1718 1117 1752 finibus
1133 1720 1275 1766 regionis
1290 1719 1458 1754 Troianae
1479 1716 1715 1767 comprehensa
1735 1718 1891 1766 fuerunt.)

282 1772 487 1820 temporibus
509 1771 641 1806 Solonis
666 1780 697 1804 et
721 1772 812 1815 Cyri.
871 1770 990 1811 Nona,
1027 1770 1180 1816 Phrygia.
1215 1771 1374 1807 Decima,
1407 1769 1576 1812 Tiburtia,
1607 1770 1771 1806 Albunaea
1794 1771 1891 1808 dista.

284 1825 384 1858 Aiunt
414 1831 541 1864 autem,
579 1820 759 1866 Sibyllam,
788 1822 992 1859 Cumanam,
1023 1833 1146 1855 nouem
1172 1820 1383 1855 oraculorum
1404 1816 1538 1856 suorum
1562 1819 1661 1856 libros
1684 1820 1828 1858 adtulisse
1851 1823 1890 1859 ad

283 1875 507 1922 Tarquinium
531 1870 694 1911 Priscum,
732 1881 808 1906 tunc
829 1873 1061 1906 Romanorum
1085 1884 1216 1919 regem:
1246 1884 1329 1920 quos
1353 1885 1428 1906 cum
1451 1871 1506 1907 ille
1526 1870 1736 1920 repudiasset,
1766 1872 1832 1911 duo
1851 1888 1891 1912 ex

285 1924 346 1960 illis
366 1922 531 1959 cremasse.
558 1921 662 1969 (conf.
686 1934 795 1958 tamen
818 1922 968 1958 Lafftant.
992 1921 1032 1957 de
1056 1920 1135 1957 falsa
1158 1922 1249 1970 relig.
1274 1923 1329 1958 lib.
1344 1926 1366 1959 l.
1393 1936 1463 1970 cap.
1479 1924 1508 1958 6.
1531 1923 1562 1970 §.
1578 1935 1607 1967 7.
1629 1921 1714 1972 sqq.)

179 1975 305 2023 Sibylla
325 1989 392 2012 vox
414 1975 457 2010 esl
473 1988 634 2016 romana,
661 1987 760 2023 quam
784 1973 807 2008 fi
830 1976 1066 2022 interpreteris,
1092 1980 1195 2008 vatem
1215 1973 1385 2022 fignificat.
1434 1973 1577 2018 Sibyllae
1598 1976 1716 2022 igitur,
1744 1987 1778 2012 vt
1795 1978 1888 2014 multi

282 2025 495 2076 scripserunt,
521 2025 653 2061 diuersis
674 2026 756 2060 locis
778 2036 808 2061 et
830 2026 1030 2072 temporibus
1053 2025 1167 2060 decem
1191 2022 1334 2061 fuerunt.
1362 2047 1413 2053 —
1465 2025 1660 2069 Σιβυλλιοῖ,
1690 2030 1888 2065 oraculorum

280 2091 384 2113 amore
405 2085 434 2112 ct
453 2079 598 2126 &staterio
623 2084 768 2118 tenetur,
805 2076 857 2112 vel
884 2077 999 2111 delirat
1023 2086 1055 2112 et
1083 2079 1247 2112 vaticinari
1268 2080 1379 2126 cupit3
1417 2077 1468 2113 vel
1488 2079 1617 2113 oracula
1629 2069 1798 2126 ⁴mem'cu‘;
1836 2081 1887 2118 vel

272 2131 441 2177 superbi&
467 2139 525 2164 etc.

183 2178 358 2226 Σιβῦντιος
374 2179 439 2215 fiue
455 2177 644 2229 Σιβύρτιος,
671 2177 897 2220 ΤΙιεοᾶεὸὶειε,
920 2176 1107 2225 Phaselitae‚
1131 2178 1234 2215 lec'ior
1249 2189 1279 2215 et
1295 2177 1425 2226 seruus,
1452 2183 1519 2230 qui,
1537 2183 1662 2228 primus
1677 2196 1695 2217 e
1709 2180 1814 2227 serub,
1837 2197 1886 2220 ar.

281 2244 348 2268 tem
370 2234 550 2267 oratoriam
573 2228 729 2278 professus
752 2231 806 2265 esi.
859 2229 988 2278 Scripsit
1009 2237 1107 2266 artem
1126 2232 1325 2266 rhetoricam.

181 2281 350 2334 Σιὸηξεᾶοιν
365 2282 498 2331 ψυχήν,
514 2282 663 2328 ferreum
679 2283 816 2316 animum
832 2281 896 2317 fine
910 2283 1141 2317 inexorabilem.
1169 2304 1220 2310 ——-
1247 2284 1387 2318 Glaucus
1408 2282 1554 2331 quidam,
1574 2285 1711 2326 Samius,
1734 2282 1885 2322 feri-umi.

286 2338 454 2372 nationem
471 2337 595 2384 primus
612 2336 735 2370 inuenit
742 2346 753 2377 3
781 2344 811 2369 et
826 2335 1058 2384 prouerbium,
1083 2334 1201 2369 ,Glauci
1217 2347 1297 2383 pars,
1324 2332 1363 2370 de
1377 2337 1414 2370 iis
1431 2347 1513 2384 quae
1525 2332 1620 2371 facile
1630 2337 1861 2373 conficiuntur.

1725 2387 1890 2431 Siluanum
