2013 2725
206 159 264 200 '2¹4
366 148 513 189 LibJV.
526 162 549 185 c.
562 148 675 184 XIII.
775 146 1040 184 PLVTARCHx
1070 145 1341 191 VERSmNES,
1719 145 1930 180 Vol‘m-p-ssn
1993 153 1997 161 ·

212 253 247 285 in
269 248 347 283 varii
374 256 405 282 et
427 243 544 280 diverfi
558 244 681 279 couviti
704 241 735 278 di
760 255 836 278 raro
853 241 998 278 intelleto
1017 240 1057 277 de
1077 241 1108 278 la
1125 241 1240 278 Grecia
1257 250 1317 276 etc.
1345 236 1550 278 recens'vers:
1565 254 1582 275 a
1601 241 1698 278 Petro
1715 242 1844 285 Lauro,
1872 244 1934 277 Ve-

213 310 277 336 net.
300 310 372 343 1551.
395 306 425 339 8.
458 319 510 326 -—
541 297 593 331 De
615 295 742 330 educat.
760 294 960 337 liberorum,
987 306 1120 343 graece,
1151 293 1204 328 lat.
1227 292 1294 327 ital.
1321 302 1352 327 et
1375 295 1570 341 germanice.
1597 293 1636 327 ab
1659 295 1765 329 Ioacb.
1784 295 1933 340 Stuppio.
1980 290 1986 314 ’-

213 347 365 388 Francof.
389 360 476 395 1599.
502 355 534 389 8.
560 367 611 375 —-
636 346 665 382 11
688 355 819 383 trattato
841 344 875 380 di
895 345 980 381 Plut.
1005 344 1079 381 dell*
1099 357 1195 380 amor
1214 342 1262 380 de’
1278 345 1428 380 Genitori
1443 341 1536 380 verso
1558 344 1735 392 iflgliuoli.
1761 348 1934 393 interprete
1995 367 2004 372 -

213 404 268 439 Μ.
283 402 369 437 Iulio
386 401 536 440 Ballino,
559 401 674 434 Venet.
700 401 786 443 1564.
808 397 924 445 (1565.)
948 404 978 438 8.
1004 417 1055 426 -—
1082 396 1385 433 Ammaessramenti
1402 396 1638 438 matrimoniali
1660 396 1693 432 di
1708 396 1858 432 Plutarco
1884 415 1935 425 -—

213 453 347 491 tradotti
381 471 432 480 --
462 451 502 487 da
524 450 633 485 Marc’
647 448 792 485 Antonio
807 450 965 485 Gandino.
989 450 1106 484 Vener.
1129 452 1214 492 1586.
1239 460 1270 491 4.
1304 468 1354 474 —
1389 450 1655 497 Ragionamento
1675 447 1706 483 di
1726 448 1818 483 Plut.
1838 444 1935 496 sopra

214 506 235 542 1ι
249 503 415 541 Ascoltare
432 501 528 538 altrui
541 499 686 538 secondo
704 500 814 543 Virtii,
842 500 984 537 tradotto
1003 499 1058 536 dal
1075 499 1167 546 Ang.
1185 500 1277 535 Mar.
1294 500 1397 539 Ricci,
1423 503 1457 536 in
1476 499 1548 534 libr.
1574 501 1647 534 Tre
1671 497 1878 536 fondamenti
1901 498 1935 533 di

213 570 291 592 vera
315 557 482 604 Sapienza.
507 553 651 590 Florent.
675 564 756 598 1731.
782 570 832 580 -·
858 551 943 588 della
964 551 1057 587 civile
1083 551 1304 592 instituzione,
1331 563 1349 586 e
1372 551 1428 587 lat.
1455 554 1489 586 in
1503 550 1568 586 ital.
1591 564 1648 600 per
1670 553 1704 588 P.
1721 552 1821 599 QR.
1851 551 1936 585 Tre-

214 610 281 657 vigi
298 619 385 653 1502.
403 613 432 646 8.
459 625 509 633 —
535 606 826 655 Apophthegmata
840 601 930 640 versa
945 618 964 639 a
981 605 1032 639 M.
1047 604 1096 638 Io.
1114 604 1209 638 Rern.
1226 603 1397 638 Gaulandi.
1425 604 1540 639 Venet-
1554 606 1680 648 1565-
1692 605 1771 649 1566
1793 610 1826 637 et
1847 604 1936 648 ¹567·

212 671 247 702 4.
272 678 322 686 —-
349 655 439 693 versa
461 672 480 692 a
497 659 533 692 L.
547 658 598 691 M.
613 659 647 692 B.
675 655 753 692 ibid.
770 668 851 701 1543.
865 654 911 698 8(
950 657 1025 690 Pars
1047 656 1363 706 apophthegmatum
1383 653 1497 691 inserta
1518 653 1562 690 est
1582 652 1814 690 sententiarum
1836 653 1936 705 colle-

214 710 396 751 itionibus,
419 707 460 744 de
476 709 591 758 quibus
609 706 673 744 vid.
691 710 816 744 Paitoni
839 720 916 757 pag.
932 718 990 751 170
1007 704 1075 757 sqq.
1099 726 1148 733 -
1175 703 1334 756 Opuscoli
1357 703 1467 750 scelti,
1499 704 1631 742 tradotti
1653 705 1708 742 dal
1729 707 1848 743 Greco.
1872 705 1937 740 Ve-

213 774 317 799 ronae
334 768 418 806 1783.
434 772 466 805 4.
491 779 533 787 --
566 759 690 796 Moral.
709 773 786 810 opp.
802 758 907 795 verfio
922 758 1056 808 prodire
1069 761 1179 807 coepit
1196 760 1326 794 Romae
1342 769 1436 803 1790.
1451 771 1480 803 4.
1504 768 1583 794 tom.
1600 760 1624 793 Ι.

317 844 532 881 Germanicae.
558 844 610 880 De
626 845 690 886 his,
707 844 865 892 quoniam
882 845 948 878 iam
967 844 1018 892 egi
1034 845 1068 879 in
1084 844 1209 879 Introd.
1224 845 1259 878 in
1277 841 1347 878 hist.
1363 844 1399 878 L.
1415 843 1469 877 Gr.
1480 843 1503 876 I.
1519 855 1553 891 p.
1567 853 1636 878 102.
1652 840 1762 891 plures
1776 853 1854 878 vero
1868 850 1936 878 tam

213 898 410 945 antiquiores
429 908 534 944 quarn*
545 898 740 931 recentiores
755 904 786 930 et
800 897 938 930 vitarum
959 905 989 929 et
1005 892 1239 943 opusculorum
1255 891 1473 943 philosophie.
1495 891 1725 929 recensuerunt
1746 905 1936 938 anonymus
2012 919 2013 926 ,

212 951 265 983 in:
286 949 467 995 Beytr'agen
488 960 547 982 zur
569 944 738 982 critischen
766 945 911 981 Historie
939 945 998 981 der
1023 944 1198 981 deutschen
1223 946 1367 994 Sprache
1395 956 1453 981 etc.
1477 955 1558 992 part.
1573 947 1626 980 IX.
1655 944 1779 993 Lipsiae
1802 957 1887 989 1734.
1907 951 1938 985 8.
2011 949 2013 959 '

212 1013 245 1048 p.
262 1009 324 1042 230
341 995 409 1047 sqq.
434 997 607 1033 Schummel
620 1001 671 1032 in:
699 994 1128 1032 Uebersetzer-Bibliothek.
1155 997 1379 1044 Wittebergae
1394 1006 1424 1031 et
1438 996 1606 1031 Zervessae
1619 1007 1709 1039 ¹774-
1729 1003 1759 1036 8.
1775 1008 1808 1044 p.
1825 1007 1858 1042 55
1870 993 1938 1045 sqq.

213 1060 244 1086 et
263 1050 408 1095 (Slater)
426 1050 466 1092 111
469 1062 477 1082 :
503 1048 719 1096 vollssfindige
734 1047 932 1097 Sarnmlung
950 1046 1029 1084 aller
1039 1046 1332 1097 Uebersezzungen
1348 1046 1404 1082 der
1420 1049 1583 1083 Griechen
1597 1046 1663 1082 und
1678 1049 1816 1083 Romer.
1843 1048 1940 1084 Fran·
2008 1051 2012 1059 ’

214 1099 282 1138 cof.
299 1110 329 1136 et
344 1098 468 1149 Lipsiae
483 1106 569 1146 1785.
586 1109 618 1142 8.
641 1112 739 1149 pagg.
758 1106 793 1141 81
808 1097 878 1148 sqq.
905 1099 986 1134 nolo
1001 1101 1053 1134 hic
1069 1112 1203 1142 omnes,
1228 1102 1400 1148 praecipue
1414 1097 1618 1146 fingulorum
1633 1097 1871 1147 opusculorum
1892 1111 1939 1133 re-

215 1162 324 1203 petere
335 1154 626 1199 interpretationes,
643 1159 686 1192 et,
700 1160 737 1186 vt
753 1154 894 1199 tempori
910 1153 1102 1201 chartaeque
1111 1164 1258 1200 parcam,
1275 1153 1308 1185 in
1321 1154 1499 1198 paucarum
1515 1148 1715 1199 acquiescam
1732 1163 1940 1187 commemo-

215 1207 351 1247 ratione.
389 1203 491 1238 Vitas
505 1203 626 1250 (neque
644 1213 766 1243 tamen,
783 1203 927 1247 omnes,)
954 1215 970 1236 e
985 1202 1090 1238 latinis
1109 1200 1308 1238 verfionibus
1323 1205 1511 1250 germanice
1527 1199 1663 1237 reddidit
1674 1202 1938 1239 Habrondi’oner.

214 1259 250 1291 in
270 1253 398 1290 fronte:
421 1256 472 1290 M.
482 1256 524 1289 D.
535 1254 663 1289 XLVII.
691 1256 812 1299 (1547.)
834 1257 867 1289 in
894 1253 1000 1288 calce:
1036 1252 1204 1290 Gedruckt
1225 1256 1258 1288 in
1282 1252 1338 1288 der
1362 1253 1547 1289 loeblichen
1570 1253 1651 1288 Statt
1672 1253 1811 1288 Colmar
1835 1252 1940 1290 durch

214 1306 487 1355 Barptolomeum
504 1307 720 1354 Grieninger,
747 1305 812 1341 vnd
828 1304 996 1341 vollendet
1017 1325 1066 1333 -
1093 1308 1139 1341 im
1155 1309 1202 1352 jar
1214 1306 1299 1340 nach
1316 1304 1600 1341 Christi-Geburt.
1615 1305 1666 1340 M.
1675 1306 1717 1339 D.
1728 1306 1809 1340 XLI.
1831 1307 1940 1349 (1541.)
1958 1325 1959 1328 ¹

215 1355 275 1393 fol.
329 1359 495 1392 Fabricius
512 1367 677 1392 memorat
695 1356 782 1392 editt.
799 1359 972 1405 Argentor.
989 1369 1074 1401 1534.
1091 1360 1187 1406 (quae
1201 1361 1298 1392 etiam
1317 1354 1379 1392 fuit
1396 1359 1428 1391 in
1444 1357 1518 1392 bibl.
1537 1357 1749 1400 Thottiana‚)
1777 1368 1854 1402 1555.
1879 1354 1941 1392 fol.

215 1429 267 1436 --
291 1409 381 1444 Guil.
400 1409 588 1455 Xylmzder,
616 1418 646 1443 et
663 1405 801 1444 absoluit
817 1411 918 1443 Ionas
936 1409 1126 1454 Lb'clzinger.
1153 1406 1305 1444 Francos.
1321 1407 1361 1443 ad
1377 1410 1495 1443 Moen.
1517 1415 1604 1453 1580.
1621 1405 1684 1443 fol.
1709 1417 1742 1443 et
1761 1406 1838 1443 ibid.
1853 1409 1941 1445 1616.

216 1458 278 1496 fol.
307 1478 358 1488 ——·
389 1460 509 1494 Melius
535 1469 699 1495 verterunt
723 1469 754 1494 et
774 1458 1108 1495 animaduerfionibus
1132 1459 1331 1494 illustrarunt
1353 1461 1402 1493 M.
1421 1462 1470 1494 lo.
1491 1458 1670 1504 christoph.
1689 1460 1797 1499 Kind,
1823 1469 1855 1495 et
1873 1461 1941 1500 alii,
2000 1499 2001 1502 Ἰ

214 1511 340 1560 Lipsiae
357 1522 588 1557 1745-—1754
616 1512 702 1546 vm.
721 1521 800 1546 tom.
818 1513 852 1546 in
865 1518 894 1551 8.
921 1524 958 1545 ac
973 1511 1109 1546 Gottlob
1127 1511 1280 1545 Benediff.
1296 1514 1332 1545 de
1348 1512 1502 1546 Sekia-aeli.
1534 1510 1677 1546 Berolin.
1705 1514 1940 1556 1776—1780.
2004 1536 2008 1546 .

215 1564 305 1598 vm.
322 1563 403 1598 voll.
420 1570 449 1603 8.
477 1582 526 1589 ——
554 1564 665 1597 EtWas
681 1575 738 1597 zur
751 1559 922 1598 Kenntniss
939 1562 995 1597 der
1008 1559 1140 1609 grossen
1156 1563 1300 1597 Manner
1314 1564 1400 1597 nach
1418 1563 1568 1597 Plutarch
1584 1571 1644 1597 etc.
1660 1574 1727 1597 von
1743 1563 1786 1598 G.
1802 1562 1846 1600 A.
1869 1563 1941 1598 Tit.
1999 1587 2000 1591 =

216 1614 268 1650 tel.
295 1614 471 1649 Karlsruhe
488 1620 577 1656 1784.
596 1622 624 1654 8.
652 1611 738 1658 (sunt
753 1614 888 1657 Fabius,
916 1612 968 1649 Cl.
987 1613 1187 1655 Marcellus,
1210 1624 1343 1662 vterque
1364 1616 1492 1660 Scipio,
1518 1612 1716 1652 Flaminius,
1737 1616 1833 1649 Aem.
1851 1613 1941 1650 Paul·
1998 1625 2000 1664 ξ

217 1665 288 1707 lus,
315 1667 365 1700 M.
380 1667 486 1705 Cato,
514 1666 552 1699 C.
568 1666 706 1706 Marius,
731 1664 850 1706 Sulla.)
876 1685 927 1690 —
953 1665 1297 1713 Moralioeinterprete
1316 1666 1366 1700 M.
1384 1665 1486 1701 Herz.
1515 1668 1691 1712 Argentor.
1709 1677 1788 1711 1535.
1804 1663 1863 1702 fol.
1890 1679 1940 1695 -—
1998 1674 2000 1690 ν’

216 1719 392 1763 interprete
423 1716 624 1761 Eppendorf.
653 1714 731 1751 ibid.
755 1727 831 1761 1551.
857 1713 917 1750 fol.
949 1736 1001 1743 -—
1041 1715 1164 1751 selecta
1186 1713 1296 1764 opusc.
1317 1713 1437 1766 philos.
1463 1719 1558 1751 vertit
1584 1717 1777 1762 Nz'c'sclzeler‚
1816 1718 1940 1765 Tiguri
1996 1715 1999 1739 s

215 1771 451 1810 1768—1774.
479 1768 534 1801 IV.
553 1776 636 1801 tom.
656 1775 688 1809 8.
721 1786 769 1792 —
803 1763 1004 1803 Moralische
1027 1766 1312 1815 Abhandlungen,
1346 1769 1440 1803 vertit
1462 1770 1513 1804 lo.
1530 1767 1732 1804 FriednSal.
1747 1767 1940 1817 Kaltwqffer.
1994 1797 2000 1817 „

214 1816 367 1855 Francos.
384 1817 423 1853 ad
439 1819 554 1853 Moen.
572 1825 800 1863 1783—1795.
824 1818 880 1853 VI.
899 1817 978 1853 voll.

319 1894 478 1941 Belgicae.
535 1894 575 1929 V
571 1896 609 1929 it.
631 1906 671 1929 ex
696 1892 844 1929 x'erfione
868 1896 1009 1938 Amyoti
1034 1908 1092 1943 per
1106 1896 1135 1930 S.
1158 1897 1199 1931 G.
1217 1896 1248 1930 S.
1265 1893 1378 1938 Delft,
1404 1895 1572 1944 (Delphis)
1588 1897 1682 1940 1644.
1695 1894 1756 1932 fol.
1783 1898 1847 1925 '—-
1887 1898 1940 1934 De
1992 1871 1996 1899 ἓ

217 1948 341 1983 Levens
358 1959 419 1981 van
434 1945 623 1981 Doorlucht
639 1945 780 1981 Grieken
798 1958 838 1981 en
853 1946 1042 1981 Romeinen
1059 1945 1144 1981 door
1163 1946 1364 1983 Plutarchus.
1390 1946 1574 1983 Amsselod.
1593 1946 1659 1983 vol.
1678 1950 1704 1983 Ι.
1726 1954 1815 1994 1789.
1832 1955 1864 1989 8.
1920 1986 1923 1990 ,
1992 1950 1994 1959 '

321 2023 525 2068 Hispanicae.
577 2022 663 2057 Octo
680 2024 762 2057 vitae
777 2037 793 2056 a
810 2021 984 2057 Plutarcho
1000 2018 1134 2072 scriptae
1158 2035 1197 2057 ex
1213 2021 1361 2058 verfione
1377 2025 1510 2059 Ioannis
1529 2023 1640 2070 Castro
1654 2023 1692 2058 de
1707 2025 1847 2066 Salinas,
1874 2025 1940 2062 Co·
1990 2013 1992 2033 ι

218 2074 288 2111 lon.
303 2077 389 2116 1562.
406 2071 468 2109 sol.
486 2083 516 2107 et
529 2073 668 2108 moralia
684 2076 857 2122 interprete
875 2074 1001 2108 Didaco
1018 2074 1179 2108 Gratiano
1195 2075 1231 2108 de
1248 2073 1391 2113 Alcime,
1419 2074 1591 2123 Compluti
1607 2087 1690 2119 1542.
1703 2073 1765 2111 fol.
1790 2076 1939 2113 Salman-

219 2128 300 2161 ticae
317 2136 396 2170 1571.
412 2122 471 2158 fol.
499 2144 550 2151 -
575 2125 653 2159 Vita
666 2125 794 2160 Numae
809 2123 982 2173 Pompilii,
1005 2136 1082 2160 cum
1097 2123 1206 2161 adnot.
1222 2138 1282 2173 per
1296 2125 1381 2160 Ant.
1400 2127 1510 2162 Cotta.
1542 2127 1752 2162 Barcellonae
1769 2131 1857 2173 1693.
1874 2135 1907 2168 8.
1988 2117 1990 2129 >

237 2243 263 2279 st
318 2193 411 2226 Vitae
433 2191 719 2286 per1Franczstum
743 2192 780 2226 de
801 2192 972 2232 Euzinas²
996 2193 1171 2242 Argentor.
1194 2203 1270 2238 1551.
1294 2189 1354 2228 fol.
1379 2192 1437 2241 [ff]
1462 2191 1550 2240 [edit.
1572 2190 1654 2229 saec.
1669 2195 1740 2230 XV.
1762 2195 1828 2231 iam
1841 2192 1937 2244 supra
1986 2157 2009 2235 :l

217 2255 235 2278 e
288 2253 482 2279 memorata.

320 2308 516 2357 Progredior
536 2308 576 2345 ad
601 2308 760 2345 editiones
782 2308 1010 2360 verfionesque
1030 2310 1238 2360 fingulorum
1262 2309 1516 2360 opusculorum,
1544 2325 1626 2361 quae
1651 2314 1685 2346 in
1709 2324 1819 2348 meam
1839 2316 1937 2348 veness
2002 2343 2004 2345 .

217 2370 294 2395 runt
310 2364 478 2402 notitiam,
507 2359 626 2396 omiffis
646 2371 755 2396 tamen
779 2364 1097 2409 interpretationibus
1113 2373 1143 2397 et
1159 2365 1216 2405 iis,
1231 2372 1315 2412 quas
1331 2360 1425 2411 supra
1442 2366 1506 2398 iam
1526 2366 1801 2405 commemoraui,
1820 2373 1851 2398 et
1867 2375 1938 2412 ger-

218 2414 375 2457 manicis,
401 2425 478 2461 quas
496 2411 751 2465 Schummelwac
771 2412 886 2462 reliqui
907 2424 1151 2461 enumeratum.
1202 2416 1239 2450 In
1262 2412 1490 2464 persequendis
1509 2426 1617 2460 aufem
1639 2411 1801 2464 opusculis
1827 2415 1935 2464 philo-

1793 2463 1934 2516 sophicis
1957 2495 1959 2497 .
1980 2483 1981 2492 ¹
2000 2480 2001 2485 ¹
