2049 2720
634 106 849 141 HERODES
876 107 1087 142 ATTICVS.
1245 109 1316 144 Lib.
1335 109 1402 144 IV.
1425 122 1447 145 c.
1463 111 1590 144 ΧΧᾸᾸ
1600 114 1624 143 l.
1702 125 1722 154 ⁹

109 202 168 236 IV.
203 198 503 246 Dedicatiostatuae
523 199 680 246 Regillus,
708 201 819 234 vxoris
842 201 992 235 Herodis.
1051 197 1173 234 Effini'a
1189 199 1350 238 decennio
1367 202 1458 250 post,
1493 201 1610 238 eodem
1634 203 1724 244 loco,

6 247 186 302 ἐπιγραφή
213 264 251 297 59
268 253 462 286 hexametris
478 255 681 292 continetur,
709 250 906 300 debeturque
922 250 1106 286 doetiffimo
1117 254 1209 293 Viro,
1237 255 1348 288 Iacobo
1364 256 1549 295 Sit-mondo,
1578 257 1631 303 qui
1649 268 1722 289 eam

6 306 114 340 Roma
129 303 254 344 attulit,
283 302 321 337 ad
338 301 442 350 ipsum
457 316 605 338 marmor
626 316 643 337 a
658 300 688 337 se
706 300 922 351 descriptam,
955 313 987 338 et
1008 315 1084 337 cum
1111 304 1245 337 Claudio
1268 307 1436 354 Salmasio,
1468 309 1581 356 primo
1605 309 1672 342 eius
1694 317 1724 341 et

7 366 82 392 ante
99 354 244 391 Visconti
259 354 360 389 studia
375 353 585 389 eruditisslmo
605 352 747 396 editore,
781 356 1053 390 communicauit.
1104 356 1155 389 De
1173 368 1239 404 quo
1256 356 1374 405 postea.

103 449 189 485 Nam
216 449 295 483 haec
315 447 382 482 duo
409 451 557 483 maxime
579 450 742 490 carmina,
779 462 861 497 quae
887 447 1004 482 vltimo
1036 447 1113 484 loco
1145 452 1349 491 memoraui,
1385 448 1534 498 inscripta
1556 453 1715 486 marmori

4 499 168 538 Pentelico
193 501 325 544 (cisxollo
355 502 462 534 blanco
495 500 563 533 Itali
595 511 731 542 vocant,
765 514 792 534 v.
817 497 961 535 Visconti
986 498 1136 535 museum
1163 501 1494 536 Pio-Clementinum
1525 503 1633 537 Tom.
1661 504 1714 537 111.

5 553 89 588 Tab.
108 553 174 586 XV.
196 565 227 599 p.
247 552 318 594 18.)
345 551 549 586 eruditorum
578 555 789 587 attentionem
820 562 851 587 et
877 564 988 585 curam
1022 555 1264 594 excitauerunt,
1303 562 1373 587 tum
1404 563 1537 601 propter
1566 551 1717 588 versuum

7 604 222 652 elegantiam,
257 601 280 637 fi
304 601 385 637 illud
409 602 551 638 Herodis
572 616 690 637 aeuum
711 601 848 651 spetsteS,
884 605 1024 637 minime
1045 601 1278 650 spernendam,
1311 616 1380 638 tum
1398 605 1440 638 ob
1464 606 1614 638 notitiam
1633 604 1716 638 mul.

5 666 112 698 tarum
135 666 265 695 rerum,
291 666 375 701 quae
398 653 529 688 aliunde
556 651 630 687 disci
656 658 707 688 vix
732 664 891 702 poterant.
952 655 979 688 E
1003 655 1077 689 villa
1097 655 1267 690 cardinalis
1289 657 1442 701 Scipionis
1467 656 1627 702 Borgiiese
1658 657 1717 690 hae

5 704 227 753 inscriptiones
250 704 451 740 deuenerunt
472 705 511 739 ad
530 707 730 753 principem,
762 707 909 741 iuuandis
933 705 1044 740 litteris
1064 706 1282 754 ornandisque
1306 709 1423 741 artibus
1447 717 1582 748 natum,
1622 708 1717 741 Mar-

5 770 72 804 cum
92 758 272 792 Antonium
295 757 472 803 Borgkcse,
519 760 571 806 qui
603 757 764 805 templum
794 756 876 793 iuilit
905 755 1155 805 splendidiffime
1187 758 1347 793 aedificari
1373 757 1412 793 ad
1450 757 1588 793 niodum
1620 758 1715 799 illius.

5 808 102 859 quod
117 807 266 844 Herodes
294 808 376 843 olim
409 811 518 843 Cereri
550 818 580 843 et
607 809 772 844 Faustinae
795 809 1004 844 exstruxerat.
1064 811 1172 844 Huius
1203 811 1235 843 in
1265 810 1378 858 templi
1406 811 1520 845 limine
1548 822 1716 845 marmora

5 860 79 898 issa,
119 858 241 894 duabus
263 861 322 893 aris
345 857 484 897 inclusa,
523 860 667 907 binisque
697 859 947 910 inscriptIOnum
975 859 1174 897 versionibus
1195 863 1356 900 metricis,
1394 861 1494 896 latina
1513 860 1660 896 salmasii
1685 873 1716 896 et

5 909 151 947 visconti
175 911 265 953 itala,
297 910 468 953 instrucia,
507 908 761 960 conspiciuntur.

105 1006 186 1040 Satis
205 1002 246 1039 de
267 1010 454 1052 argumento
480 1014 510 1039 et
531 1003 659 1050 historia
681 1003 946 1054 inscriptionum:
986 1005 1097 1047 reflat,
1137 1016 1168 1040 vt
1191 1004 1350 1055 quaedam
1374 1004 1561 1040 adiiciamus
1583 1005 1622 1041 de
1648 1006 1717 1042 illa-

6 1068 78 1092 rum
100 1056 236 1091 nuHore.
291 1060 337 1091 Ae
357 1055 434 1090 duas
456 1054 587 1103 quidem
610 1058 752 1102 priores,
781 1070 858 1105 quas
878 1071 932 1092 no.
950 1059 1007 1092 Iet
1024 1060 1064 1093 Η.
1087 1060 1195 1105 attigi,
1228 1070 1343 1106 parum
1367 1055 1463 1091 refert
1483 1055 1580 1099 scire,
1612 1060 1718 1093 Hero-

5 1108 60 1143 des
81 1105 192 1142 fecerit
212 1120 252 1141 an
273 1106 362 1142 alius.
426 1108 597 1153 Insiriptio
613 1109 817 1152 praediorum
839 1108 965 1142 Anniae
990 1110 1135 1155 Reginae
1162 1108 1275 1143 dubito
1299 1111 1456 1148 omnino,
1494 1122 1535 1142 an
1557 1123 1573 1143 a
1595 1122 1714 1156 graeco

7 1160 143 1194 homine
165 1156 313 1207 presedia
333 1157 380 1193 sit.
432 1157 494 1192 Sed
514 1160 646 1205 gravior
666 1158 710 1193 est
733 1158 774 1194 de
795 1159 964 1206 postremis
987 1161 1205 1208 ἐπιγραφάὶς
1228 1159 1392 1207 quaestio,
1431 1168 1461 1193 et
1486 1163 1638 1208 propriae
1663 1173 1716 1195 cu·

7 1214 70 1246 rae.
123 1211 246 1244 Verum
272 1211 351 1244 haec
372 1208 517 1257 quaestio
541 1212 698 1257 quoniam
730 1211 782 1244 hic
811 1207 985 1260 disceptari.
1011 1224 1080 1245 non
1109 1209 1230 1258 potest,
1268 1208 1557 1258 disceptabiturque
1583 1226 1600 1245 a
1623 1213 1716 1246 nobis

8 1260 74 1298 alio
87 1261 180 1302 loeo,
205 1260 302 1296 liceat
322 1264 354 1295 in
374 1274 415 1296 eo
439 1258 654 1309 acquiescere,
681 1270 732 1302 vt,
766 1274 863 1309 quam
889 1275 993 1310 nuper
1013 1260 1241 1297 eruditiffimus
1265 1262 1303 1297 V
1303 1262 1413 1308 isconti
1432 1259 1620 1297 sententiam
1644 1275 1717 1310 pro-

7 1311 394 1362 posuit'argumenrisque
417 1309 586 1360 ingeniose
605 1315 764 1354 muniuit,
789 1313 926 1348 breuiter
947 1310 1135 1348 referamus.
1187 1314 1216 1348 Is
1240 1314 1396 1347 nimirum
1419 1323 1512 1359 vrget
1531 1314 1714 1363 praefixum

7 1364 138 1400 vltimae
157 1362 359 1413 inscriptioni
380 1377 507 1399 nomen
529 1364 747 1413 Μοιρκέλλε,
765 1366 814 1404 ,ἰῐι
835 1376 902 1412 quo
924 1364 1117 1412 explicando
1141 1373 1172 1398 et
1193 1363 1331 1400 editores
1352 1366 1523 1403 carminis,
1563 1376 1593 1400 et
1618 1368 1716 1414 Span-

8 1417 134 1451 hemius
159 1414 221 1461 (ad
247 1416 440 1451 Callimachi
461 1417 504 1449 H.
526 1417 557 1449 in
579 1418 733 1450 Cererem
761 1429 790 1450 v.
810 1419 880 1461 30.)
906 1429 1040 1464 operam
1062 1414 1177 1450 frustra
1203 1413 1482 1464 consumpserunt.
1535 1414 1718 1464 Suspicatur

8 1465 173 1509 visconti,
206 1466 264 1502 illo
286 1469 442 1508 nomine,
475 1476 508 1502 vt
529 1466 605 1501 alibi
640 1468 697 1512 (v.
713 1467 852 1502 Pococke
872 1468 1020 1514 defi-risit.
1043 1469 1085 1515 of
1097 1469 1147 1502 the
1170 1467 1248 1511 East
1271 1480 1343 1515 pag.
1362 1479 1429 1509 103.
1446 1479 1514 1511 104.
1538 1478 1571 1503 et
1601 1469 1717 1514 Toupii

9 1517 192 1555 Emendate.
215 1520 248 1554 in
269 1518 402 1554 Suidam
424 1528 503 1553 tom.
522 1519 578 1554 111.
600 1532 631 1567 p.
648 1520 743 1564 46.)⁷
781 1517 824 1553 fic
853 1529 885 1554 et
913 1520 985 1560 hie,
1022 1517 1240 1566 inscriptionis
1270 1519 1406 1553 indicari
1436 1520 1625 1562 auctorem,
1660 1524 1717 1568 qui

9 1567 107 1606 fuerit
130 1570 305 1605 Marcellus
327 1571 467 1612 sidetes,
499 1569 602 1605 clarus
626 1574 723 1617 po'e'ta
749 1579 819 1605 tum
842 1570 911 1605 aliis
935 1571 1151 1611 carminibus,
1185 1581 1253 1605 tum
1276 1569 1452 1620 Ἰατςικοῖς
1474 1571 1550 1620 ’περὶ
1574 1568 1716 1617 ἰχθύων,

0 1633 151 1671 ,quorum
174 1622 268 1657 nobis
289 1620 393 1656 adhuc
417 1619 599 1669 fragmenta
623 1620 782 1670 quaedam
805 1619 990 1670 supersunt,
1017 1636 1035 1657 a
1056 1623 1200 1656 Fabricio
1222 1621 1395 1667 (Biblioth.
1418 1624 1474 1657 Gr.
1492 1622 1601 1658 Voll.
1626 1636 1655 1670 p,
1668 1635 1715 1666 14.

0 1670 60 1710 led.
74 1675 148 1717 vet.)
164 1682 194 1708 et
209 1675 392 1708 Schneidero
409 1671 466 1716 (ad
481 1671 605 1707 calcem
621 1672 773 1707 editionis
789 1670 862 1709 suae
877 1673 1038 1710 Plutarchi
1055 1672 1094 1709 de
1109 1672 1232 1709 educat.
1248 1686 1378 1721 pueror.
1392 1675 1566 1721 Argentor.
1583 1686 1668 1719 1775.
1687 1682 1716 1715 8.

0 1724 152 1783 {pag-96·
171 1721 252 1773 sqq.)
275 1723 377 1766 edita,
404 1737 422 1758 a
445 1725 541 1758 Belin
562 1725 599 1758 de
620 1725 715 1758 Balla
741 1735 870 1767 autem,
897 1726 985 1761 claro
1011 1727 1153 1773 Oppiani
1178 1724 1318 1764 editore,
1347 1723 1512 1773 promissa.
1575 1725 1717 1760 Mareel-

1 1777 81 1811 'lum
105 1776 220 1815 illum,
245 1775 387 1815 constat,
412 1773 554 1810 floruiffe
578 1777 756 1822 imperante
778 1779 898 1811 Marco
927 1777 1079 1816 Aurelio,
1105 1790 1134 1810 v.
1157 1775 1267 1810 suidas
1290 1777 1335 1810 T.
1351 1778 1393 1811 ll.
1416 1789 1448 1823 p.
1466 1783 1541 1820 498.
1563 1786 1593 1810 et
1609 1776 1719 1812 Eudo-

2 1823 60 1874 }cia
81 1839 110 1874 p.
129 1837 203 1872 299.
256 1829 323 1860 Iam
347 1838 426 1861 vero
448 1838 550 1873 quum
570 1825 607 1860 fit
627 1829 790 1874 vtriusque
818 1826 1032 1875 inscriptionis
1054 1829 1207 1862 metricae
1226 1830 1258 1860 in
1281 1829 1434 1861 orationis
1459 1828 1565 1861 habitu
1587 1837 1617 1862 et
1642 1837 1726 1863 con->

3 1876 213 1928 {formatione
237 1874 364 1912 summa
389 1875 584 1918 similitudo,
618 1890 686 1912 non
709 1877 831 1913 dubitat
853 1876 1017 1920 Visconti,
1044 1878 1149 1913 eidem
1176 1878 1338 1913 Marcello
1367 1880 1465 1913 etiam
1499 1880 1643 1926 primam
1674 1888 1718 1913 at-

5 1930 169 1976 tribuere,
207 1941 331 1963 nomen
353 1938 468 1977 poetae
490 1939 616 1963 tantum
641 1928 808 1976 posteriori
831 1927 1003 1964 adhaefiss'e
1023 1940 1126 1971 ratus,
1165 1928 1232 1964 fiue
1256 1927 1345 1977 quod
1367 1930 1447 1963 haec
1467 1931 1571 1977 prima
1592 1928 1718 1979 conspi-

5 1992 137 2017 ceretur
156 1981 334 2026 'I'riopium
359 1978 502 2014 Herodis
527 1978 735 2022 adeuntibus,
762 1977 814 2015 seu
836 1980 923 2029 quod
946 1983 1085 2016 omnino
1110 1983 1218 2028 potior
1239 1978 1421 2015 censeretur
1443 1980 1719 2029 praestantiorque

15 2032 128 2074 altera,
165 2044 246 2080 quae
268 2029 339 2066 casu
363 2030 487 2065 dereeta
510 2032 676 2079 primum,
717 2042 836 2067 temere
860 2034 968 2081 potius
992 2045 1090 2079 quam
1112 2032 1197 2066 fedic
1218 2041 1272 2066 aut
1293 2029 1431 2066 consilio
1453 2034 1556 2079 prima
1583 2047 1601 2067 a
1625 2034 1718 2068 nobis

7 2085 211 2120 imminetur.
264 2080 409 2130 Suspicio
431 2081 544 2117 eruditi
569 2082 637 2117 itali
660 2081 841 2118 admodum
869 2083 1040 2131 probabilis
1059 2083 1103 2118 est
1124 2081 1188 2117 visa
1211 2085 1292 2118 Viro
1320 2082 1420 2119 docto
1447 2086 1481 2118 In
1504 2084 1720 2129 Ephemeridi-

8 2128 275 2183 'Gottingenstbus
295 2148 324 2170 a.
342 2146 428 2179 1795.
451 2147 481 2168 n.
502 2140 589 2173 180.:
620 2131 770 2169 aduersus
792 2148 864 2170 eam
892 2133 1052 2183 quaedam
1073 2137 1199 2169 monita
1221 2132 1293 2169 sunt
1314 2136 1346 2169 in
1365 2135 1504 2181 Cenficra
1523 2135 1635 2179 Ienenfi
1656 2136 1676 2170 l.
1692 2149 1720 2170 c.

18 2199 91 2273 pag‘i
103 2194 175 2229 483.
197 2183 241 2235 sq.
275 2195 492 2235 poteruntque
518 2183 655 2221 fortaffis
685 2189 814 2222 moneri
842 2187 954 2236 plura,
993 2199 1075 2235 quae
1108 2183 1180 2220 istas
1209 2183 1436 2234 Inscriptiones
1460 2186 1587 2221 Herodi
1608 2185 1721 2223 nostro

18 2249 70 2274 vin
95 2247 188 2273 icent.

12 2304 14 2361 ᾗ
116 2315 169 2348 De
187 2315 370 2349 editionibus
394 2314 512 2348 harum
536 2310 806 2361 inscriptionum,
846 2325 928 2361 quae
953 2313 1120 2361 longiores
1151 2310 1222 2348 sunt
1247 2316 1379 2348 caeteris
1401 2323 1432 2349 et
1462 2313 1602 2349 verslbus
1625 2315 1723 2350 hexa-

14 2367 125 2400 metris
148 2363 297 2413 scriptae,
324 2376 432 2401 notata
454 2365 614 2416 quaedam
638 2368 842 2413 reperiuntur
866 2362 963 2414 supra
980 2366 1185 2400 Bibliothecae
1208 2365 1284 2401 Vol.
1299 2367 1354 2402 111.
1375 2378 1406 2414 p.
1424 2372 1490 2408 8¹3·
1545 2367 1609 2401 Hic
1626 2379 1723 2451 agangi]

14 2432 15 2437 ¹
49 2423 132 2456 Vol.
151 2423 206 2455 VJ.
1075 2418 1098 2451 Β
1572 2429 1575 2431 ’
1681 2421 1690 2451 1'
1718 2445 1728 2461 ‚
