2013 2725
1520 41 1583 72 Vol.
1598 42 1648 71 ῘΧ.
1664 50 1690 76 p.
1698 42 1755 72 '628
1763 43 1785 75 P
1793 44 1843 76 62⁹

123 54 186 94 390
236 45 429 86 LibJVJ.
447 44 527 82 XL.
740 36 985 98 AVCTQRES
1011 39 1070 76 Ex
1098 39 1254 90 Q'tssvs

142 142 297 192 loquutus
322 140 376 177 est.
426 140 578 174 Tantum
593 136 686 173 ‘enim
709 135 811 177 abest,
845 145 879 171 vt
901 134 1013 171 Suidas
1042 147 1105 171 tres
1131 133 1314 171 scholiastes
1337 134 1530 186 posteriores
1552 146 1638 176 totos
1659 133 1855 175 exhauserit,

142 203 174 231 et
194 193 397 232 collectanea
421 189 474 226 sua
499 189 572 226 inde
593 188 860 237 locupletauerit‚
885 198 918 224 vt
938 190 990 223 vix
1015 201 1116 223 vnum
1133 187 1183 223 vel
1206 187 1346 223 alterum
1367 187 1479 223 locum
1500 200 1541 223 ex
1565 187 1630 223 illis
1651 185 1856 237 excerpserit.

247 282 278 326 5)
305 281 459 315 Ceterum
482 289 521 312 ex
545 272 720 311 scholiastis
741 273 899 310 veteribus
921 272 1050 309 nullum
1073 272 1186 309 Suidas
1211 271 1397 323 diligentius
1417 272 1621 321 compilauit,
1648 285 1746 323 quam
1767 270 1858 308 seho-

148 331 261 371 liassen
281 330 527 377 Aristophanis3
567 330 687 377 quippe
716 339 815 375 quem
846 336 954 362 totum
977 338 1079 374 paene
1102 328 1136 360 in
1158 327 1303 361 Lexicon
1326 324 1419 361 suum
1446 322 1628 362 transfudit.
1685 327 1858 373 Qaeritur

149 395 258 421 autem
282 385 365 418 inter
392 379 536 416 eruditos
551 383 599 425 ⁰),
626 388 735 414 vtrum
758 375 872 413 Suidas
897 379 936 413 ab
958 377 1122 413 hodierno
1144 374 1311 413 scholiasse
1334 377 1576 426 Aristophanis,
1602 391 1643 412 an
1664 389 1744 412 vero
1766 374 1857 411 scho-

149 435 251 471 liastes
271 431 400 469 aSuida
422 430 477 467 sua
500 440 662 466 mutuatus
689 428 741 465 fit:
769 428 834 464 siue
856 443 897 464 an
920 429 1079 464 hodierna
1100 426 1220 464 scholia
1246 431 1279 463 in
1303 428 1553 477 Aristophanem
1586 441 1624 463 ex
1649 430 1747 463 veteri
1778 439 1859 476 quo·

150 486 226 522 dam
250 484 362 521 codice
384 482 422 518 ad
446 496 506 519 nos
533 493 711 531 propagata
731 479 811 527 sint5
837 495 877 516 au
901 494 978 516 vero
1007 495 1025 515 a
1041 477 1201 519 Musuro,
1227 481 1278 517 vel
1297 480 1363 516 alio
1380 480 1546 528 quodam,
1572 493 1611 515 ex
1633 479 1749 515 Suidae
1766 480 1860 514 Lexi-

151 550 192 574 co
215 534 455 573 consarcinata?
488 536 558 570 Nos
580 537 623 569 ita
645 531 834 572 censuum,
876 532 1034 568 hodierna
1056 530 1178 568 scholia
1201 535 1234 568 in
1257 532 1508 581 Aristophanem
1532 534 1712 567 maximam
1735 541 1871 578 partem-

152 602 191 625 ex
215 591 314 625 veteri
345 585 490 636 quodam
518 585 632 622 codice
661 582 816 634 descripta
842 583 883 619 ad
914 598 973 620 nos
998 581 1197 633 peruenisse,
1242 583 1422 633 eademque
1447 581 1508 619 effe
1529 587 1568 628 ω)
1588 596 1628 619 ex
1659 582 1774 631 quibus
1795 578 1862 630 ipse

152 639 266 676 Suidas
287 638 341 675 sua
363 636 483 674 hausit:
520 636 589 673 noi-1
617 650 718 686 pauca
742 647 852 671 tamen
871 636 943 671 loca
965 650 982 670 a
1001 637 1231 671 recentioribus
1244 639 1294 681 ⁵),
1322 639 1437 684 partim
1459 649 1496 671 ex
1518 635 1572 681 [if]
1597 633 1715 676 Suida,
1743 634 1862 681 partim

152 705 191 728 ex
215 692 285 727 aliis
307 688 538 739 scriptoribus,
566 689 627 724 illis
648 686 763 723 insulta
785 685 859 722 ess'e.
911 689 951 722 Et
972 685 1066 730 sane,
1094 701 1175 736 quae
1199 686 1350 736 leguntur
1372 686 1456 736 apud
1479 686 1679 722 Sclioliasten
1700 685 1797 720 illum
1821 681 1862 718 ad

153 744 267 791 Equit.
289 755 365 793 pag.
383 754 448 784 323.
488 740 529 776 Ἠ
552 736 584 778 δὲ
609 739 755 785 ςλεγγῖς
778 740 844 776 τῶν
864 736 949 788 πςός
969 737 1063 777 ἄλλο
1092 756 1144 782 τι,
1179 749 1237 774 etc.
1287 741 1428 788 itemque
1450 737 1489 773 ad
1515 736 1709 783 Acharneus]
1735 749 1765 785 p.
1788 736 1862 780 396.

155 797 278 834 Σίκυον.
313 789 386 831 εἰπὲ
417 791 554 831 εὐθείας
584 791 598 829 ὁ
624 794 741 829 σίκυος.
768 801 829 825 etc.
872 803 909 824 ex
932 790 1031 825 Suida
1054 794 1086 825 in
1116 805 1144 824 v.
1166 790 1361 836 Στλεγγῖς,
1402 799 1432 824 et
1461 803 1488 823 v.
1510 791 1621 826 Σὶκυον
1647 786 1762 822 inserta
1789 784 1863 824 effe,

154 847 364 881 emunctioris
384 847 468 878 naris
494 844 630 878 lectores
653 840 748 876 facile
769 854 900 875 mecum
923 839 1065 876 sentient.
1118 843 1403 888 Lexicographum
1427 843 1515 874 euim
1541 841 1592 874 illa
1608 837 1865 888 potiussapiunn

153 910 255 945 quam
276 894 475 930 sclioliassen.
527 892 692 928 Eumdem
719 905 820 940 porro
842 889 1031 927 scholiassen
1059 892 1290 941 interpolatum
1306 890 1368 927 effe
1386 905 1459 940 pag,
1479 894 1547 926 106.
1575 890 1616 926 ad
1633 890 1728 926 verba
1743 888 1865 925 comici

153 952 186 983 in
213 949 332 986 Pluto,
360 945 403 980 ‘H
425 947 581 992 ’γλῶττα
604 945 655 983 τῶ
679 941 808 993 κήρυκι,
833 953 891 978 etc.
931 945 1075 992 itemque
1098 957 1173 992 pag.
1192 946 1266 986 486.
1300 942 1340 978 ad
1362 944 1456 978 verba
1480 942 1534 977 illa
1555 946 1587 978 in
1611 943 1748 989 Veffiis,
1782 940 1865 983 E‘lan

154 997 237 1038 κατ’
263 996 396 1050 ἕςθςωι,
423 1008 484 1032 etc.
513 1007 600 1044 patet
622 987 692 1030 xion
715 995 821 1030 solum
843 1007 881 1029 ex
905 1008 964 1035 eo,
986 994 1075 1043 quod
1098 995 1163 1030 illic
1186 1006 1301 1030 citetur
1324 995 1509 1030 Eustatliius
1525 997 1573 1039 ⁹),
1609 996 1663 1043 qui
1690 993 1786 1028 Suida
1809 993 1866 1026 vii-

156 1065 218 1100 que
234 1053 395 1085 recentior
411 1048 474 1092 est3
502 1046 554 1083 sed
572 1050 670 1082 etiam
686 1060 724 1082 ex
742 1059 799 1089 e0,
826 1045 916 1094 quod
936 1046 1001 1081 duo
1020 1046 1074 1082 issa
1092 1046 1165 1081 loca
1184 1050 1215 1082 in
1231 1045 1448 1096 antiquissima
1464 1046 1608 1081 editione
1623 1045 1738 1080 Aldina
1753 1042 1866 1078 desint.

154 1102 246 1138 Idem
271 1099 448 1137 dicendum
470 1099 514 1134 est
535 1098 575 1134 de
598 1099 663 1134 alio
686 1098 783 1140 loco,
811 1101 867 1145 qui
889 1098 1007 1145 legitur
1030 1101 1061 1133 in
1086 1097 1200 1134 iitdem
1224 1096 1373 1140 scholiis,
1408 1111 1479 1146 pag.
1498 1111 1537 1144 15.
1562 1097 1611 1131 vbi
1635 1096 1775 1132 Phalaris
1798 1095 1866 1130 lau-

153 1153 255 1190 datur.
308 1154 394 1187 Nam
417 1165 477 1187 nec
497 1151 590 1186 illuni
616 1163 706 1185 vetus
732 1149 831 1184 editio
858 1150 976 1185 Aldina
1004 1148 1158 1199 agnoscit.
1216 1149 1276 1185 Sed
1308 1152 1368 1184 hae
1395 1150 1435 1185 de
1464 1163 1498 1184 re
1525 1147 1668 1184 eruditos
1697 1151 1760 1183 iam
1793 1156 1867 1180 ante

155 1207 285 1241 monuit
302 1206 359 1238 Vir
387 1206 420 1238 in
436 1206 529 1238 omni
543 1202 709 1237 dorstrinae
724 1214 844 1249 genere
860 1201 1039 1240 excellens,
1074 1203 1256 1237 Richardus
1279 1201 1463 1243 Bmtleius,
1496 1203 1529 1236 iu
1554 1197 1670 1235 differt.
1694 1199 1734 1235 de
1757 1197 1868 1233 Phala„

153 1256 232 1292 ridis
256 1254 355 1303 Epist.
379 1267 452 1302 pag.
471 1267 517 1290 22,
545 1252 737 1288 Notandum
767 1266 843 1288 vero
867 1252 927 1292 est,
957 1252 1090 1288 Su³darn
1117 1253 1280 1288 interdum
1306 1254 1396 1300 plura
1418 1254 1551 1293 habere,
1592 1264 1689 1299 quam
1711 1249 1868 1285 hodierna

154 1307 278 1344 scholia
303 1309 335 1342 in
360 1305 628 1352 Aristophanem:
657 1303 739 1339 vnde
764 1306 848 1340 redte
873 1304 986 1353 colligi
1010 1304 1098 1353 posse
1124 1303 1268 1345 videtur,
1297 1303 1417 1339 scholia
1441 1304 1494 1338 illa
1518 1317 1586 1338 non
1612 1306 1736 1351 integra
1755 1299 1793 1336 ad
1808 1313 1869 1335 nos

155 1356 347 1408 peruenisse.
397 1356 480 1391 Vide
501 1355 648 1391 noslrum
669 1369 696 1390 v.
717 1353 920 1403 Ἀκαλὴφη,
947 1370 977 1391 ν.
995 1354 1189 1405 'Aurigam-05,
1223 1370 1252 1390 v.
1269 1351 1626 1406 Ἐ’γκεκορὸυλημένσς,
1659 1369 1687 1390 ν.
1707 1360 1870 1392 Μελλονι-

155 1427 248 1462 manfr,
275 1423 303 1445 v.
319 1404 540 1458 Ναξιεςγῆς,
567 1421 596 1441 v.
615 1404 851 1456 Πυξοῤῥοιγῆς,
878 1421 908 1442 ν.
925 1407 1120 1448 Σιβυλλιοῖ,
1153 1422 1180 1445 ν.
1197 1406 1373 1456 Στξεθὸς,
1413 1422 1438 1443 ν.
1463 1407 1610 1454 Τίτθοιχ,
1644 1421 1672 1441 ν.
1695 1399 1870 1452 Τραγικῶ-

154 1477 267 1513 τερος,
294 1474 322 1496 v.
342 1458 660 1511 “Υπεςοεκοντίζεσς,
684 1470 743 1494 etc.
762 1461 801 1505 ³).
860 1460 901 1493 Et
923 1460 1002 1493 haec
1025 1459 1127 1494 obiter
1150 1459 1189 1493 de
1212 1458 1381 1494 selioliasse
1405 1458 1640 1507 Aristophani&

257 1547 294 1590 6)
320 1543 418 1592 Qod
442 1543 480 1580 ad
507 1543 647 1579 modum
672 1543 812 1585 adtinet,
841 1556 907 1591 quo
935 1544 1136 1579 collectanea
1161 1546 1239 1579 haec
1262 1543 1383 1591 digesta
1407 1541 1498 1585 sunt3
1525 1546 1559 1578 in
1581 1556 1621 1578 eo
1642 1554 1710 1577 non
1731 1553 1804 1575 raro
1825 1540 1872 1574 iu-

153 1597 276 1634 dicium
303 1606 334 1632 et
355 1596 558 1645 diligentiam
577 1596 802 1644 compilatoris
826 1593 983 1630 desideres
1000 1596 1044 1639 ¹²).
1098 1598 1186 1630 Nam
1208 1597 1336 1644 primo,
1360 1594 1487 1635 noller,
1514 1594 1592 1630 dum
1610 1594 1700 1635 loca,
1721 1605 1759 1627 ex
1778 1594 1869 1626 variis

1276 1646 1281 1649 i
1737 1641 1870 1693 scripto-

1076 1721 1116 1759 x)
1153 1725 1192 1752 Vt
1217 1732 1232 1750 a
1254 1724 1363 1751 Ioanne
1390 1724 1521 1754 Tzetze,
1565 1721 1688 1751 Thoma
1717 1720 1868 1757 Magistro,

1036 1766 1194 1804 Marcoque
1212 1764 1332 1793 Musuro
1350 1766 1462 1804 primae
1486 1763 1606 1793 Aldinae
1628 1763 1764 1792 editionis
1787 1771 1868 1792 cura-

1035 1814 1117 1844 tore,
1139 1815 1167 1836 et
1183 1806 1286 1836 deinde
1303 1808 1340 1835 ab
1357 1809 1391 1836 iis
1402 1830 1409 1841 ,
1432 1809 1482 1847 qui
1498 1805 1693 1836 Florentinam
1709 1807 1739 1834 in
1754 1807 1867 1845 priores

199 1725 236 1762 v)
256 1726 295 1753 Vt
309 1722 385 1764 apud
401 1722 463 1752 lac.
483 1720 671 1762 Thornafium
686 1720 748 1752 diss.
773 1721 808 1750 de
828 1720 925 1759 plagio
944 1720 988 1750 lit-

154 1770 264 1797 terario
281 1768 309 1805 §.
320 1776 384 1801 550.
402 1765 439 1804 sq.
456 1773 484 1794 et
502 1763 693 1805 llſtruſjiirum
704 1764 764 1794 diss.
775 1766 873 1793 critica
889 1774 914 1803 p.
927 1766 989 1798 396.

153 1809 314 1842 Andrcam
330 1808 487 1839 Schottnm
506 1807 595 1846 praef.
618 1807 651 1836 ad
677 1818 794 1845 graecos
817 1806 977 1847 prouerbio

155 1863 220 1882 rum
236 1852 388 1891 scriptores
403 1858 455 1880 etc.
484 1850 598 1889 Georg.
615 1849 804 1889 Sigismund.
830 1849 992 1879 Grefmum

155 1895 217 1925 diff.
226 1897 249 1924 1.
259 1895 293 1923 de
303 1893 450 1923 scholiafle
462 1894 670 1932 Aristophanis,
684 1893 835 1930 Witeberg
844 1896 928 1927 1695.
941 1901 992 1921 etc.

198 1942 239 1967 w)
261 1940 344 1974 Qiae
357 1946 490 1973 maguam
506 1944 615 1976 partem
631 1937 802 1975 pei-uetustis
817 1938 912 1974 iisque
930 1934 990 1963 cla-

155 1981 255 2011 rissimi
273 1981 398 2008 nominis
416 1980 618 2007 Grammaticis
635 1978 794 2011 debentur,
821 1977 988 2018 Apollonio,

155 2023 302 2058 Didymo,
325 2022 515 2056 Symmacho,
540 2022 712 2049 Aristarcho.
764 2023 864 2060 ltaque
881 2030 914 2048 ex
933 2019 989 2049 illis

154 2065 272 2096 suidam
290 2066 396 2105 potius,
419 2074 505 2103 quam
522 2061 698 2091 scholiorum
718 2065 865 2092 auff'torem
882 2073 914 2091 ex
927 2065 988 2092 Sui-

156 2109 209 2138 dae
225 2110 332 2138 Lexico
350 2106 397 2136 sua
411 2104 529 2135 haufiss'e
544 2105 639 2145 plures
654 2107 712 2134 viri
729 2106 807 2135 <loeti
824 2105 990 2142 agnoscunt,

154 2159 186 2181 vt
203 2151 266 2181 Iac:
284 2150 457 2180 Palmerius
472 2159 535 2188 pag.
551 2156 619 2184 720.
663 2150 763 2179 Exere.
781 2149 816 2177 ad
838 2148 989 2187 scriptores

155 2196 295 2229 Graecos,
311 2192 481 2231 Menagius
496 2192 530 2219 ad
541 2192 687 2220 Laertium
705 2202 768 2231 pag.
780 2195 843 2221 26«.
855 2194 919 2225 26⁴-
936 2199 989 2220 etc.

155 2236 306 2276 Meuijlz'us
320 2237 408 2264 variis
426 2237 455 2264 in
471 2233 592 2274 scriptis,
612 2233 734 2263 Florens
750 2233 936 2274 (‘lzristiaims
953 2233 989 2262 ad

155 2280 377 2317 Aristophanem
394 2288 447 2317 pag
465 2286 532 2314 702.
551 2276 680 2306 Marcus
688 2277 871 2308 Meibomius
887 2275 922 2306 ad
932 2278 987 2307 Ni-

154 2322 284 2352 comachi
300 2321 436 2351 Muficam
448 2330 511 2361 pag,
528 2322 576 2356 46.
590 2326 642 2350 etc.

1035 1849 1203 1890 praesertim
1228 1850 1403 1879 Comoedias
1425 1850 1522 1890 passim
1551 1849 1754 1888 interpolatam
1782 1847 1869 1877 dede-

1034 1901 1111 1922 runt.
1155 1892 1230 1922 Vide
1245 1894 1356 1922 Kusteri
1373 1892 1492 1933 praefat.
1516 1894 1546 1922 in
1564 1892 1783 1931 Aristophanem

1073 1935 1112 1974 y)
1137 1937 1250 1965 Citatur
1267 1936 1428 1965 Enstathius
1445 1939 1531 1964 etiam
1554 1937 1583 1964 in
1607 1934 1721 1963 scholiis
1746 1933 1781 1963 ad
1803 1932 1867 1962 Plu-

1034 1984 1096 2006 tum
1118 1989 1144 2007 v.
1164 1987 1224 2009 111¹.
1250 1978 1296 2007 sed
1319 1978 1419 2008 itidem
1444 1980 1473 2007 in
1492 1977 1666 2019 interpolata
1691 1976 1868 2010 Florentino,

1034 2031 1093 2049 non
1109 2020 1209 2050 Aldina
1233 2021 1373 2051 editione.

1075 2064 1112 2100 z)
1135 2063 1250 2093 Suidam
1262 2064 1342 2094 vsum
1360 2062 1442 2093 fuisse
1457 2063 1555 2092 codice
1572 2062 1747 2092 scholiorum
1766 2063 1795 2090 in
1807 2061 1867 2090 Ari-

1034 2106 1126 2145 noph.
1143 2106 1225 2147 saepe
1243 2106 1374 2147 pleniore
1389 2115 1417 2135 et
1432 2107 1629 2143 castigatiore,
1659 2105 1777 2135 adnotat
1794 2114 1867 2144 quo·

1033 2159 1091 2188 que
1109 2148 1274 2191 Hemsterli.
1287 2149 1322 2178 ad
1342 2150 1485 2189 Aristopli.
1506 2149 1620 2178 Plutum
1641 2160 1667 2189 p.
1688 2151 1726 2177 ι6.
1744 2155 1802 2177 not.
1820 2155 1866 2176 22.

1035 2198 1062 2220 et
1079 2202 1142 2231 pag,
1160 2201 1224 2226 452.
1249 2202 1308 2223 not.
1333 2196 1375 2221 61.
1396 2192 1470 2221 adde
1494 2191 1596 2233 supra,
1624 2190 1682 2222 vol.
1702 2192 1735 2220 11.
1759 2201 1785 2231 p.
1802 2194 1867 2225 364.

1033 2233 1085 2262 sub
1103 2235 1200 2263 finem.
1230 2235 1321 2265 Harl.

1076 2278 1134 2313 aa)
1160 2276 1219 2307 Cel.
1237 2278 1281 2308 Io.
1294 2276 1411 2308 Ludou.
1427 2275 1562 2309 &hul-ze,
1586 2277 1614 2304 in
1629 2274 1768 2315 praesenti
1785 2276 1867 2304 theo-

1031 2318 1113 2358 logus
1128 2319 1276 2358 Halenfis,
1298 2323 1328 2351 in
1345 2320 1432 2350 doeio
1442 2319 1603 2361 specimine
1624 2317 1868 2359 obsenuationum

1759 2360 1868 2402 nuscet-

1124 2437 1132 2453 Ι
