2049 2720
566 155 800 193 ELENCHVS
834 157 975 193 CODD.
1000 154 1106 194 MSS.
1138 151 1317 193 IOSEPHI
1391 154 1466 192 Hb.
1479 155 1550 195 IV.
1567 157 1716 196 csVm'.
1761 171 1806 204 τες

536 251 591 297 β)
621 252 749 288 Codices
775 255 830 298 qui
855 254 954 299 libyos
980 256 1016 287 de
1048 253 1075 285 R
1113 253 1140 286 I.
1169 253 1342 288 continent.

188 319 230 353 In
253 319 325 354 bibl.
344 319 434 367 Caes.
454 319 592 355 Vindob.
617 318 692 354 cod.
709 321 762 354 IV.
787 320 868 356 olim
890 323 972 354 inu:
995 320 1165 355 historicos
1186 332 1322 368 graecos
1346 320 1463 355 XXIV.
1490 320 1694 362 chartaceus,
1727 323 1806 358 anti·

13 405 17 409 ,
85 383 185 420 quus,
210 372 314 407 bonae
330 382 445 412 notae,
475 386 493 406 a
507 372 684 406 Busbeckio
701 371 990 421 Constantinopoli
1005 381 1234 420 00111paratu8‚
1263 375 1411 408 continet
1427 371 1593 408 historiam
1611 373 1686 409 belli
1707 373 1769 409 iud.
1786 388 1804 410 a

84 436 157 472 cap.
174 435 220 466 17.
237 423 290 458 lib.
307 426 329 458 1.
347 425 377 472 §.
394 426 513 464 6—8.
542 436 611 471 cap.
631 436 655 459 1.
679 423 751 458 libri
767 425 822 459 VI.

186 491 230 524 In
244 491 316 526 bibl.
335 493 454 525 nation.
475 488 585 538 Paris
602 487 673 525 sunt
687 488 815 526 codices
837 489 964 538 plureS,
992 499 1022 526 et
1038 504 1055 526 e
1071 488 1269 538 quibusdam
1287 492 1353 526 iam
1371 490 1497 526 collatis
1512 493 1678 527 varietates
1694 490 1804 528 1εᾶἱο-

83 554 165 578 num
184 543 445 590 Hauercampius
461 553 644 590 acceperam
672 556 750 592 quas
771 545 918 578 inuenire
932 542 976 579 est
993 545 1024 577 in
1043 541 1221 591 adpendice
1244 555 1275 591 p.
1293 554 1423 588 1—50.
1449 543 1514 578 vol.
1529 544 1568 580 II.
1591 543 1665 580 edit.
1681 545 1806 579 Hauer-

11 614 16 618 -
84 606 192 642 camp.
220 591 272 628 sed
294 598 441 629 numeris
465 593 615 630 codicum
640 592 896 642 11011,adpofitis.
936 597 1077 644 ·Qare‚
1106 597 1242 642 quinam
1260 608 1277 629 e
1297 592 1500 643 sequentibus
1524 596 1587 630 iam
1605 596 1714 630 collati
1730 595 1802 637 suit,

43 670 51 677 .
81 658 152 680 non
166 643 295 694 possum
311 645 514 682 constituere.
566 645 666 681 Addit
679 648 955 694 Hauercampius,
975 649 1068 681 vinter
1085 660 1159 689 eos,
1185 659 1326 696 quorum
1344 646 1537 683 collationes
1553 648 1675 689 habuit,
1698 661 1803 683 vnum

80 694 175 732 fuiffe
198 695 281 733 saec.
302 696 485 740 vndecimi‚
512 701 600 732 cuius
617 701 818 733 mentionem
837 700 870 733 in
885 697 980 734 nullo
995 698 1102 733 adhuc
1115 699 1269 746 catalogo
1287 701 1407 733 inueni.
1460 701 1542 734 Sunt
1556 710 1664 734 autem
1681 700 1712 742 a)
1729 698 1803 736 cod.

79 749 358 785 MCCCCXXIII.
376 751 557 785 membran.
574 753 704 785 saec-“Vt
719 749 867 795 videtur,
886 751 981 786 ‘XIIL
1035 750 1073 797 b)
1089 748 1161 785 cod.
1177 752 1443 786 MCCCCXXV.
1459 751 1643 786 membran.
1662 749 1737 786 saec.
1757 748 1805 786 fe-

79 813 115 836 te
130 802 170 837 X.
185 800 338 837 vetustate
352 800 506 849 insignis,
531 800 752 849 digniffimu5‚
779 805 834 850 qui
853 815 927 836 cum
944 801 1036 836 editis
1059 801 1246 837 conferatur
1270 801 1555 852 Constantinopoli
1576 805 1608 836 in
1634 802 1804 838 bibliothe-

80 855 293 901 cam'regiam
310 852 429 889 illatus.
447 856 490 899 ·-c)
507 853 874 889 cod.‘MCCCCXXVI.
892 854 1126 898 bombycinus,
1144 851 1232 889 saec.
1251 855 1336 888 XIII.
1365 853 1405 900 d)
1420 853 1804 892 cod.MCCCCXXV11.

78 905 261 940 membran.
283 903 363 940 saec.
383 903 594 941 forsan‘XIII.
622 904 844 941 'defidesantur
865 906 946 941 liber
961 907 1184 952 Vluinteger,
1208 907 1324 954 quinti
1346 905 1438 949 finis,
1454 916 1496 941 ¹et
1519 908 1648 941 initium
1664 903 1801 955 septimi.

81 959 112 1000 e)
127 954 199 991 cod.
215 957 531 992 MCCCCXXVIII.
548 959 751 999 chartaceus,
781 955 861 992 staec.
876 968 917 992 Ἣ
932 956 1076 999 videtur,
1094 959 1169 992 XV.
1188 959 1279 1005 *regii
1295 957 1464 992 cuiusdam
1484 957 1607 992 codicis*
1621 955 1697 994 saec.
1717 959 1802 993 XIV.

78 1004 185 1054 scripti
221 1008 433 1044 collationem
469 1010 580 1044 habuit
613 1011 874 1057 Hauercampius
902 1007 954 1043 sed
983 1008 1105 1043 codicis
1134 1021 1310 1043 numerum
1340 1022 1409 1043 non
1437 1007 1598 1057 adposuit.
1666 1007 1702 1052 f)
1727 1009 1800 1044 cod.

77 1059 357 1095 MCCCCXXIX.
376 1061 513 1095 membr.
536 1058 615 1096 saec.
642 1070 675 1094 vt
699 1061 843 1098 videtur,
870 1061 939 1095 XII.
967 1060 1255 1107 Constantinopoli
1279 1058 1421 1100 adlatus,
1436 1064 1593 1095 ·continet
1616 1061 1738 1096 librum
1761 1060 1801 1096 de

77 1109 113 1145 B.
124 1111 148 1149 1.
159 1109 336 1146 secundum
349 1110 454 1146 ferme
469 1113 1092 1159 integrutmterdumintegru1n‚quarti
1107 1114 1238 1158 paginas
1255 1124 1286 1154 4.
1305 1113 1342 1158 g)
1355 1111 1428 1146 cod.
1440 1113 1801 1148 MCCCCXXVHLA.

78 1163 263 1199 membran.
279 1160 358 1198 saec.
375 1173 408 1197 vt
424 1163 566 1204 videtur,
592 1164 662 1197 XII.
680 1164 836 1197 (continet
856 1163 958 1197 libros
978 1163 991 1195 I
1007 1183 1045 1187 —
1058 1164 1111 1196 IV.
1127 1159 1240 1196 inclus.
1263 1176 1265 1180 ’
1287 1163 1332 1196 {In
1348 1160 1499 1197 *seeundo
1520 1176 1623 1211 pauca
1646 1164 1685 1198 'ab
1707 1165 1801 1198 initio

78 1224 111 1249 et
124 1211 180 1249 sub
192 1214 293 1249 finem
308 1213 539 1250 desiderantur.
591 1217 628 1249 In
643 1216 737 1249 tertio
754 1212 849 1249 index
864 1223 894 1249 et
906 1226 1032 1261 paucae
1047 1223 1175 1248 tantum
1189 1216 1337 1262 :paginae
1350 1210 1537 1262 supersunt.
1589 1217 1731 1263 Qartus
1755 1218 1802 1250 in-

78 1275 169 1314 teger
184 1265 245 1306 est,
268 1264 292 1299 fi
310 1265 468 1314 quasdam
478 1267 790 1314 ..paginaslaceratas
806 1266 990 1314 exceperis.

178 1333 450 1380 Montefalconius
466 1334 583 1379 mfirt..
610 1333 662 1380 ff
676 1335 710 1368 in
725 1334 795 1368 bibl.
811 1336 901 1381 regia
920 1332 1028 1379 Paris}
1061 1333 1098 1377 a)
1118 1331 1254 1368 ex'bibl.
1273 1331 1479 1367 Coisliniana
1501 1333 1531 1366 S.
1549 1330 1761 1368 Gerinanenli
1783 1347 1802 1369 a
1836 1350 1848 1355 -

76 1386 174 1434 pratis
189 1383 264 1420 cod.
283 1386 491 1421 CCXXVIII.
508 1388 627 1434 partim
641 1385 823 1420 membran.
843 1387 959 1432 partim
978 1384 1240 1428 bombycinum,
1268 1385 1357 1418 cuius
1378 1386 1484 1418 variae
1504 1395 1628 1432 partes,
1657 1383 1802 1420 diuersae

78 1439 189 1472 aetatis
204 1434 267 1472 effe
285 1437 454 1472 videntur:
482 1438 616 1482 b)'inter
631 1436 772 1478 codices,
789 1450 830 1471 ex
849 1439 984 1471 Oriente
1002 1450 1021 1470 a
1037 1437 1187 1470 Seruinio
1204 1435 1342 1478 adlatos,
1369 1434 1442 1470 cod.
1461 1437 1555 1470 LXX.
1572 1440 1756 1484 egregium,
1770 1446 1803 1471 et

77 1485 158 1524 saec.
172 1489 210 1523 X.
226 1488 278 1524 vel
294 1490 349 1523 XI.
367 1487 546 1537 scriptum:
579 1489 616 1533 o)
636 1487 1007 1524 codd.‘MMCCLV111.
1032 1489 1258 1523 MMCCLIX.
1281 1489 1494 1522 MMCCLX.
1517 1490 1743 1523 MMCCLXI.
1767 1490 1803 1523 in

77 1537 142 1576 fol.
157 1542 237 1577 min.
252 1551 379 1588 praeter
390 1540 564 1576 historiam
576 1540 780 1576 *Iudaeorum
797 1542 896 1576 etiam
915 1538 954 1575 de
970 1538 1102 1575 excidio
1119 1537 1351 1584 Hierosolym,
1376 1539 1546 1575 historiam
1571 1543 1782 1575 continentes,

179 1608 217 1642 In
233 1606 372 1654 adpend.
387 1609 528 1645 tom.‘II.
546 1610 852 1656 Hauercampianae
868 1606 1019 1642 editionis
1032 1605 1156 1642 exstant
1178 1621 1196 1641 a
1213 1619 1287 1655 pag.
1309 1610 1365 1650 176
1377 1614 1502 1648 -180-
1520 1610 1685 1642 varietates
1704 1609 1737 1641 in
1753 1621 1805 1642 ca·

79 1658 181 1706 pitula
202 1658 363 1695 librorum
384 1659 424 1695 de
446 1662 479 1695 B.
500 1661 521 1694 Ι.
547 1659 678 1695 haustae
697 1673 714 1695 e
738 1659 906 1695 codicibus
919 1661 1040 1706 regiis,
1067 1671 1208 1707 quorum
1235 1660 1360 1706 primus
1376 1660 1636 1694 MMCCLVIII.
1653 1657 1732 1694 saec.
1749 1660 1805 1695 XI.

79 1708 159 1746 :lter
177 1711 403 1747 MMCCLIX.
421 1709 500 1747 sace.
517 1713 602 1747 XIV.
619 1714 773 1747 ettertius
789 1712 1017 1747 MMCCLXI.
1033 1708 1112 1745 saec.
1128 1712 1213 1745 XIV.
1239 1721 1385 1746 exaratus
1409 1708 1470 1746 effe
1487 1709 1614 1746 dicitur.

179 1779 223 1813 In
238 1779 484 1826 bithugdzmo
503 1778 721 1814 Ratauaco'd.
735 1782 768 1815 in
784 1792 814 1825 4.
832 1782 866 1815 in
885 1780 996 1815 charta
1011 1775 1111 1813 serica
1127 1775 1280 1827 scriptus,
1302 1779 1402 1814 vinitio
1418 1787 1449 1814 et
1463 1777 1529 1813 fine
1545 1776 1645 1827 paulo
1665 1776 1804 1813 ‘mutilus

80 1841 120 1864 ex
139 1828 217 1865 bibl.
242 1830 413 1878 quondam
429 1829 602 1872 Vossnma,
630 1830 739 1868 exstat.

141 1899 275 1983 Lgner
300 1898 399 1932 libros
422 1905 452 1932 et
478 1899 565 1933 codd.
590 1899 806 1946 MSS.VIstzaci
823 1898 863 1934 V
861 1897 924 1943 offii
953 1900 1051 1933 etiam
1066 1907 1277 1933 memoratur
1299 1896 1404 1933 codex
1429 1895 1563 1946 quidam
1581 1894 1629 1931 ·de
1644 1896 1684 1930 B.
1702 1896 1725 1930 1.
1748 1893 1804 1930 sub

81 1959 128 1986 nr.
219 1951 259 1984 V.

182 2016 225 2050 In
241 2015 312 2050 bibl.
329 2016 547 2050 Laurentium
563 2014 745 2051 Florentiae
760 2015 804 2051 est
820 2014 926 2051 codex
945 2029 1022 2052 cum
1035 2017 1122 2051 notis
1138 2015 1389 2064 marginalibus,
1415 2017 1470 2063 qui
1488 2013 1631 2050 conferri
1647 2024 1801 2057 meretur,

82 2076 115 2102 vt
129 2065 226 2102 video
242 2081 280 2102 ex
297 2066 376 2102 datis
393 2066 433 2102 ad
449 2081 504 2103 me
519 2066 631 2103 litteris
647 2070 707 2103 viri
724 2066 925 2104 eruditiffimi
938 2077 968 2103 et
983 2066 1186 2110 amicissimi,
1213 2065 1370 2103 Francisci
1381 2069 1411 2103 f
1413 2069 1526 2103 omani
1537 2095 1547 2110 .,
1572 2066 1804 2103 Riccardianae

82 2117 206 2155 ibidem
230 2119 304 2154 bibl.
321 2117 486 2168 praefecti.

184 2188 224 2220 In
237 2187 308 2222 bibl.
324 2187 480 2223 Frederici
497 2186 688 2234 Rostgardi,
716 2185 792 2221 teste
808 2186 960 2234 catalogo
976 2185 1137 2222 librorum
1155 2189 1234 2229 eius,
1249 2182 1406 2222 sub'hasta
1420 2185 1640 2228 venditorum,
1657 2184 1802 2221 Hafniae

83 2240 171 2281 1726.
186 2236 248 2273 suit
263 2236 338 2274 cod.
356 2240 563 2281 chartaceus,
590 2241 736 2287 optimae
752 2247 867 2280 notae,
894 2250 962 2282 400
984 2240 1112 2274 circiter
1135 2251 1301 2274 annorum
1325 2242 1359 2275 in
1380 2236 1473 2275 vsum
1496 2240 1746 2286 Hauercampii,
1771 2247 1802 2272 et

83 2288 254 2332 Hudsoni,
281 2293 336 2338 qui
351 2303 428 2324 eum
446 2290 631 2325 abbreuiato
646 2292 784 2325 nomine
799 2290 892 2329 Rost.
915 2292 1012 2325 citare
1036 2288 1137 2334 solet,
1156 2289 1309 2326 collatus.

187 2357 297 2393 Codex
320 2358 470 2404 Episcopi
492 2359 622 2393 Montis
645 2356 825 2404 Pqffulani,
867 2357 945 2393 alias
970 2356 1198 2400 Colbertinus,
1231 2367 1271 2393 ¹et
1299 2356 1385 2406 apud
1416 2353 1720 2393 Montefalconium
1753 2368 1802 2391 nr.

85 2408 298 2444 MMCXLV.
313 2408 472 2457 lignatus,
498 2411 631 2457 iamque
653 2421 760 2458 nuper
782 2424 801 2445 a
823 2422 880 2445 me
896 2412 1104 2453 nominatus,
1125 2409 1229 2445 libros
1247 2421 1382 2458 quoque
1399 2408 1439 2444 de
1452 2411 1486 2444 B.
1504 2411 1528 2444 1.
1543 2410 1697 2444 continet.

130 2480 196 2514 Vol.
214 2482 253 2516 V.
999 2477 1032 2511 D
1759 2475 1802 2508 In
