2049 2720
191 151 356 192 GALENI
387 149 506 189 unm
538 148 722 188 NoMxNE
757 148 807 187 m
838 147 1063 188 mssuo‘rn.
1090 151 1284 190 LATENT
1335 156 1408 194 Lib.
1420 157 1488 196 JV.
1503 171 1527 195 e.
1539 158 1648 198 XIX.
1700 173 1762 209 459

45 250 260 299 Hippocratis
277 249 408 297 graecis.
435 245 587 287 Altorfii‚
612 257 696 291 1795.
710 251 740 286 8.
759 257 832 293 pag.
850 256 895 290 52.
914 242 992 281 secl.
1008 246 1065 281 IV.
1093 246 1254 283 Galenum
1273 251 1305 284 in
1322 259 1408 286 textu
1424 254 1635 301 Hippocratis
1651 270 1761 293 emen-

48 302 177 344 dando,
205 314 241 335 ac
256 303 298 336 ita
312 297 558 339 constituendo,
584 300 627 332 vti
650 299 890 346 Hippocratem
913 295 1018 345 ipsum
1041 294 1194 346 scripfiffe
1212 300 1364 337 credibile
1385 300 1509 345 suisset,
1536 311 1629 342 omni
1653 308 1758 344 [ludio

45 350 228 389 elaborasse.
281 353 371 386 Hine
387 352 422 385 in
439 352 505 385 eius
523 350 767 385 commentariis
782 348 887 383 multa
905 346 994 391 sunt,
1022 349 1134 397 quibus
1160 348 1286 387 futurus
1306 366 1444 402 operum
1463 358 1671 404 Hippocratis
1693 359 1760 394 edi.

46 414 100 440 tor
114 403 154 439 ad
170 401 278 451 ipsum
300 403 511 451 Hippocratis
535 410 661 437 textum
684 399 929 435 emendandum
952 401 995 434 vti
1017 403 1154 449 poterit,
1182 403 1360 452 quibusque
1381 403 1486 441 saltim
1508 422 1577 444 nou
1604 412 1759 446 omnibus

46 454 94 492 vfi
116 453 189 491 sunt
205 455 345 490 editores
363 466 522 502 operum,
548 455 713 488 autetiam
730 450 936 499 fingulorum
953 451 1113 487 librorum
1128 453 1360 502 Hippocratis,
1389 460 1419 492 in
1440 472 1522 507 quos
1539 460 1653 496 Galeni
1668 475 1761 499 com-

45 509 197 544 mentarii
215 505 347 541 exstant.
399 503 507 540 Multa
526 506 621 539 etiam
639 502 794 551 congeffit
807 503 948 538 Galenus
966 505 999 537 in
1016 500 1077 538 suis
1092 509 1338 541 commentariis
1358 508 1397 543 ad
1421 510 1589 547 historiam
1615 512 1760 560 fingule-

44 572 122 594 rum
136 559 310 597 librorum,
338 569 420 603 quos
438 555 587 590 instruxit
602 557 867 597 commentariis,
894 553 1138 598 illustrandum,
1163 567 1195 592 et
1210 556 1250 591 ad
1266 557 1420 595 iudicium
1436 563 1561 597 rec‘lum
1577 563 1617 598 de
1639 578 1759 602 eorum

44 619 101 645 aut
115 609 283 658 genuinis,
307 617 362 642 aut
375 605 489 655 spuriis
506 606 686 653 originibus
709 604 903 649 ferendum,
926 608 960 640 in
979 619 1042 656 qua
1059 619 1095 641 re
1117 620 1216 656 quam
1239 608 1380 644 studiose
1400 609 1499 647 fuerit
1520 613 1670 656 versatus,
1692 614 1758 664 ipse

43 673 109 708 ego
125 657 256 708 copiose
270 659 407 706 probaui
429 661 464 692 in
486 658 634 693 biblioth.
649 670 786 705 graecae
807 659 902 692 huius
926 658 996 695 libr.
1015 660 1055 693 ll.
1075 670 1146 707 cap.
1161 671 1208 702 23.
1231 661 1264 708 ᾗ.
1283 672 1329 697 12.
1351 661 1418 696 vol.
1437 665 1474 698 Π.
1500 677 1573 711 pag.
1590 675 1652 711 513.
1673 676 1704 701 et
1724 670 1759 703 in

41 711 187 761 pluribus
200 711 301 759 longe
316 710 383 745 aliis
398 710 489 745 locis.
542 708 651 744 Multa
666 712 762 744 etiam
780 722 819 744 ex
835 710 1061 758 interpretibus
1085 711 1314 758 Hippocratis,
1338 710 1399 748 suo
1422 728 1505 750 aeuo
1530 714 1759 765 superioribus,

42 762 195 806 adduxit,
221 776 303 812 quae
317 772 437 810 quanta
452 759 533 804 fint,
558 760 715 809 colligere
733 761 810 797 licet
826 774 865 797 ex
883 758 999 797 differt.
1015 760 1141 797 doctiss.
1157 763 1266 805 Preu,
1291 761 1386 812 supra
1406 767 1509 802 citata.

143 845 234 895 Ipsos
249 860 328 883 vcro
343 848 555 896 Hippocratis
570 855 674 882 textus
697 847 781 881 mira
805 855 837 881 et
858 843 1031 895 sagacitate
1056 856 1088 882 et
1109 843 1281 884 subtilitate
1304 849 1473 899 exposuit,
1499 851 1688 900 praesertim
1711 868 1759 892 ra.

42 901 134 934 tione
146 901 253 934 habita
269 901 391 946 ingenii
408 898 616 946 consiliique,
643 910 709 946 quo
726 900 944 945 Hippocrates
960 901 993 932 in
1011 898 1250 946 componendis
1272 899 1361 936 libris
1385 900 1446 938 suis
1468 903 1537 939 vsus
1560 903 1667 943 fuerit.
1721 907 1757 943 Id

40 959 152 986 tamen
168 952 237 984 vitii
252 951 370 984 habent
385 963 499 984 omnes
514 952 581 984 eius
597 951 846 989 commentarii,
873 959 906 983 vt
927 950 1025 983 nimis
1041 949 1167 995 copiofi
1190 948 1269 993 fint,
1297 966 1334 987 ac
1355 953 1528 990 verborum
1552 958 1638 991 inani
1659 961 1757 1006 copia

40 999 208 1042 laborent,
235 1011 332 1048 vtque
347 1004 452 1035 minus
476 1003 522 1035 rei
536 999 664 1036 Galeno
689 999 726 1034 sit
750 1001 782 1034 in
798 1000 885 1034 recle
898 999 1100 1048 explicandis
1123 1002 1179 1043 iis,
1206 1014 1287 1049 quae
1308 1014 1362 1038 aut
1388 1004 1428 1039 ad
1450 1006 1597 1042 historias
1621 1010 1757 1046 morbo.

38 1065 135 1094 rum,
162 1062 217 1087 aut
240 1052 280 1087 ad
302 1050 465 1102 praesagia
487 1054 668 1098 pertinent,
691 1050 766 1099 plus
788 1064 867 1086 vero
889 1053 922 1085 in
945 1049 1110 1098 farragine
1137 1064 1247 1087 rerum
1269 1067 1307 1088 ac
1327 1056 1502 1092 verborum
1533 1059 1741 1106 congerenda

41 1116 126 1151 quae
150 1103 286 1151 legentis
306 1107 453 1139 animum
475 1100 581 1146 fallit,
613 1116 719 1151 neque
743 1099 870 1151 semper
890 1102 1145 1147 confirmandis,
1180 1103 1392 1149 illustrandis,
1421 1119 1478 1146 aut
1500 1106 1685 1148 refellendis
1703 1090 1756 1154 iis:

37 1168 124 1205 ¹quae
145 1155 185 1190 ab
201 1156 404 1204 Hippocrate
419 1152 552 1190 fuerunt
568 1152 675 1196 dicta,
701 1152 869 1189 conducit.

140 1260 225 1293 XIV.
252 1256 385 1293 Exstant
405 1259 503 1292 etiam
520 1255 683 1306 permulta
699 1254 833 1298 Galerii,
860 1265 914 1290 aut
927 1255 1053 1292 Galeno
1068 1254 1244 1304 adscripta,
1271 1268 1326 1295 aut
1341 1272 1380 1295 ex
1394 1261 1510 1298 Galeni
1526 1263 1616 1301 libris
1631 1265 1761 1310 hausta,‘

37 1313 75 1347 in
93 1308 298 1345 bibliothecis
325 1308 477 1345 nondum
499 1311 584 1356 typis
607 1307 758 1356 vulgata,
785 1321 867 1356 quae
886 1309 940 1342 hie
965 1307 1111 1343 notanda
1131 1305 1214 1345 sunt.
1241 1328 1293 1338 —
1319 1311 1437 1348 Galem·
1457 1316 1496 1349 de
1507 1315 1587 1362 sero
1605 1318 1696 1353 labris
1718 1319 1757 1354 Ιί-

22 1362 135 1398 «bellus
154 1362 253 1398 exstat
269 1363 302 1396 in
324 1361 474 1396 biblioth.
487 1361 640 1395 Modicia.
666 1357 802 1394 Bandini
817 1360 874 1394 ΠΙ.
887 1371 963 1407 pag.
980 1372 1043 1395 122.

141 1428 258 1463 Seleffa
282 1440 300 1462 a
331 1427 453 1462 Galeno
482 1427 521 1461 de
549 1429 650 1461 variis
679 1428 862 1461 morborum
886 1427 1073 1470 generibus,
1112 1428 1315 1474 remediisque
1341 1430 1386 1463 ad
1413 1430 1536 1467 illorum
1561 1437 1759 1470 curationem

38 1482 173 1517 maxime
199 1481 318 1514 idoneis
343 1477 416 1513 sunt
441 1491 558 1526 graece
585 1481 618 1512 in
646 1477 795 1514 biblioth.
820 1477 913 1527 publ.
939 1478 1048 1526 Paris?
1073 1480 1383 1516 nnMMCCXXX.
1420 1493 1452 1518 et
1483 1482 1539 1520 lat.
1571 1488 1607 1522 in
1641 1486 1758 1523 eadem

37 1545 89 1570 nr.
106 1530 642 1567 MMMMMMMDCCCXXXI.

146 1598 262 1632 Galem'
275 1597 312 1632 de
326 1599 525 1642 torporibus,
550 1597 674 1643 ctuffls,
689 1596 912 1646 stgnissmis,
937 1599 1061 1644 aegris,
1087 1599 1220 1633 neutris.
1273 1598 1394 1636 Codex
1408 1600 1452 1636 est
1470 1605 1504 1638 in
1522 1602 1597 1639 bibl.
1612 1595 1759 1640 c‘athedr.

39 1649 264 1696 'Wgornieiff
282 1661 329 1683 nr.
347 1653 424 1692 760.
451 1658 482 1683 et
505 1651 538 1682 in
561 1651 629 1683 libr.
655 1650 790 1684 Roberti
804 1650 996 1696 Burscough
1019 1662 1067 1684 nr.
1083 1654 1177 1695 7675.
1204 1669 1254 1677 —
1282 1652 1426 1686 Galenus
1445 1655 1482 1688 dc
1496 1662 1615 1688 natura
1629 1655 1760 1691 hominis

40 1701 140 1738 exstat
157 1703 191 1735 in
208 1702 378 1737 Vatirana.
403 1698 590 1735 Montfauc.
606 1713 679 1748 pag.
697 1707 747 1740 28.
773 1720 821 1726 —
850 1701 992 1734 Galenus
1013 1701 1052 1734 de
1072 1708 1160 1735 motu
1180 1703 1363 1737 animalium
1380 1703 1424 1738 est
1443 1707 1477 1739 in
1494 1705 1662 1741 Vaticana.
1689 1706 1712 1743 l.
1732 1721 1760 1743 e.

39 1766 118 1804 pag.
135 1764 183 1795 34.
211 1772 259 1779 -
289 1752 428 1787 Galenus
449 1753 486 1786 de
508 1754 654 1786 medicina
674 1751 718 1785 est
742 1752 777 1785 in
801 1750 875 1786 bibl.
897 1750 1064 1801 Caffincnfi.
1090 1750 1282 1788 Montfauc.
1295 1766 1371 1803 pag.
1387 1766 1452 1791 221.
1477 1776 1530 1783 —
1555 1758 1696 1806 Isagoge
1718 1760 1762 1794 ad

37 1807 178 1852 regimen
193 1803 311 1838 Galam·
333 1814 399 1838 erat
419 1804 454 1837 in
474 1802 547 1838 libr.
562 1804 602 1837 R.
618 1804 810 1850 Burscough
831 1801 927 1838 codd.
940 1815 991 1838 nr.
1009 1808 1104 1847 7673.

148 1870 288 1915 Eclogae
307 1881 348 1903 ex
372 1869 571 1913 Hippocrate
595 1875 624 1902 et
647 1869 770 1903 Galeno
794 1882 813 1903 a
835 1868 1023 1916 Busbequio
1047 1878 1173 1910 emme,
1195 1867 1267 1904 sunt
1287 1872 1322 1903 in
1343 1870 1420 1906 bibl.
1444 1871 1486 1906 V
1482 1872 1584 1909 indob.
1605 1874 1757 1910 Lambec.

40 1921 96 1958 lib.
111 1921 167 1955 Vl.
188 1930 270 1968 part.
287 1920 325 1954 ll.
341 1932 417 1967 pag.
432 1931 504 1953 100.
557 1921 638 1953 Sunt
655 1932 806 1965 graecae3
829 1917 920 1954 conf.
939 1918 980 1954 de
994 1917 1104 1954 Neffel
1119 1929 1203 1969 part.
1219 1921 1275 1955 ΠΙ.
1291 1933 1369 1970 pag.
1385 1934 1431 1968 25.
1456 1942 1507 1951 —
1533 1925 1761 1972 Compendium

41 1986 79 2010 ex
95 1971 214 2007 Gelono
235 1970 334 2005 exstat
356 1973 389 2004 in
408 1970 601 2004 bibliotheca
617 1971 780 2005 Bauarica.

142 2037 307 2083 Anonymi
324 2037 450 2070 tabulae
465 2037 647 2083 diuiſsomtm
662 2039 693 2070 in
706 2036 860 2083 plusculis
874 2035 965 2071 libris
981 2035 1098 2072 Galem'
1112 2033 1186 2072 sunt
1203 2038 1236 2072 in
1255 2037 1329 2074 bibl.
1350 2038 1392 2074 V
1389 2041 1586 2089 inclobomns
1609 2044 1761 2082 Lambec:

42 2091 99 2128 VI.
118 2102 191 2139 pag.
209 2101 267 2131 151-
295 2108 345 2113 -—
372 2088 514 2122 Galenus
536 2091 572 2122 de
589 2088 723 2133 pqffione
743 2089 988 2135 uniuscuiusque
1007 2090 1182 2133 particulae
1206 2088 1250 2123 est
1275 2091 1309 2125 in
1330 2090 1404 2126 bibl.
1425 2089 1563 2129 fratrum
1586 2097 1757 2132 minorum

43 2139 195 2178 cesenae.
222 2136 407 2174 Monrfauc.
430 2151 505 2187 pag.
523 2151 587 2181 433.
619 2159 663 2164 --
701 2139 843 2186 Eclogae
866 2152 906 2172 ex
932 2141 1053 2174 Galeno
1076 2137 1148 2174 sunt
1169 2142 1200 2174 in
1224 2141 1298 2176 bibl.
1321 2142 1361 2177 V
1359 2143 1503 2178 indohon.
1530 2146 1678 2182 Lambec.
1698 2150 1758 2184 VI.-

45 2206 121 2243 Pag.
140 2203 199 2237 ¹53·
224 2210 274 2218 —-
302 2191 498 2233 Excerptum
519 2194 553 2223 de
564 2191 737 2234 pleuritide
755 2190 799 2224 est
819 2193 851 2224 in
869 2190 1014 2225 biblioth.
1029 2190 1176 2227 vindob.
1192 2193 1344 2228 Lambec.
1359 2195 1431 2230 V11.
1444 2208 1516 2244 cap.
1532 2208 1580 2241 25.
1605 2219 1658 2229 -ψ-
1683 2199 1755 2234 Ex.

44 2250 150 2290 cerpta
165 2255 204 2277 cx
219 2241 339 2276 Galeno
358 2240 430 2276 sunt
448 2244 482 2276 in
506 2240 638 2286 eadem,
666 2242 816 2276 Lambec.
837 2242 893 2275 VI.
911 2254 987 2290 pag.
1004 2254 1055 2288 93.

147 2316 317 2357 Collcffio,
346 2319 379 2351 in
400 2329 462 2362 qun
479 2319 614 2361 Galem',
639 2318 801 2362 Xenonis,
825 2317 950 2352 Malaia·
969 2323 1000 2352 et
1019 2317 1175 2356 Crateuas
1195 2319 1272 2356 libri
1292 2321 1329 2357 de
1348 2324 1483 2358 materia
1496 2322 1621 2363 medica,
1642 2327 1757 2362 eratin

46 2367 191 2413 biblioth.
211 2370 435 2418 cantatuzcni.

899 2443 1029 2492 Mmm
1056 2455 1073 2478 α
1588 2450 1754 2499 Excerpta
