2013 2725
219 150 283 184 '262
382 145 453 182 Lib.
465 141 535 181 IV.
547 154 571 179 c.
581 139 673 179 XV.
787 139 1088 180 'ARTEMIDORI
1117 139 1361 178 EDITIONES
1378 178 1382 182 ,
1712 143 1934 179 v01.111.p.406

222 238 320 294 τρῴω
336 237 494 289 ὄνόμοιτι,
521 234 643 277 ταῦτ-σι’
656 254 699 285 με
711 236 987 287 προτρέψασθαι]
1001 236 1061 281 τῆς
1079 237 1137 281 σ’ἥς
1153 234 1278 288 oles-rii:
1291 252 1348 284 κρῆ
1364 237 1491 284 σοφίας
1503 232 1728 286 προνοέμενον.
1779 234 1842 288 Ka)
1859 233 1934 287 «γοδς

221 285 307 341 εἷναί
322 290 400 331 ‘moe‘
419 287 534 330 Λυδοῖς
554 288 727 341 προξενίαν
743 287 827 339 πρὸς
846 291 1003 328 Φοίνικας
1017 293 1058 334 “’),
1081 292 1108 327 oi
1127 288 1178 328 τοὶ
1199 286 1339 340 πάτριοι
1356 287 1427 338 ἡμῖν
1441 287 1635 340 ἐξηγέμενοι
1649 289 1768 338 φασίν.

322 387 413 420 vm.
439 382 592 432 [Codices
615 385 706 418 mssti
727 380 800 417 sunt
813 385 846 418 in
860 381 1006 417 biblioth.
1027 382 1150 417 Veneta
1166 383 1208 416 D.
1224 382 1331 417 Marci
1350 381 1437 425 duo,
1461 380 1541 418 saec.
1558 383 1597 417 V.
1624 380 1707 428 (vid.
1724 381 1816 418 catal.
1834 369 1935 418 cod&
1996 371 2004 377 ’

219 451 327 487 graec.
348 450 422 485 pag.
438 447 484 478 ¹31
501 434 564 484 sq.)
590 455 641 462 --
665 437 699 470 in
723 434 798 470 bibl.
820 435 976 469 Laurent.
992 434 1107 468 Medic.
1142 434 1300 476 (Bandin.
1326 435 1418 469 catal.
1444 433 1540 469 codd.
1560 446 1607 482 gr.
1623 434 1677 468 111.
1699 433 1763 469 col.
1779 440 1851 478 387.
1868 431 1932 482 fil.)

220 489 296 525 cod.
314 491 402 523 V111.
426 488 506 536 plut.
524 494 575 529 87.
605 496 636 521 et
660 484 761 521 Band.
787 484 936 527 adnotat,
976 485 1115 520 Tollium
1139 487 1173 520 in
1194 484 1314 520 codicis
1338 488 1565 534 integumento
1587 482 1758 534 smipfiffe,
1787 481 1819 520 se
1840 488 1932 528 1687.

218 537 324 577 mens.
347 540 420 574 Ost.
444 534 614 573 contulisse
634 539 723 572 hunc
743 537 891 572 codicem
912 549 987 571 cum
1011 537 1149 585 Rigaltii
1171 535 1332 579 editione,
1373 547 1407 572 vt
1430 539 1509 572 hinc
1529 535 1638 572 ederet
1657 535 1930 572 emendatiorem.

215 590 317 627 Band.
332 603 410 626 vero
424 588 531 628 addit,
556 586 588 624 se
603 588 721 624 multas
735 588 904 631 Ιεὲὶίοηεε,
926 589 965 623 ab
982 587 1124 623 editione
1141 587 1273 636 Rigaltii
1293 585 1526 636 discrepantes,
1553 591 1725 637 praecipue
1748 589 1832 622 circa
1850 586 1934 622 diui·

216 643 344 679 fionem
369 651 399 676 et
420 654 597 676 numerum
620 643 762 688 capitum
785 643 818 675 in
841 638 1016 687 praemissis
1043 637 1162 674 fabulis
1185 638 1458 676 animaduertisse.
1484 661 1534 668 —
1567 642 1605 675 In
1626 641 1679 675 M.
1694 640 1872 675 Britannia
1897 641 1932 674 in

215 694 291 731 bibl.
312 694 486 729 Bodleiana
509 705 558 727 nr.
574 703 663 737 2945.
688 693 762 736 (cat.
775 693 869 727 MSS.
888 705 963 740 pag.
984 692 1059 736 152.)
1079 705 1118 727 ex
1138 689 1211 726 cod.
1228 691 1333 737 Nafri
1348 692 1512 735 arabicus,
1536 694 1705 727 continens
1721 688 1932 727 somniorum

215 750 427 794 interpretatt.
453 757 493 779 ex
516 743 742 792 Artemid0r0‚
773 756 872 790 quem
900 741 1022 791 saepius
1052 745 1145 785 citat,
1178 742 1314 791 aliisque
1340 742 1585 779 consarcinata&
1614 763 1662 771 —
1689 744 1729 777 ln
1750 741 1826 789 b'ibl.
1848 741 1933 777 Can-

215 799 336 844 tabrig.
352 795 486 844 collegii
503 798 584 830 Caio
599 793 807 830 Gonuilenfis
825 808 876 829 nr.
893 806 969 840 950.
992 794 1065 829 cod.
1089 807 1138 843 gr.
1163 793 1368 836 Artemidor„
1384 794 1425 831 de
1448 798 1612 843 interpret.
1635 791 1854 830 somniorum.
1880 812 1933 821 —

215 851 256 885 In
272 847 348 883 bibl.
366 847 451 882 Edu.
464 847 628 881 Bou-nardi
646 848 728 881 iuter
749 845 849 881 libros
873 858 922 894 gr.
940 858 1016 880 cum
1029 843 1150 894 scriptis
1167 845 1263 880 codd.
1278 846 1414 883 collatos
1431 857 1488 882 etc.
1511 860 1559 882 nr.
1574 858 1670 890 4707.
1692 844 1935 880 Artemidorus-¹

213 921 266 929 -—
290 899 429 944 Neapoli
443 901 476 932 in
490 898 568 934 bibl.
585 899 616 934 S.
633 899 721 934 Ioan.
737 896 777 932 de
793 898 935 934 carbon.
952 906 1010 933 etc.
1028 896 1101 934 cod.
1115 910 1226 933 recens
1243 897 1434 945 bombycin.
1459 897 1525 934 vid.
1542 898 1727 944 Montfauc.
1740 895 1818 943 digr.
1835 895 1932 941 italic.

211 964 288 1002 pag.
304 963 363 993 311.
391 949 506 996 ΗΜΛ]

317 1028 442 1063 Graece
458 1026 605 1074 primum
623 1022 699 1060 editi
721 1020 794 1059 sunt
814 1024 886 1060 libri
904 1026 1049 1073 quinque
1065 1024 1268 1061 Artemidori
1282 1025 1321 1061 ab
1338 1023 1426 1060 Aldo
1446 1023 1488 1070 Ψ)
1504 1039 1532 1060 a.
1548 1031 1629 1070 15¹8.
1645 1031 1676 1067 8.
1691 1024 1724 1070 ³)

314 1095 435 1130 Latine
458 1095 550 1127 vertit
571 1094 672 1127 Lamo
691 1093 889 1132 Cornarius,
918 1090 1074 1140 phyficus
1100 1091 1417 1134 Francofordienfis‚
1445 1091 1537 1128 Bafil.
1556 1103 1639 1137 1537.
1652 1093 1683 1135 ⁹)
1699 1097 1729 1132 8.
1752 1088 1837 1138 apud
1854 1089 1932 1128 Fross

210 1148 284 1183 ben.
339 1147 391 1192 [in
414 1146 579 1180 Maittaire
600 1148 637 1179 A.
654 1145 699 1177 T.
723 1145 784 1178 111:
796 1156 870 1192 pag.
887 1156 962 1188 300.
987 1145 1104 1179 rediius
1125 1147 1257 1181 cita'tur:
1288 1143 1383 1191 Bafil.
1400 1155 1482 1190 1539.
1500 1149 1528 1186 8.
1552 1156 1609 1192 per
1635 1145 1727 1179 Hier.
1743 1142 1878 1179 Froben.
1900 1151 1938 1179 et>

209 1200 285 1236 Nic.
303 1194 470 1245 Episcop.]
496 1206 527 1231 et
542 1194 646 1244 Lugd.
665 1197 755 1240 1546.
775 1201 804 1234 8.

317 1265 435 1299 Graece
460 1273 491 1298 et
510 1263 624 1305 latine,
658 1271 781 1297 retenta
803 1263 960 1297 Cornarii,
977 1261 1142 1308 versione,
1176 1262 1252 1298 licet
1272 1274 1342 1299 non
1367 1275 1468 1312 vsque
1491 1274 1619 1311 quaque
1640 1263 1786 1312 optima,
1819 1260 1932 1299 recudi

213 1315 293 1354 fecit
314 1317 467 1351 Nisoluus
481 1316 668 1362 Rigaltins,
697 1311 789 1349 Paris.
805 1316 894 1354 1603.
915 1327 945 1358 4.
972 1313 1086 1349 additis
1110 1313 1241 1350 eruditis
1262 1318 1366 1360 notis,
1407 1317 1441 1349 in
1470 1315 1584 1362 quibus
1616 1315 1693 1350 hinc
1715 1311 1792 1348 iude
1821 1312 1931 1350 laudat

211 1366 456 1405 emendationes
474 1363 569 1400 Isaaci
591 1363 784 1401 casauboni.
835 1366 887 1400 De
908 1364 1007 1399 titulis
1030 1379 1107 1401 vero
1131 1369 1273 1414 capitum
1298 1364 1445 1401 obseruat
1467 1378 1540 1414 pag.
1560 1378 1608 1404 ιο.
1634 1365 1805 1412 Hicsemel
1817 1371 1931 1400 notan.

211 1422 306 1459 dum,
333 1419 416 1465 quod
427 1418 626 1464 saepiuscule
650 1419 684 1451 in
709 1417 757 1451 his
778 1417 869 1450 libris
893 1416 1053 1461 obserunri
1071 1419 1178 1463 poffi't,
1212 1420 1374 1463 imperitos
1396 1418 1544 1452 librarios
1565 1418 1675 1462 ineptis
1697 1416 1805 1451 titulis
1815 1417 1931 1452 ,coliae-

209 1473 315 1509 untia
329 1472 433 1516 capita
447 1467 636 1514 disinnxzffi.
687 1467 828 1502 Subiecit
842 1465 931 1502 idem
946 1467 1108 1515 Rigaltius
1124 1471 1341 1505 Onirocritica
1356 1468 1611 1516 Astrampsyclzi,
1636 1467 1810 1512 Nicephori
1825 1468 1931 1504 CPol.

212 1533 245 1558 et
262 1522 439 1559 Aclzmetis,
467 1519 506 1555 de
528 1519 642 1567 quibus
661 1517 745 1553 infra
764 1520 794 1565 §.
809 1519 853 1553 XI
868 1514 912 1566 sq.
966 1519 1019 1564 [In
1034 1519 1126 1555 catal.
1144 1519 1218 1556 bibl.
1236 1520 1393 1569 Leidenfis
1408 1532 1483 1569 pag.
1499 1523 1570 1563 246.
1587 1532 1635 1556 nr.
1651 1530 1702 1562 30.
1722 1521 1837 1555 citatur
1852 1518 1928 1557 edit.

212 1577 264 1610 cui
284 1573 330 1620 Is.
348 1572 466 1617 Wffius
486 1573 538 1606 hic
561 1570 627 1607 illic
651 1568 816 1619 adscripsit
837 1567 1022 1618 quaedam]

311 1646 513 1686 Artemidori
536 1645 714 1681 editionem
738 1660 756 1680 a
777 1645 923 1681 Grutero
944 1644 1138 1693 prorniss‘hm
1162 1645 1289 1683 testatus
1313 1646 1356 1684 est
1378 1647 1424 1695 U.
1444 1647 1645 1694 Casaubonus
1668 1645 1804 1696 epistola
1817 1658 1864 1691 33.
1886 1648 1930 1685 ad

213 1700 299 1738 frid.
315 1699 574 1746 Lindebrogium
598 1695 712 1745 scripta
733 1711 762 1731 a.
778 1708 862 1742 1595.
914 1697 1032 1732 Nostra
1055 1708 1156 1733 aetate
1178 1711 1303 1734 nouam
1330 1700 1422 1734 huius
1447 1696 1608 1747 scriptoris
1631 1694 1753 1737 ἔκδοσιν
1773 1699 1930 1736 molieba-

213 1762 266 1788 tut
283 1753 415 1788 Iacobus
437 1751 581 1791 Tollius,
607 1751 662 1797 qui
683 1748 756 1784 loca
780 1761 941 1796 perpauca
961 1748 1161 1784 Artemidori
1183 1754 1287 1798 tangit
1312 1753 1346 1784 in
1369 1748 1509 1784 fortuitis
1531 1748 1605 1784 suiss.
1633 1750 1711 1795 [vid.
1726 1750 1839 1798 paullo
1854 1761 1928 1788 ante

212 1803 254 1841 de
269 1803 343 1841 cod.
359 1802 504 1839 Florent.
521 1800 658 1846 notata]
710 1799 805 1835 Plura
823 1798 1010 1836 emendauit
1023 1810 1054 1835 et
1070 1799 1240 1836 illustrauit
1253 1801 1449 1838 Lambertm
1464 1802 1551 1840 Bos,
1579 1802 1845 1850 Franequeranae
1858 1816 1928 1838 aea.

497 1872 499 1875 ·
1799 1851 1929 1891 dentiae

256 1948 293 1988 v)
314 1950 396 1979 Num
414 1949 512 1988 itaque
534 1944 646 1988 Cafflus
668 1945 719 1975 iste
740 1945 937 1982 magistratum
967 1954 1047 1982 gere·
1142 1948 1178 1979 x)
1201 1947 1245 1974 De
1268 1944 1347 1974 editt.
1368 1954 1400 1973 ac
1418 1944 1599 1974 versionibus
1622 1943 1706 1985 plura
1722 1944 1798 1984 leges
1814 1957 1880 1977 cum
1894 1949 1927 1979 in

214 1992 264 2022 bat
284 1994 314 2021 in
337 1992 512 2021 Phoenicia?
556 1984 598 2019 lia
622 1988 759 2018 videntur
775 1988 844 2016 haec
867 1987 1046 2017 Artemidori
1099 1985 1239 2017 clement.
1260 1986 1332 2017 Bibl.
1348 1987 1477 2016 curiense
1492 1996 1542 2017 etc.
1568 1994 1638 2017 tom.
1653 1989 1689 2018 11.
1710 1999 1775 2028 pag.
1792 1998 1850 2025 ¹50
1867 1991 1929 2033 sqq.

213 2035 304 2065 verba
327 2033 454 2063 suadere.
505 2033 694 2062 Phoenicium
721 2029 860 2059 odoratus
890 2032 977 2059 etiam
1005 2031 1044 2059 cst
1097 2030 1147 2059 vbi
1167 2040 1230 2070 pag.
1249 2038 1308 2064 152.
1331 2029 1446 2070 copiose
1466 2038 1608 2059 memorat
1624 2031 1767 2060 versiones
1782 2031 1928 2071 gallicam,

212 2077 434 2107 accuratiffimus
456 2074 658 2105 Tillemontius
679 2081 749 2102 rom.
765 2075 801 2102 11.
823 2073 886 2101 hist.
916 2075 1043 2113 impera·
1097 2082 1162 2101 cum
1176 2073 1406 2102 diuinationibus
1423 2071 1551 2113 August·
1567 2071 1676 2112 Niplzi,
1692 2073 1785 2111 Lugd.
1802 2078 1884 2112 1609.
1900 2082 1927 2110 8.

212 2129 269 2152 tor.
292 2130 356 2160 pag.
371 2128 438 2156 732.
459 2117 546 2154 [adde
562 2116 707 2155 Baylium
728 2115 746 2145 1.
763 2126 784 2145 c.
806 2116 848 2144 lit.
867 2114 914 2150 C.]
1095 2122 1122 2144 et
1142 2114 1227 2145 Paris.
1245 2118 1325 2150 1664.
1340 2121 1363 2147 8.
1386 2122 1471 2154 atque
1485 2114 1611 2151 italicam
1628 2114 1718 2145 Petri
1731 2116 1846 2156 Lauri,
1870 2122 1927 2149 Ve-

255 2165 301 2198 ω)
324 2164 401 2191 Caue
423 2160 520 2189 credas
542 2158 685 2187 Lindenio
706 2165 734 2186 et
750 2156 918 2193 Merkhno,
940 2159 993 2196 qui
1013 2159 1042 2187 in
1094 2165 1152 2186 net.
1167 2166 1247 2193 1542.
1268 2165 1297 2186 et
1320 2166 1400 2194 1547.
1417 2163 1444 2190 8.
1465 2165 1527 2186 tum
1544 2155 1652 2187 Melch.
1667 2157 1745 2188 Lud.
1764 2158 1929 2193 Wa'ekind

214 2215 303 2247 opere
321 2204 356 2233 de
378 2204 487 2243 scriptis
509 2201 627 2230 medicis
651 2199 791 2235 referunt,
816 2207 930 2239 praeter
951 2199 1042 2229 libros
1095 2198 1237 2230 ausfiihrl.
1258 2200 1429 2230 Verzcichn.
1451 2210 1510 2229 von
1531 2208 1616 2228 raren
1637 2201 1789 2237 Biichern,
1811 2210 1885 2244 part.
1900 2205 1924 2236 1.

213 2256 338 2290 quatuor
361 2247 396 2276 de
420 2246 538 2276 somniis
561 2243 654 2272 editos
676 2244 763 2272 etiam
783 2242 837 2271 effe
859 2242 894 2270 ab
914 2241 988 2272 Aldo
1007 2242 1041 2272 li·
1094 2253 1158 2283 pag.
1178 2252 1228 2272 221
1245 2241 1306 2282 sqq.
1330 2242 1381 2271 vbi
1400 2252 1517 2282 quoque
1539 2242 1632 2271 verfio
1656 2252 1784 2279 german.
1806 2247 1925 2284 Argent.
1968 2279 1973 2281 ,

211 2294 280 2323 bros
298 2292 333 2320 11.
354 2289 483 2318 eiusdem
508 2285 687 2317 Artemidori
708 2285 742 2314 dc
770 2286 900 2322 auguriis
926 2295 957 2313 ac
980 2295 1043 2314 ma-
1094 2285 1113 2316 s.
1131 2295 1157 2315 a.
1174 2287 1204 2315 in
1221 2292 1245 2318 8.
1267 2293 1295 2315 et
1309 2285 1419 2326 Lipfiae
1436 2288 1515 2314 1666.
1531 2290 1554 2318 8.
1571 2284 1724 2315 indicatur.
1746 2286 1840 2318 Harl.

213 2345 304 2364 nuum
340 2331 518 2372 irrspmffione
550 2326 751 2364 (οἰωνοσκοπικιὲ
784 2334 812 2357 et
837 2326 1040 2366 χσρσσκσπικσὲ)

212 2387 313 2416 graece
333 2385 358 2406 a.
374 2383 456 2414 ¹527·
471 2384 499 2412 4.
540 2374 606 2405 Hoc
627 2370 813 2403 obseruatum
834 2371 922 2402 etiam
941 2369 1040 2403 Baelio
1132 2372 1175 2413 y>
1197 2372 1252 2404 Hic
1266 2372 1334 2403 anni
1350 2380 1434 2404 error
1452 2370 1502 2410 est,
1523 2368 1620 2404 forsan
1634 2373 1818 2414 typographi.
1830 2371 1924 2407 Harl.
1986 2347 1997 2413 's

213 2424 244 2453 iu
259 2422 330 2452 Lex.
