2013 2725
220 127 283 200 {16
386 160 458 196 Lib.
473 158 535 197 IV
534 187 542 195 .
555 171 578 195 c.
592 155 706 193 XIII.
807 155 1074 193 PLVTARCHI
1105 155 1352 194 EDITIONES
1613 155 1676 184 V0¹·
1691 157 1740 184 ΥΠ-
1760 158 1940 191 P-'372P373
2008 193 2010 196 ,

328 254 491 290 Plutarchi
506 256 589 290 vitae
603 266 642 289 ex
657 250 736 289 vers.
756 249 895 287 Cruserii
910 262 940 288 et
953 252 1098 288 Moralia
1123 265 1162 288 ex
1179 246 1345 288 varissrum
1360 253 1624 300 interpretatione
1646 251 1730 300 apud
1749 254 1796 287 H.
1814 253 1940 300 Stepha-

226 318 304 343 mcm
320 303 373 342 fex
389 306 515 342 volum.
543 318 622 349 1572-
639 312 669 347 8.
694 303 840 339 subnexis
862 304 903 339 ad
930 304 1053 340 calcem
1074 307 1159 340 notis
1183 303 1346 347 Cruserii‚
1373 302 1531 348 Xylaudri
1549 314 1580 339 et
1597 305 1642 338 H.
1656 306 1820 353 Stephani.

328 372 486 411 Parallela
510 375 638 407 minora
663 374 756 407 vertit
784 374 881 407 etiam
904 372 1087 413 Guarinus,
1127 374 1405 421 apophthegmata
1426 384 1544 419 regum
1566 380 1596 406 et
1616 372 1777 406 Laconica
1799 370 1944 416 Raphael

227 427 371 474 Regius,
400 440 442 460 an
464 426 563 459 brutis
590 426 672 458 ratio
694 421 787 465 infit,
812 425 862 459 Io.
878 424 1014 470 Regius,
1047 424 1247 472 quaestiones
1267 436 1394 472 graecas
1412 425 1534 458 Petrus
1551 423 1715 472 Luccnsts,
1742 421 1782 458 de
1806 422 1890 457 Iside»
1909 430 1942 457 et

228 476 355 512 Ofiride
377 487 407 511 et
431 475 471 510 de
493 474 707 510 oraculorum
727 473 858 511 defedu
875 476 1069 509 Hermolaus
1087 477 1264 511 Barbarus.
1318 477 1368 510 De
1388 472 1521 509 fortuna
1534 477 1635 509 Rom.
1657 472 1696 509 de
1710 473 1941 522 tranquillitate

225 530 347 568 animi„
374 526 413 562 de
439 526 564 575 placitis
588 524 818 575 philosophor.
853 527 1033 562 Guilelmus
1051 527 1220 566 Budaeus,
1245 527 1346 561 libros
1367 525 1408 561 de
1434 525 1558 574 placitis
1584 523 1811 573 philosophos.
1841 526 1942 559 Ianus

227 579 422 617 Carnarius,
451 577 491 613 de
512 577 688 613 mulierum
709 578 880 613 virtutibus
898 579 1101 613 Alamannus
1117 581 1289 613 Rainutius
1306 580 1542 623 (Rammium)
1566 577 1789 623 Florentium,
1815 579 1942 612 Brixiae

225 624 322 672 1488.
333 642 363 674 4.
392 628 432 664 de
453 627 521 664 fato
541 639 572 665 et
596 632 753 664 conuiuio
775 631 848 665 vu.
863 627 1062 677 sapientum,
1096 628 1136 665 de
1157 632 1267 679 primo
1292 628 1436 678 frigido,
1476 628 1516 664 de
1538 632 1763 678 procreatione
1783 630 1883 664 animi
1908 630 1943 662 in

224 681 372 716 Timaeo
390 680 544 720 Platonis,
560 679 601 715 de
616 679 746 716 defec'lu
760 680 921 716 oraculor.
938 680 977 716 de
992 681 1169 717 fluuiorum
1184 693 1214 716 et
1228 685 1395 717 montium
1411 682 1601 716 nominibus
1612 681 1699 715 Adr.
1716 681 1892 721 Turnebus,
1907 681 1942 713 in

222 729 368 768 secundo
384 742 479 768 tomo
496 745 585 781 oper.
596 732 682 769 Adr,
696 733 846 771 Tui-nebi,
858 736 990 779 Argent.
1006 737 1097 768 1600.
1109 731 1169 771 fol,
1180 747 1227 769 nr.
1238 735 1282 768 VI
1294 754 1321 760 -
1336 735 1374 767 X.
1389 731 1451 767 vid.
1464 735 1614 780 Freytag.
1627 731 1746 781 Adpar.
1756 731 1851 766 litter.
1859 740 1943 767 tom.

221 784 280 818 111.
295 798 326 833 p.
337 786 406 829 690
417 782 462 831 sq.
490 783 649 831 Reliquos
665 782 869 831 singulorum
885 784 1043 820 librorum
1062 789 1247 832 interpretes
1265 782 1360 832 supra
1376 781 1436 818 suis
1453 797 1602 832 quosque
1617 784 1695 818 locis
1710 792 1881 818 annotatos
1897 785 1943 817 vi-

224 833 325 871 debis,
343 836 398 881 [lf]
414 833 494 869 adde
506 834 602 870 codd.
612 833 944 879 Taurineuses‚F0ffii
956 847 1016 871 cat.
1031 838 1083 871 ΠΙ.
1093 850 1124 885 p.
1134 844 1204 880 334.
1214 836 1426 872 etAlamanni
1438 837 1664 870 Rinucinivita
1677 849 1708 884 p.
1719 848 1782 879 114.
1794 847 1830 869 ac
1839 847 1872 882 p.
1883 844 1942 878 151.
2003 837 2008 839 ”

264 906 274 917 ‘
329 902 472 937 Gallicae
492 905 550 947 ο“’).
604 902 813 945 Plutarchus,
840 903 955 937 Iacobo
971 902 1103 938 Amioto
1124 906 1316 950 interprete,
1350 906 1406 952 qui
1429 903 1526 938 MSS.
1554 901 1682 937 codices
1705 914 1840 950 graecos
1864 913 1943 936 con-

223 952 316 994 tulit,
341 963 376 988 vt
396 952 528 1000 adparet
547 967 586 989 ex
600 953 776 989 Plutarcho
792 966 923 1001 graece,
946 967 1047 988 manu
1063 957 1127 989 eius
1149 966 1279 997 notato,
1307 967 1408 1001 quem
1429 953 1529 988 hodie
1548 952 1673 988 seruant
1688 963 1791 1000 patres
1808 953 1942 987 oratorii

222 1001 322 1040 Paris.
345 1013 376 1038 et
401 1006 435 1037 in
459 1002 541 1037 locis
563 1002 799 1053 difficilioribus
821 1002 982 1039 consuluit
996 1006 1205 1040 Turnebum.
1259 1005 1383 1039 Prodiit
1399 1002 1490 1039 Paris.
1510 1006 1689 1049 ¹559-1565-
1716 1006 1858 1039 vitarum
1874 1008 1943 1040 ver.

222 1053 290 1090 fio:
313 1052 374 1090 fol.
401 1064 431 1090 et
446 1067 532 1090 mor.
552 1066 627 1099 1575.
644 1053 703 1090 fol.
732 1075 783 1082 —
810 1055 899 1102 Opp.
920 1067 1001 1099 1572.
1019 1053 1078 1090 fol.
1098 1059 1185 1102 1567.
1201 1067 1231 1091 et
1246 1068 1332 1101 1574.
1351 1063 1385 1096 8.
1400 1059 1463 1100 ιω0)
1486 1053 1608 1104 septem
1627 1054 1704 1090 voll.
1731 1065 1762 1091 et
1775 1067 1861 1102 1579.
1880 1052 1942 1090 fol.

222 1107 264 1140 11.
281 1106 360 1142 voll.
388 1114 472 1151 1582.
495 1105 582 1142 med.
597 1115 627 1148 8.
655 1110 741 1151 1594.
764 1112 794 1144 8.
822 1106 972 1144 1V.v011.
1007 1127 1058 1133 —
1091 1110 1126 1144 it.
1153 1121 1210 1155 per
1232 1109 1421 1149 Iac.Stoer‚
1449 1119 1535 1152 1593.
1566 1108 1602 1142 ¹1.
1619 1107 1697 1142 voll.
1728 1106 1815 1142 med.
1830 1114 1857 1148 8.
1890 1125 1943 1134 —-
2002 1131 2004 1135 ,

224 1157 320 1191 Vitae
345 1156 425 1192 Plut.
462 1154 648 1192 Lausannae
673 1170 753 1202 1573.
777 1154 836 1192 fol.
864 1171 941 1193 cum
965 1158 1109 1194 iconibus
1136 1169 1167 1193 et
1188 1162 1257 1193 vitis
1283 1159 1474 1193 Hannibalis
1496 1172 1533 1192 ac
1554 1160 1737 1206 Scipionis,
1771 1173 1790 1193 a
1811 1157 1888 1194 Car.
1906 1157 1945 1192 de

223 1206 246 1242 1'
256 1208 368 1254 Ecluse
389 1207 494 1242 verfis.
521 1210 645 1244 Geneu.
664 1212 743 1250 1613.
760 1216 791 1248 8.
815 1219 955 1256 quatuor
976 1208 1055 1244 voll.
1085 1219 1115 1245 et
1134 1208 1224 1245 Paris.
1249 1213 1342 1253 1604.
1357 1218 1388 1251 8.
1410 1211 1465 1245 IV.
1483 1209 1561 1245 voll.
1589 1220 1619 1245 et
1640 1209 1863 1253 moral..1645.
1881 1206 1943 1244 fol.
2012 1227 2013 1241 ÷

222 1262 314 1297 1616.
336 1257 397 1294 fol.
425 1262 481 1293 IV.
500 1259 582 1294 voll.
609 1263 700 1306 1645.
716 1257 778 1295 fol.
828 1259 976 1295 Laudant
997 1263 1082 1295 hane
1106 1260 1291 1297 verfionem
1316 1275 1355 1296 ex
1376 1263 1494 1296 merito
1516 1262 1562 1295 H.
1581 1262 1758 1306 Stephanus
1777 1257 1877 1309 praef.
1902 1259 1945 1296 ad

2011 1254 2013 1311 A

223 1310 421 1358 apologiam
450 1323 511 1358 pro
533 1311 730 1349 Herodoto,
765 1311 803 1345 T.
821 1313 924 1346 Faber
944 1310 984 1346 ad
1006 1314 1140 1347 Luciani
1160 1315 1346 1348 Timonem
1369 1323 1453 1348 tom.
1468 1315 1491 1346 Ι.
1512 1326 1586 1360 pag.
1605 1324 1680 1355 1054
1695 1310 1738 1361 sq.
1779 1311 1943 1360 Vauqffin·
1989 1335 1993 1337 λ
2011 1324 2013 1341 ¹

223 1359 267 1396 de
286 1360 409 1396 ludicra
430 1360 574 1397 dictione
596 1375 670 1411 pag.
686 1365 750 1397 266
766 1372 796 1397 et
812 1375 880 1407 457.
913 1363 989 1398 Rol.
1006 1365 1162 1414 Mar-estus
1184 1368 1218 1399 in
1239 1365 1325 1412 epist.
1348 1377 1421 1412 pag.
1439 1377 1495 1408 105
1512 1362 1554 1412 sq.
1571 1374 1600 1399 et
1616 1367 1690 1408 360.
1717 1365 1893 1410 Mcnagius
1908 1366 1943 1399 in
2010 1361 2013 1415 f

223 1413 433 1460 Menagianis
453 1423 534 1448 tom.
553 1414 592 1448 Π.
614 1426 688 1461 pag.
707 1425 762 1458 105
778 1411 822 1461 sq.
855 1413 909 1448 vbi
931 1413 1034 1449 verfio
1056 1425 1085 1450 et
1108 1418 1260 1451 Amiotus
1282 1415 1376 1450 valde
1397 1414 1580 1462 culpantur.
1639 1417 1768 1463 Operae
1799 1416 1943 1464 pretium
2008 1424 2011 1450 J

221 1476 359 1512 quoque
383 1463 427 1498 est
453 1463 493 1499 de
513 1466 576 1499 hac
600 1466 863 1512 interpretatione
885 1463 1053 1501 consulere
1067 1468 1168 1502 Huet.
1184 1467 1225 1502 de
1247 1469 1409 1515 interpret.
1426 1479 1498 1513 pag.
1513 1480 1586 1511 300.
1601 1464 1675 1502 edit.
1689 1465 1821 1510 Stadae,
1842 1465 1944 1502 Colo.
1994 1484 2010 1511 ,l

222 1516 363 1562 mestique
383 1514 459 1550 bibl.
483 1513 634 1550 seled'tam
658 1528 726 1563 cap.
743 1528 795 1550 20.
814 1517 902 1564 Opp.
920 1529 993 1564 pag.
1009 1521 1078 1561 326.
1105 1529 1136 1554 et
1151 1519 1239 1554 Rich.
1257 1521 1390 1553 Simonis
1407 1517 1555 1564 epistolas
1578 1515 1707 1554 selectas
1729 1527 1812 1554 tom.
1827 1519 1850 1552 1.
1866 1530 1942 1567 pag.

223 1569 287 1609 167
304 1565 349 1614 sq.
376 1568 544 1601 Patiniana
563 1580 638 1615 pag.
660 1579 707 1609 27.
735 1566 942 1603 Thesaurum
967 1569 1183 1606 bibliothecal.
1208 1580 1287 1605 torn.
1305 1572 1324 1606 l.
1349 1569 1552 1618 Noribcrgae
1570 1577 1654 1614 1738.
1671 1581 1701 1613 4.
1722 1582 1796 1618 pag.
1815 1572 1876 1612 364
1893 1566 1941 1618 sq.

222 1617 351 1652 'Amioti
371 1616 526 1652 vei-tionis
553 1632 674 1653 naeuos
696 1621 830 1666 exponit
849 1621 1047 1656 Mcziz—iasus
1068 1624 1102 1656 in
1124 1619 1190 1656 diss'.
1214 1621 1253 1657 de
1276 1633 1342 1657 arte
1368 1620 1531 1663 vertendi,
1557 1620 1578 1656 s.
1605 1620 1645 1656 de
1667 1621 1700 1656 la
1719 1619 1945 1660 Tradudtion:
1976 1663 1984 1666 -

223 1668 333 1716 Atque
355 1671 386 1702 in
408 1670 607 1704 Sorberianis
628 1682 699 1717 pag.
716 1682 743 1704 2.
769 1668 885 1705 dicitur
906 1674 1057 1706 Amiotus
1082 1675 1114 1707 in
1137 1672 1283 1708 versione
1306 1673 1386 1708 Plut.
1410 1671 1542 1715 erraffe,
1579 1673 1629 1707 vbi
1650 1685 1721 1708 non
1742 1670 1943 1709 consuluerit

223 1720 433 1754 Turnebum.
460 1740 506 1746 --
535 1722 705 1755 Maittaire
720 1723 753 1755 in
770 1723 806 1755 A.
826 1722 871 1756 T.
890 1731 972 1758 tom.
990 1726 1030 1758 V.
1052 1736 1134 1771 part.
1152 1728 1173 1759 1.
1196 1729 1228 1759 in
1252 1724 1357 1759 indice
1375 1738 1448 1772 pag.
1468 1727 1531 1759 161.
1557 1734 1683 1772 praeter
1698 1724 1853 1760 editiones
1872 1737 1942 1760 ver-

221 1769 324 1805 fionis
347 1773 484 1815 Amyoti
510 1772 575 1806 iam
601 1775 709 1807 citatas
730 1782 896 1807 memorat
916 1774 1009 1815 alias,
1040 1788 1117 1822 quas
1139 1775 1304 1824 adtingere
1327 1785 1453 1810 tantum
1473 1775 1581 1810 lubet:
1605 1778 1750 1811 Μοναίἰα
1765 1776 1941 1818 Plutarchi,

221 1819 319 1856 Paris:
345 1834 427 1865 1572.
452 1819 511 1857 fol.
539 1835 623 1867 1574.
648 1832 676 1863 8.
713 1843 760 1849 —-
794 1837 845 1871 ap.
869 1823 1042 1860 Vascosan.
1065 1836 1095 1860 et
1113 1826 1186 1861 Fed.
1204 1826 1327 1862 Morel.
1360 1825 1436 1862 ibid.
1461 1838 1546 1871 1574.
1571 1846 1623 1853 —
1646 1839 1704 1874 per
1724 1826 1800 1862 Fed.
1816 1827 1942 1862 Morel.

220 1871 297 1907 ibid.
315 1879 397 1916 1581.
418 1885 505 1917 1597.
532 1893 578 1899 —-
608 1887 666 1920 per
686 1875 799 1910 franc.
817 1877 925 1926 ‘Steplr
942 1875 1008 1912 vol.
1029 1878 1051 1910 Ι.
1073 1884 1153 1921 1581.
1181 1878 1247 1913 vol.
1268 1880 1307 1912 11.
1331 1885 1415 1920 1582.
1442 1880 1542 1919 vitae,
1568 1891 1626 1927 per
1648 1877 1834 1914 CLMorel.
1853 1880 1941 1924 1619.

221 1932 257 1958 et
276 1923 415 1957 moralia
435 1927 519 1964 1618.
548 1924 624 1960 ibid.
649 1923 709 1960 fol.
737 1945 785 1951 —
811 1925 989 1961 editionem
1008 1927 1100 1962 Paris.
1117 1943 1144 1962 a.
1165 1942 1248 1972 1544.
1276 1943 1294 1963 a
1316 1928 1423 1962 Callio
1446 1931 1596 1971 citatam,
1621 1926 1781 1977 spuriam,
1804 1938 1861 1965 aut
1881 1941 1942 1978 per

222 1986 369 2009 errorem
395 1976 674 2023 typographia-um
696 1976 784 2024 quasi
806 1986 912 2012 ortam
929 1976 990 2013 esse
1011 1978 1107 2013 docet
1120 1981 1295 2015 ,Mafttat're
1312 1988 1394 2014 tom.
1409 1980 1463 2014 111.
1479 1989 1561 2028 part.
1579 1981 1602 2014 Ι.
1619 1992 1692 2028 pag.
1704 1982 1777 2023 368.
1793 1990 1864 2017 not.
1893 2000 1940 2010 --

221 2026 332 2072 Opera
358 2046 406 2051 —-
435 2039 492 2072 par
521 2028 544 2061 Ι.
567 2028 659 2062 Stoer
685 2038 716 2062 et
738 2029 824 2062 Sam.
843 2027 987 2077 Crespin.
1012 2034 1251 2075 1610-1614.
1280 2031 1318 2065 Π.
1337 2040 1418 2066 tom.
1451 2033 1504 2076 (in
1536 2031 1627 2066 catal.
1659 2031 1733 2067 bibl.
1761 2031 1884 2070 Bodlei.
1900 2034 1938 2070 11.

220 2089 296 2125 pag.
317 2075 406 2119 336.)
429 2097 482 2103 —-
508 2077 643 2124 Amynti
662 2077 766 2114 versio
792 2081 930 2114 vitarum
957 2080 1067 2116 recusa
1090 2081 1133 2116 est
1161 2093 1190 2117 et
1222 2080 1350 2118 emend.
1376 2094 1452 2116 cum
1475 2080 1553 2117 obss.
1575 2082 1656 2118 Abb.
1674 2083 1827 2122 Brothr,
1859 2096 1939 2119 cum

220 2128 306 2162 tabb.
329 2140 397 2161 aen.
434 2125 525 2161 Paris.
552 2137 776 2175 ¹783—1785.
803 2141 883 2166 torn.
902 2134 941 2166 V.
994 2134 1064 2168 Pari
1087 2133 1190 2170 modo
1217 2131 1250 2170 se
1269 2133 1432 2170 editurum
1454 2131 1516 2169 effe
1535 2132 1688 2183 promisit
1707 2133 1832 2183 reliqua
1855 2147 1938 2184 opu-¹

220 2176 306 2215 scula
329 2177 511 2221 Plutarchi,
533 2182 567 2215 in
582 2182 699 2217 XXIV.
717 2182 842 2218 volum.

1859 2237 1935 2274 Vies

261 2291 315 2321 vv)
345 2290 388 2318 De
415 2288 523 2338 gallicis
551 2290 732 2320 verflonibus
754 2293 831 2332 Opp.
853 2291 999 2324 Plutarchi
1021 2305 1049 2327 v.
1101 2307 1131 2338 p.
1147 2306 1213 2335 4¹7-
1237 2297 1289 2328 vbi
1304 2309 1423 2340 quoque
1438 2297 1512 2330 aliae
1529 2298 1612 2330 editt.
1628 2304 1688 2329 tam
1708 2302 1821 2335 textus,
1844 2307 1933 2339 quam

218 2330 351 2368 Fresnoy
371 2331 451 2360 catal.
474 2333 573 2361 histor.
594 2344 658 2373 pag.
674 2339 709 2365 80
729 2333 768 2373 sq.
805 2334 912 2366 chm.
1101 2341 1267 2371 versionum
1283 2353 1340 2373 vna
1356 2353 1422 2374 cum
1435 2344 1556 2385 pretiis,
1579 2341 1662 2384 saepe
1675 2339 1837 2379 immensis,
1859 2351 1932 2372 enu-

261 2374 336 2409 ww)
361 2373 443 2402 Conf.
463 2376 588 2404 Diffion.
606 2374 744 2412 bibliogr.
768 2377 899 2417 historiq.
923 2385 950 2408 et
968 2382 1046 2410 criti·
1099 2390 1258 2416 merantur.

219 2424 283 2459 que*
304 2414 359 2459 des¹
381 2417 480 2447 Livtes
508 2427 604 2456 tates,
637 2425 709 2451 tom.
726 2421 774 2463 ‘un
797 2419 883 2453 Paris.
908 2429 996 2465 1790.
1011 2428 1045 2467 Δ8.
