2013 2725
230 148 286 184 252
386 135 459 171 Lib.
471 135 494 170 I
493 133 530 172 V
531 162 539 171 .
552 147 577 170 c.
592 134 702 172 XIV.
869 138 1041 175 APPIAN!
1073 140 1317 177 EDITIONES
1726 143 1789 170 Vol.
1799 143 1847 170 111.
1855 151 1880 177 P·
1890 147 1942 177 397

231 241 266 266 vt
280 233 387 266 Iouius
403 232 430 275 ⁸)
449 228 614 271 obstruat,
641 234 750 267 manci
768 230 947 282 paffimque
963 238 1106 284 corrupti
1121 235 1312 284 exemplaris
1328 237 1433 283 graeci
1452 236 1550 277 vitio,
1577 234 1630 270 vel
1651 235 1830 273 laboriosus
1847 240 1944 274 intet-

232 295 305 332 pres
321 295 361 318 eo
376 285 410 318 in
427 296 526 332 opere
542 280 605 318 sese
620 283 795 320 candidum
813 285 970 333 praestare
978 300 1053 333 90¹¹
1068 291 1192 336 potuit,
1221 300 1324 335 quum
1339 287 1400 321 alia
1417 287 1524 322 multo
1542 285 1669 322 felicius
1694 286 1918 338 perscripserit.

338 360 475 401 Graece,
499 359 637 395 Carolus
654 361 834 408 Stephanus
852 359 996 411 auspiciis
1012 365 1148 400 Roberti
1164 365 1274 410 Stepli.
1293 362 1416 403 fratris,
1443 377 1461 399 e
1482 362 1578 399 codd.
1598 365 1637 398 11.
1653 362 1747 400 Paris.
1772 366 1944 400 recentior.

231 410 418 446 nitidiffime
433 410 532 446 edidit
548 412 689 457 Appiam·
710 410 944 459 praefationem
970 418 1002 450 in
1028 426 1134 451 totum
1154 417 1263 463 Opus,
1291 417 1466 461 Epitomen
1488 415 1711 456 Celticorum,
1738 417 1877 461 Libyca,
1904 414 1946 450 ll-

230 462 418 508 lyricorum
435 461 628 503 exordium,
654 464 803 508 Syriaca,
831 468 995 509 Parthica,
1023 466 1248 502 Mithridatica
1269 476 1299 500 et
1320 466 1416 500 libros
1436 469 1474 500 V.
1498 466 1538 501 de
1561 465 1650 501 bellis
1668 467 1822 502 ciuilibus.
1850 463 1945 501 Paris.

232 525 307 558 ¹55¹·
322 511 383 549 fol.
401 527 478 549 cum
493 516 587 548 variis
601 515 796 550 lectionibus
811 515 851 550 ad
867 518 1044 554 voluminis
1063 518 1198 554 calcem.
1255 519 1397 563 [Praeter
1411 518 1523 554 Clem.
1547 528 1578 553 et
1594 520 1746 567 inprimis
1759 519 1946 566 Schweigh-

233 563 298 600 vid.
313 567 471 612 Frcytag.
487 564 594 613 adpar.
607 565 667 602 litt.
682 567 705 601 Ι.
725 580 802 616 pag.
820 580 882 604 220
897 568 956 619 sq.]

332 641 504 687 [Posthaec
518 641 677 690 quaedam
694 643 812 680 inedita
828 659 944 694 graece
959 645 1152 695 euulgarunt
1171 647 1273 680 Hem.
1291 646 1394 692 steph.
1414 659 1488 682 eum
1508 645 1633 682 Ctesiae
1647 656 1704 682 etc.
1723 646 1857 695 eelogis‚
1872 644 1948 680 Fut·

233 694 306 727 vius
323 693 363 728 V
361 694 465 742 (finus
476 703 507 728 et
520 695 566 731 H.
585 694 728 745 Valesius
742 699 824 731 inter
840 698 969 746 eclogas
984 708 1045 734 etc.
1070 708 1166 747 atque
1184 697 1387 745 Hoesclzclius
1405 698 1536 743 Illyrica
1557 698 1598 734 de
1620 700 1734 747 quibus
1751 701 1785 734 in
1798 708 1948 748 paragra-

231 745 303 792 pho
323 743 466 784 anteced,
488 748 554 781 iarn
571 746 769 795 disputatum
786 747 855 794 est]

335 821 456 857 Graece
477 829 507 857 et
527 823 621 857 latine
640 826 807 872 Appianus
829 822 929 860 editus
955 824 999 860 esl
1021 825 1059 860 ab
1083 826 1128 860 H
1147 825 1319 869 Stephano.
1347 827 1472 861 Geneu.
1491 837 1575 871 1592.
1592 822 1651 861 sol.
1676 827 1709 860 in
1728 837 1792 873 qua
1806 821 1951 858 editione

232 875 387 921 graecisa
403 873 529 909 Carolo
546 876 711 922 Stephane
735 874 864 923 pridem
887 876 1023 923 vulgatis
1049 875 1244 912 access'erunt
1268 878 1388 911 Iberica
1409 888 1437 912 et
1455 878 1669 912 Hannibalica
1692 889 1768 911 cum
1791 872 1949 910 Francisci

229 923 360 958 Beraldi
376 922 540 966 verfione,
567 928 602 960 in
628 926 768 969 myricis
792 929 873 961 Petri
890 927 1029 962 Candidi
1054 931 1276 975 interpretatio
1297 926 1421 962 seruata
1445 928 1509 969 est,
1542 940 1662 975 graeco
1685 927 1797 962 codice
1820 927 1948 973 integro
1996 960 1997 963 ,

232 974 386 1009 nondum
411 986 562 1023 reperto:
583 978 619 1010 in
639 976 773 1024 reliquis
797 976 900 1011 versio
925 979 1073 1018 Gelenii,
1099 978 1231 1012 adiectis
1260 979 1304 1011 H.
1319 980 1474 1024 Stephani
1498 982 1530 1012 in
1555 979 1691 1020 lberica,
1722 977 1950 1018 Hasmibalica2

233 1027 401 1066 Parthica,
426 1036 457 1061 et
475 1028 508 1060 in
524 1029 700 1062 conciones
717 1039 775 1076 per
792 1037 898 1062 totum
915 1041 998 1077 opus
1010 1026 1131 1076 sparsas
1147 1033 1233 1064 notis
1250 1040 1282 1063 et
1298 1029 1571 1076 castigationibus.

336 1101 432 1136 Tum
449 1101 635 1137 Alexander
654 1105 779 1139 Tollius
795 1103 1031 1140 Amstclodami
1048 1119 1074 1140 a.
1094 1107 1185 1147 1670.
1202 1112 1231 1144 8,
1256 1106 1295 1139 Ιῐ.
1312 1105 1390 1140 voll.
1414 1108 1500 1153 typis
1522 1105 1723 1148 minoribus,
1747 1102 1818 1148 sed,
1844 1113 1877 1140 vt
1900 1101 1950 1142 so·

234 1151 302 1187 lent
317 1149 380 1187 esse
397 1154 536 1201 Belgici,
561 1151 633 1189 satis
648 1155 845 1203 elegantibus
861 1158 944 1190 hanc
961 1156 1115 1204 Stephani
1130 1155 1309 1191 editionem
1331 1159 1587 1204 graecolatinum
1610 1154 1776 1204 adscriptis
1799 1158 1896 1203 etiam
1917 1159 1951 1191 in

235 1203 309 1238 libri
325 1216 384 1238 ora
395 1206 461 1239 eius
479 1208 604 1253 paginis
615 1233 628 1249 ,
654 1209 698 1241 ita
710 1206 820 1241 recudi
837 1205 934 1247 fecit,
957 1217 992 1242 vt
1006 1220 1122 1255 graeca
1137 1216 1167 1241 et
1184 1207 1364 1243 versionem
1383 1206 1572 1250 recenseret,
1600 1218 1631 1241 et
1646 1217 1737 1242 notas
1754 1208 1796 1242 H.
1816 1208 1952 1256 Stepha-

235 1258 291 1295 ni,
315 1268 392 1304 quas
408 1256 461 1290 ille
477 1256 516 1291 ad
530 1256 655 1292 calcem
670 1258 848 1294 voluminis
862 1261 1027 1301 reiecerat,
1049 1256 1109 1293 suo
1125 1257 1228 1293 statim
1247 1258 1325 1294 lot-o
1346 1258 1567 1301 substerneret,
1594 1269 1624 1294 et
1641 1258 1842 1307 pauciffiinas
1861 1272 1951 1308 quas-

235 1304 314 1341 dam
329 1306 475 1341 aliorum
490 1310 638 1344 virorum
653 1308 830 1345 doctorum
847 1324 866 1345 a
879 1307 910 1344 se
926 1311 1004 1344 hinc
1020 1309 1094 1344 inde
1109 1309 1264 1345 collectas
1281 1321 1312 1346 et
1325 1309 1505 1346 obseruata>
1527 1309 1727 1358 adiungeret.
1763 1311 1820 1356 [At
1831 1323 1951 1360 parum

235 1356 340 1394 laudis
357 1358 429 1392 tulit
443 1357 578 1395 Tollius
593 1359 676 1408 apud
691 1360 858 1409 posteros,
884 1374 1087 1410 quamquam
1112 1360 1213 1396 hodie
1232 1365 1342 1411 incipit
1357 1359 1425 1397 eiua
1439 1362 1536 1398 editio
1560 1359 1742 1406 rarescere]

336 1436 369 1469 si
391 1437 461 1484 quis
486 1448 632 1477 nouam,
657 1436 780 1483 (aiebat
800 1436 883 1472 olim
907 1437 1055 1481 fabric.)
1079 1436 1293 1472 adornaturus
1315 1436 1391 1472 esset
1410 1441 1543 1486 Appiani
1570 1437 1768 1478 editionem,
1789 1438 1813 1470 is
1827 1446 1951 1484 praeter

234 1483 421 1533 fragmenta
443 1485 647 1535 legationum
661 1489 835 1536 Photiique
861 1500 1013 1538 excerpta
1037 1503 1054 1523 e
1075 1489 1161 1523 libro
1186 1493 1318 1537 primo,
1342 1502 1373 1524 et
1395 1490 1538 1533 Illyrica,
1565 1503 1680 1537 graece
1697 1488 1736 1523 ab
1750 1485 1950 1523 Hoeschelio
1998 1502 2013 1527 ᾖ

237 1535 320 1572 edita
335 1538 554 1586 Stephanique
569 1538 680 1575 Gradii
694 1539 828 1574 latinam
845 1539 1057 1584 Illyricorum
1076 1539 1256 1575 versionem
1281 1542 1459 1589 adiungere
1481 1540 1582 1590 pollet
1602 1552 1633 1576 et
1647 1538 1828 1588 expendere
1844 1541 1951 1574 Jacobs·
2012 1539 2013 1548 ¹

235 1588 395 1623 Palmerii
409 1591 652 1626 exercitationes
676 1589 716 1625 ad
739 1589 901 1639 quaedam
924 1594 1066 1639 Appiani
1091 1591 1164 1626 loca
1186 1595 1219 1626 in
1240 1595 1305 1627 eius
1323 1594 1604 1628 exercitationibus
1621 1591 1660 1626 ad
1677 1593 1782 1626 varios
1804 1593 1950 1627 auctores

234 1651 391 1686 graecos,
416 1639 518 1688 Lugd.
534 1642 598 1676 Bat.
617 1645 712 1681 1663.
727 1653 755 1685 4.
774 1655 845 1690 pag.
867 1647 1051 1688 ¹5¹-16T·
1077 1645 1109 1677 in
1132 1643 1245 1691 quibus
1264 1658 1337 1692 pag.
1359 1647 1418 1688 154
1439 1647 1543 1689 et165.
1567 1646 1615 1678 vir
1637 1642 1752 1678 doeius
1778 1644 1862 1677 inter
1888 1641 1951 1677 alia

235 1689 420 1731 contendit,
447 1692 534 1726 male
552 1693 747 1728 hellenizare
761 1696 968 1741 Appianum,
995 1706 1100 1742 neque
1126 1698 1158 1727 in
1183 1696 1372 1743 exemplum
1398 1697 1537 1743 purioris
1551 1695 1744 1731 Hellenismi
1760 1707 1952 1744 proponen-

235 1740 316 1776 dum
328 1756 338 1775 ε
365 1753 529 1790 praeterea
542 1743 717 1791 pessimum
737 1747 770 1779 in
785 1745 876 1779 rebus
892 1743 1067 1793 Hispaniae
1084 1748 1314 1795 geographum
1331 1745 1402 1782 effe.
1432 1747 1489 1792 [if]

337 1825 450 1860 Multo
472 1825 564 1873 plura
580 1825 733 1874 praestitit
746 1827 932 1874 Schweigh.
949 1828 982 1861 in
999 1840 1087 1861 noua
1103 1828 1335 1878 praestanthue
1353 1828 1507 1870 editione,
1531 1827 1622 1876 saepe
1638 1830 1671 1862 in
1687 1829 1752 1863 hoc
1767 1831 1889 1877 capite,
1917 1838 1949 1865 et

237 1878 272 1910 in
287 1875 410 1910 Introd.
427 1879 458 1911 in
478 1877 546 1911 hist.
568 1881 602 1913 L.
620 1879 676 1912 Gr.
694 1880 731 1912 Η.
749 1888 830 1923 part.
848 1881 873 1912 Ι.
893 1891 964 1925 pag.
983 1886 1051 1920 148.
1071 1894 1089 1912 a
1106 1892 1159 1913 me
1179 1880 1322 1922 laudata,
1350 1891 1380 1914 et
1408 1878 1572 1928 inies-pta:
1603 1877 1780 1917 ’Λππιοὶνὸ
1806 1901 1858 1906 ——
1881 1880 1950 1925 Ap.

231 1929 323 1974 pinni
341 1928 547 1962 Alexandrini
564 1940 768 1962 romanarum
783 1928 982 1973 hssoriarum
1000 1941 1077 1974 quac
1085 1930 1272 1976 superfiuis.
1329 1933 1426 1965 Nouo
1448 1931 1553 1966 {ludio
1576 1930 1788 1979 conquismit,
1812 1929 1949 1978 digeffit‚

1940 1395 1955 1411 ff
2005 1382 2013 1389 N

237 1978 277 2012 ad
298 1977 395 2013 fidem
409 1979 503 2014 codd.
521 1993 697 2014 nisstoruin
716 1978 890 2018 recensuit,
918 1977 1096 2027 suppleuit,
1123 1982 1336 2023 emarulaust,
1370 1985 1558 2018 varietatem
1582 1984 1732 2018 leciionis
1746 1981 1880 2023 adiecit,
1906 1983 1950 2018 la·
2006 1990 2007 2013 ἒ

237 2032 339 2063 tinam
356 2030 534 2065 versionem
550 2030 755 2070 emendauit,
779 2030 1038 2066 adnotationibus
1057 2035 1219 2067 variorum
1242 2032 1362 2080 suisque
1378 2033 1562 2076 illustrauit,
1589 2032 1778 2069 commodis
1795 2032 1948 2069 indicibus

235 2079 384 2115 instruxit
408 2083 518 2117 Ioann.
538 2082 847 2128 .<chzeei;‚h÷·z‹s2·†·1u,
873 2082 1149 2130 Argentoratensis
1164 2111 1172 2123 ,
1197 2097 1321 2132 graece.
1346 2094 1376 2119 et
1398 2085 1543 2120 oriental.
1567 2085 1661 2119 litter.
1688 2087 1721 2119 in
1746 2085 1949 2121 vniuersitate
2000 2119 2002 2122 ,

237 2135 445 2178 Aigentorat.
466 2131 553 2168 prof.
584 2135 644 2167 vol.
665 2135 685 2167 1.
704 2135 740 2167 ii.
763 2135 814 2168 111.
842 2133 964 2179 Lipsiae
977 2134 1061 2182 apud
1084 2134 1295 2170 VVeidmnnm
1311 2135 1444 2171 heredes
1462 2149 1491 2170 et
1506 2137 1625 2177 Reich‚
1650 2138 1737 2181 typis
1753 2138 1900 2172 Lorenzii
1916 2134 1948 2172 et

236 2184 393 2220 Schiilrri,
416 2186 619 2230 Argentorati
637 2191 718 2229 1785.
735 2191 765 2224 8.
818 2186 984 2231 Schweiglz.
1003 2199 1098 2228 vero,
1126 2186 1214 2235 quod
1237 2186 1391 2223 lectiones
1413 2186 1596 2222 Valefianas
1617 2190 1650 2221 in
1675 2185 1866 2236 fragmentis
1883 2189 1948 2224 Pei-

234 2231 382 2270 rescianis
399 2234 606 2283 neglexerat,
627 2249 698 2278 eas,
723 2248 833 2272 errore
847 2239 1004 2286 cognito,
1029 2240 1065 2275 in
1088 2239 1220 2287 epliem.
1241 2238 1375 2277 litterar.
1395 2241 1571 2288 Argentor.
1593 2237 1682 2275 dedit
1703 2252 1782 2278 cum
1802 2239 1890 2280 crifi,
1916 2248 1947 2275 et

1850 2288 1951 2328 suum

278 2394 313 2433 s)
334 2395 435 2424 Iouius
448 2394 522 2433 eleg.
539 2396 634 2427 viror.
653 2395 807 2426 doctorum
818 2405 882 2437 pag.
900 2402 947 2430 28.
