2013 2725
209 167 266 202 150
371 154 444 190 Lib.
457 155 481 189 I
483 153 528 191 V.
542 165 565 190 c.
576 151 668 190 XII.
885 153 1270 190 PSEVDENCOLPIVS
1717 157 1870 192 v01.1n.p-
1879 165 1932 194 32?

215 268 255 289 ex
277 251 458 287 bibliotheca
477 252 578 296 regia.
603 250 766 291 Lutetiae,
793 260 832 283 ex
848 249 982 285 officina
998 249 1133 286 Roberti
1149 249 1304 298 Stephani
1325 267 1394 292 -‚
1418 250 1514 297 regiis
1535 252 1632 299 typis.
1659 264 1733 298 155¹·
1748 265 1779 297 4.
1806 266 1933 301 graece.

212 304 282 340 fine
310 302 374 338 vlla
395 299 606 352 praefatione.
659 300 710 337 Ad
733 300 856 336 calcem
879 303 1010 337 haerent
1037 304 1142 336 variae
1165 300 1340 342 lectiones,
1374 313 1456 348 quae
1480 305 1624 338 maxime
1645 302 1802 353 respicere
1823 303 1935 341 viden-

213 366 266 392 tur
292 357 400 390 Blanci
423 352 616 389 versionem.
677 355 763 388 Nam
786 353 904 388 eodem
930 352 998 389 fere
1022 364 1173 403 tempore
1199 354 1290 388 Guil.
1309 352 1464 395 Elatum,
1492 367 1593 402 quum
1614 357 1648 390 in
1672 357 1731 390 Ge.
1747 357 1934 392 Armeniaci

213 407 408 450 cardinalis,
432 407 561 441 Romae
575 402 746 446 versantis,
769 404 909 440 domum
926 417 1091 455 receptus,
1120 404 1278 452 Xiphilini
1297 403 1447 438 codicem
1463 404 1606 448 viditset,
1629 420 1704 441 eum
1727 409 1933 457 interpretari

214 463 341 507 coepit,
368 469 397 493 et
411 455 549 492 absoluit
569 469 656 502 ¹550-
672 469 759 491 auno
775 467 881 492 autem
899 456 1039 506 sequenti
1055 456 1236 491 versionem
1255 458 1414 497 Lutetiae,
1441 455 1508 491 fine
1527 456 1627 494 dubio
1644 472 1683 493 ex
1697 459 1830 494 officina
1846 460 1935 495 Rob.

213 513 389 559 Stephani,
416 512 506 543 cuius
530 508 663 558 quidem
687 509 810 544 oliuatn
836 512 870 544 in
887 507 996 545 fronte
1019 512 1119 557 gerit,
1146 511 1177 543 in
1200 508 1309 543 iucem
1336 505 1461 542 emifit:
1494 510 1615 544 Dionis
1635 531 1687 537 —-
1713 513 1861 556 epitome,
1890 513 1934 549 Io.

214 564 387 608 Xiphilino
411 561 565 602 authore,
597 567 627 596 et
652 560 741 595 Gm‘l.
760 562 894 602 manco,
924 563 1079 609 Albtmst,
1105 563 1282 605 interprete.
1317 561 1461 595 Lutetiae
1486 573 1560 605 1551.
1584 573 1614 605 4.
1655 560 1745 597 conf.
1765 564 1935 598 Maittairc

213 617 253 651 A.
268 615 315 647 T.
333 614 386 647 111.
405 626 477 661 pag.
493 615 570 649 602.
583 623 651 647 not.
678 613 891 648 Leunclauius
907 613 963 656 (ad
980 626 1052 661 pag.
1066 625 1135 658 9¹7-
1154 613 1226 656 fin.)
1242 609 1504 646 animaduertiss'e
1521 611 1577 647 fibi
1591 610 1672 649 visus
1687 613 1752 654 esi,
1776 614 1936 649 Bianeum

212 663 276 702 suis
298 667 331 699 in
351 664 437 699 libris
456 664 616 711 quaedam
638 667 815 712 integriora
835 663 1000 714 reperilse,
1028 677 1126 714 quam
1149 678 1185 698 ea
1209 662 1290 704 sint,
1316 677 1397 711 quae
1416 665 1452 698 in
1474 663 1590 699 nostris
1611 665 1773 713 leguntur.
1823 665 1936 701 Blanci

213 716 398 753 versionem
419 714 537 750 deiude
559 720 754 763 recognouit
769 717 937 760 Xylandcr
959 720 991 750 in
1012 714 1070 751 suo
1089 715 1281 763 Xiphiiino,
1305 714 1407 750 latino
1422 717 1523 751 Dioni
1538 713 1727 760 subiunc‘io,
1752 715 1937 763 BastL1558.

215 780 247 805 et
261 767 414 817 Lugduni
432 780 512 812 ¹559·
528 774 560 807 8.
585 781 661 801 cum
679 770 870 816 quibusdam
890 772 922 802 in
938 768 1142 816 xiphilinum
1163 767 1436 802 adnotationibus.

318 836 438 870 Dionis
456 836 562 880 Cnffii,
589 837 700 870 Nicaei
716 836 822 870 Nerua
836 838 1014 875 Cocceius,
1042 836 1203 870 Traianus
1221 835 1352 876 Nerua,
1375 834 1568 869 Hadrianus
1589 845 1621 869 et
1643 834 1860 885 conflagratio
1874 838 1942 872 Vei

214 887 280 927 seui
305 891 426 923 montis
448 900 487 921 ex
510 888 636 929 Dione,
664 887 806 932 Georgia
824 887 971 925 Merula,
999 886 1244 928 Alexandrino,
1265 888 1460 934 interprete:
1494 889 1575 921 iuter
1595 884 1764 936 scriptores
1785 888 1938 924 historiae

213 940 377 988 Augustae
399 939 534 977 latinos,
561 939 723 977 Veneriis,
751 941 783 972 in
806 938 936 972 aedibus
960 938 1050 979 Aldi,
1080 942 1157 981 1516.
1178 949 1257 982 15¹9.
1277 946 1307 978 8.
1338 938 1479 971 Floreat.
1500 951 1557 986 per
1571 940 1637 973 her.
1656 941 1708 973 Ph.
1726 942 1838 974 {untae
1855 952 1937 985 1519.

217 1000 248 1032 8.
286 993 396 1026 Color»,
422 992 453 1023 in
477 989 579 1023 aedib.
603 991 754 1022 Eucltarii
776 991 1068 1033 Ceruicorni1527.
1084 988 1144 1024 fol.
1170 988 1255 1035 apud
1275 990 1352 1023 Rob.
1370 991 1517 1033 Stephon.
1544 1000 1628 1032 1544.
1646 996 1677 1029 8.
1706 991 1758 1025 nl.
1777 990 1856 1025 voil.
1874 1002 1936 1028 etc,

215 1043 291 1079 teste
317 1044 451 1075 itamar.
479 1050 660 1074 comment.
681 1039 703 1074 l.
727 1053 755 1075 c.
792 1039 894 1074 Denis
916 1041 1065 1075 Memor.
1090 1040 1169 1075 bibl.
1193 1038 1312 1073 Garess.
1334 1053 1406 1087 pag.
1423 1052 1477 1082 533
1493 1038 1537 1087 sq.
1590 1041 1681 1075 Haec
1702 1041 1802 1076 latina
1825 1043 1937 1091 Steph.

214 1095 315 1130 editio
338 1091 399 1128 etse
421 1093 567 1134 videtur,
594 1094 666 1133 cui,
692 1094 737 1131 vti
758 1093 794 1127 in
813 1102 891 1127 nota
913 1092 1028 1141 paullo
1050 1103 1123 1127 ante
1145 1089 1378 1135 animaduerti,
1404 1091 1525 1128 Fabrie.
1547 1105 1704 1140 graecum
1728 1102 1852 1129 textum
1874 1092 1938 1131 esse

211 1146 359 1183 additum
387 1142 565 1194 scripserat.

318 1214 476 1250 Graccum
499 1211 629 1257 Xiphil.
651 1219 776 1248 textum
799 1225 875 1248 cum
893 1213 1007 1247 Blanct
1030 1210 1187 1252 versione,
1213 1208 1384 1258 separatim
1407 1207 1538 1252 excusa,
1566 1224 1604 1246 ex
1625 1212 1759 1247 Roberti
1780 1214 1937 1262 Stephani

216 1266 369 1308 officina,
393 1276 473 1310 1552.
498 1277 528 1307 4.
553 1261 725 1312 prodiisse,
757 1263 837 1299 fides
860 1263 899 1300 sit
919 1277 1018 1314 penes
1039 1265 1225 1299 Fabricium
1250 1273 1280 1296 et
1300 1262 1490 1297 falconem.
1516 1282 1565 1289 —
1597 1264 1649 1298 De
1671 1263 1758 1299 editt.
1777 1264 1938 1310 Xylandri

215 1331 254 1354 ac
275 1315 464 1353 Leunclauii
484 1329 561 1351 cunt
579 1317 691 1351 Dione
712 1318 777 1350 iam
800 1314 895 1365 supra
916 1319 1054 1364 egimus.
1079 1336 1130 1342 —-
1158 1315 1282 1359 tilzil.
1309 1327 1358 1362 gr.
1375 1324 1405 1348 et
1421 1314 1473 1349 lat.
1497 1327 1573 1349 cum
1597 1315 1708 1350 Blanci
1731 1318 1897 1364 interpret.
1918 1331 1937 1352 a

211 1367 386 1415 Xylandto
403 1370 588 1416 recognita,
616 1379 647 1402 et
665 1369 709 1402 H.
724 1369 881 1414 Stephani
896 1371 992 1403 notis.
1042 1370 1121 1403 Exc.
1140 1369 1185 1401 H.
1199 1367 1387 1413 Stephanus.
1415 1365 1605 1414 (Geneuae)
1622 1379 1706 1412 ¹592·
1721 1364 1780 1405 sol,
1826 1370 1937 1416 Qam

215 1420 395 1458 editionem
418 1422 557 1455 curatius
579 1416 742 1467 descripsit
757 1420 904 1466 Freytag
925 1422 959 1454 in
982 1419 1136 1467 adparatu
1153 1419 1245 1452 litter.
1262 1420 1302 1454 11.
1321 1431 1394 1465 pag.
1411 1430 1478 1459 1321
1497 1415 1565 1466 sqq.
1591 1438 1640 1444 —-
1667 1418 1720 1453 Est
1736 1432 1870 1469 quoque
1884 1433 1936 1468 gr.

215 1482 247 1509 et
271 1473 323 1508 lat.
345 1474 378 1505 in
404 1470 469 1506 vol.
484 1473 523 1508 11.
546 1468 696 1517 scriptor.
719 1470 832 1506 histor.
853 1475 937 1519 Aug.
960 1471 1046 1519 apud
1070 1472 1116 1505 H.
1131 1471 1286 1518 Stephan.
1309 1473 1396 1516 1568.
1414 1476 1444 1508 8.
1461 1472 1489 1513 ³)
1512 1479 1544 1503 et
1564 1471 1648 1504 inter
1667 1467 1839 1517 scriptores
1862 1472 1935 1509 hist.

213 1537 303 1560 rom.
325 1525 468 1557 minores
491 1521 568 1558 edit.
571 1523 774 1570 §ylburgih
799 1535 932 1571 graece,
958 1535 1036 1558 cum
1052 1520 1201 1557 vectione
1215 1522 1316 1557 latina
1330 1520 1440 1555 Blanci
1456 1519 1637 1556 emendata.
1673 1523 1826 1569 Francofl
1844 1535 1937 1571 1590.

214 1574 278 1613 fol.
301 1584 385 1610 tom.
404 1575 461 1609 111.
483 1587 559 1623 pag.
572 1585 628 1617 ¹34
644 1571 710 1622 sqq.
736 1587 812 1608 cum
833 1576 919 1609 notis
942 1573 1129 1622 Sylburgii,
1157 1575 1214 1620 qui
1233 1569 1304 1607 vsus
1333 1571 1377 1607 est
1396 1571 1470 1607 cod.
1486 1572 1586 1607 Palat.
1608 1586 1669 1608 nec
1685 1586 1756 1609 non
1779 1577 1872 1610 variis
1891 1575 1938 1612 le·

214 1628 375 1665 &ionibus
398 1639 437 1661 ex
456 1625 531 1661 cod.
544 1627 603 1660 Ge.
617 1624 769 1660 Merulae
790 1626 830 1660 ab
851 1624 951 1661 Andr.
966 1627 1104 1661 Schotto
1117 1622 1237 1664 miffis,
1264 1622 1421 1659 adnotatt.
1437 1624 1526 1658 Guil.
1544 1623 1723 1669 kamdri,
1748 1627 1858 1662 Ioach.
1876 1630 1939 1664 Ca-

215 1679 365 1721 merarfi,
399 1677 517 1713 Dauid.
537 1674 727 1712 Hoeschelii
751 1687 781 1712 et
803 1678 897 1713 Hier.
918 1678 1039 1712 Wolfii
1062 1678 1171 1717 mstis,
1196 1685 1228 1710 et
1249 1675 1334 1715 aliis,
1368 1688 1446 1724 quas
1465 1676 1553 1723 apud
1578 1674 1778 1719 Brodaeum,
1805 1679 1936 1715 Turne.

212 1732 314 1772 bum,
345 1727 577 1778 Leopardum,
609 1729 830 1775 Stephanum,
863 1727 1026 1775 Lipfiutn,
1056 1728 1206 1774 aliosque
1225 1728 1355 1762 criticos
1376 1730 1509 1771 reperit3
1544 1728 1609 1762 vid.
1626 1728 1770 1763 Rcimari
1791 1728 1893 1779 praef.
1911 1731 1937 1767 Ι.

214 1784 247 1831 §.
265 1787 285 1819 6
302 1791 333 1817 et
347 1792 378 1823 7.
409 1801 461 1808 --
489 1781 518 1814 A
537 1780 684 1813 Rcinmro
703 1775 838 1814 editioni
861 1777 955 1814 Caffii
978 1781 1093 1814 Dionis
1114 1778 1263 1814 additum
1284 1775 1347 1812 effe
1369 1778 1593 1824 Isiphilinum,
1624 1781 1710 1814 uotis
1730 1780 1937 1826 illustratum,

210 1836 281 1869 iam
302 1831 397 1881 supra
419 1829 612 1867 adnotatum
632 1830 694 1866 est:
721 1832 775 1866 vbi
796 1843 929 1880 quoque
942 1831 1084 1866 Baldelli
1101 1829 1202 1866 versio
1223 1828 1348 1870 italica,
1374 1831 1488 1865 Venet.
1506 1834 1589 1874 1562.
1605 1841 1635 1872 4.
1662 1837 1742 1877 1585.
1759 1843 1789 1875 4.
1805 1843 1864 1869 etc.
1891 1834 1937 1870 est

211 1895 405 1921 memorata.

315 1952 434 1987 Gallice
448 1958 612 1985 verterunt
627 1948 752 1984 Anton.
767 1950 804 1984 de
819 1949 976 1990 Bandolc,
1002 1961 1017 1982 e
1031 1949 1143 1987 latim,
1165 1945 1280 1983 additis
1295 1950 1382 1983 notis
1393 1958 1430 1982 et
1445 1948 1640 1995 aphorismis
1656 1948 1816 1996 politicis,
1842 1949 1937 1989 Parii:

213 2009 303 2041 1510.
325 2015 355 2046 4.
382 2022 434 2029 ——
460 2002 588 2036 Ludou.
603 2002 733 2049 Consta,
758 2000 834 2036 ibid.
852 2005 939 2044 1678.
960 2007 991 2041 8.
1018 2010 1050 2035 et
1072 1999 1253 2035 Amsselod.
1276 2002 1362 2042 1685.
1389 2000 1430 2034 ΙΙ.
1446 1999 1525 2034 voli.
1553 2011 1580 2034 2.
1615 1999 1764 2036 Balduini
1785 2012 1817 2037 et
1836 2003 1937 2039 Daui.

212 2055 263 2091 lae
289 2053 427 2090 version.
448 2052 581 2101 gallicas
601 2062 767 2089 memorat
789 2053 885 2090 falco
903 2054 934 2100 §.
951 2064 995 2087 21.
1020 2071 1073 2079 ——
1097 2052 1256 2098 Anglicc,
1281 2052 1436 2098 Maning.
1463 2049 1615 2087 Londini.
1641 2064 1731 2097 1704.
1747 2059 1778 2095 3.
1802 2055 1841 2088 11.
1858 2055 1936 2092 voli.

212 2107 312 2143 Harl,

313 2199 383 2234 XV.
412 2199 529 2232 Dionis
543 2198 639 2233 Cassii
653 2208 756 2234 aetate
772 2201 850 2234 vixit
878 2199 905 2233 E
916 2198 948 2233 N
958 2198 1201 2239 cowlvs,
1229 2209 1298 2245 quo
1314 2194 1564 2232 familiariffime
1580 2195 1669 2231 vsum
1687 2198 1936 2244 imperatorem,

215 2249 438 2290 Alexandrum
456 2251 626 2288 Seuerum,
642 2249 772 2284 testatur
783 2251 992 2293 Lampridius
1010 2264 1079 2297 cap.
1095 2262 1142 2291 η.
1159 2261 1302 2295 eumque
1317 2251 1401 2282 inter
1418 2260 1494 2290 eor,
1522 2251 1577 2295 qui
1594 2247 1687 2284 Alex.
1704 2250 1934 2336 Stjuerisvitam

1746 2315 1814 2349 erip
1829 2312 1934 2344 erunt,

255 2392 287 2426 s)
315 2390 392 2418 Huic
413 2397 489 2416 anno
511 2386 658 2424 adsignant
676 2383 737 2427 ipse
759 2384 869 2418 fabric.
889 2384 950 2416 vol.
966 2386 1046 2418 xm.
1067 2395 1133 2428 pag.
1148 2387 1217 2416 620.
1238 2391 1268 2417 et
1289 2385 1391 2416 aneto:
1414 2390 1466 2416 cat.
1481 2384 1628 2419 Bunau.1,
1649 2393 1714 2425 pag.
1731 2388 1794 2420 163.
1814 2384 1862 2417 sed
1885 2397 1931 2417 au.

218 2435 298 2468 ¹564-
316 2431 425 2463 Fabric.
442 2438 471 2461 et
485 2431 611 2462 Reimar.
1307 2434 1316 2441 *
