2013 2725
186 137 250 172 492
301 126 373 161 La.
390 124 435 162 V.
460 138 482 162 c.
503 125 580 161 XL.
790 123 929 162 mmai(
955 124 1259 164 scRiPTonM
1592 130 1714 160 vaix.
1732 130 1908 165 mum
1984 102 1995 176 ξ

189 222 332 266 Μγχῃς,
358 216 481 267 βαβαὶ
505 214 630 267 Μύξος.
685 217 820 254 Βὶέὶυιῃ
841 220 907 256 hoc
930 224 963 256 in
992 220 1203 258 iassabundos
1226 231 1257 258 et
1277 218 1452 272 gloriosos.
1516 223 1642 270 Myxus
1662 228 1753 263 enim
1773 224 1837 262 fuit
1861 223 1907 262 sa.

294 272 408 307 cerdos
431 273 578 310 Dianae,
606 271 712 305 homo
732 267 856 306 facetus
880 283 912 307 et
935 273 1157 309 iadiabundus.

192 325 364 361 Nannacus
388 326 428 368 ⁰).
482 324 543 357 Vir
565 318 687 370 priscus
702 332 777 357 ante
794 323 1057 366 Deucalionem,
1080 338 1213 374 regem,
1255 326 1313 374 qui
1342 322 1494 361 futurum
1523 324 1687 363 diluuium
1717 326 1908 377 praesciens,

294 374 448 410 omnibus
468 377 501 409 in
524 373 687 422 templum
708 379 934 424 congregatis,
971 390 1049 413 cum
1071 377 1228 422 lacrymis
1251 378 1362 414 Deum
1385 374 1572 428 suppliciter
1596 382 1715 417 orauit.
1767 382 1808 416 Et
1832 393 1908 429 pro·
1960 424 1963 427 Ι
1989 402 1991 405 .

295 427 462 465 verbium,
488 438 507 460 a
523 427 694 468 Nannaco,
732 425 885 470 derebus
911 427 1096 465 admodum
1120 429 1257 466 vetustis.

193 476 380 516 Ναυοὶτος,
415 475 568 512 eeclesiae
586 478 754 525 presbyter
775 492 954 524 romanae,
999 496 1030 517 v.
1053 482 1215 516 Nouatus.
1269 483 1377 529 Atque
1405 481 1624 521 Naum-imo}
1647 482 1813 534 αἱςεσῖτοη
1835 479 1908 518 sunt

292 530 491 569 Nouatiani‚
513 530 675 576 haeretici,
701 529 768 565 fiue
785 534 841 579 qui
856 533 982 567 Nouati
1001 530 1190 568 sententiam
1210 530 1394 580 sequuntur.

190 579 381 622 Naucratis,
407 581 480 615 vrbs
496 583 636 629 Aegypti
654 595 671 615 a
692 582 828 617 Milesiis
846 582 996 626 condita,
1025 597 1128 634 quum
1141 587 1241 620 maris
1256 586 1438 633 imperium
1454 584 1649 621 obtinerent.
1701 587 1809 621 Huius
1828 587 1908 621 ciuis

290 629 355 667 suit
377 630 493 668 doetus
516 632 572 667 ille
594 634 789 669 Athenaeus.

190 682 414 726 Nauficrates,
440 687 600 720 comicus.
652 686 702 721 Ex
723 688 790 721 eius
808 685 1005 722 dramatibus
1025 685 1117 723 sunt:
1145 683 1359 737 Ναύκληξοι,
1385 689 1503 738 Περσίς
1517 691 1561 733 ⁷)-

190 735 328 783 Nauson
350 736 531 776 Naucrati,
558 735 598 771 de
621 738 679 779 iis,
706 741 760 786 qui
781 742 871 787 paria
893 737 952 774 sibi
971 750 1090 776 mutuo
1113 738 1263 775 reddunt.
1317 741 1428 775 Genus
1448 737 1607 775 scribendi
1627 741 1660 774 in
1684 737 1828 789 epistolis
1850 736 1910 774 vsi-

292 797 415 827 tatum,
441 797 475 823 vt
498 789 676 833 Pomptinus
701 790 861 835 Pompilo.

189 837 401 888 Ναζηροῖὶος,
437 837 501 873 deo
525 849 634 886 gratus
657 850 689 874 et
711 839 932 881 consecratus,
969 840 1020 876 vel
1041 843 1234 875 monachus.
1289 840 1482 881 Sciendum,
1509 851 1660 890 tempore
1674 840 1819 882 Claudii,
1838 841 1907 876 Ro.

290 902 470 925 manorum
488 892 567 937 imp.
589 902 666 925 cum
683 892 804 932 Petrus,
820 890 998 939 apossolus,
1014 891 1180 926 Euodium
1193 892 1387 926 Antiochiae
1404 890 1625 941 (episcopum)
1641 890 1793 933 creasset,
1818 893 1906 933 illos,

291 943 346 990 qui
366 943 456 991 prius
476 941 636 976 Nazaraei
661 950 692 976 et
714 942 850 978 Galilaei
871 943 1089 984 vocabantur,
1123 942 1307 990 adpellatos
1331 943 1547 979 Christianos.

187 992 371 1033 Neanthcs,
398 994 602 1037 kj'zicenuS,
629 1003 760 1036 orator,
783 992 957 1043 discipulus
974 992 1113 1037 Philisci,
1137 993 1270 1030 Milefii.

188 1044 378 1086 Nearchus,
406 1044 596 1079 Alexandro
619 1045 835 1094 expeditionis
859 1060 970 1082 comes
993 1044 1077 1089 fuit,
1103 1057 1134 1082 et
1154 1046 1322 1081 historiam
1347 1045 1388 1082 de
1412 1060 1454 1083 eo
1478 1044 1675 1095 conscripsit.
1732 1041 1828 1082 Falso
1853 1056 1906 1080 au-

289 1106 355 1130 tem
380 1093 410 1131 se
431 1094 634 1142 praefetftum
656 1097 757 1133 classis
779 1096 872 1133 suiss'e
896 1096 1035 1146 scripsit,
1061 1111 1167 1147 quum
1191 1099 1390 1146 gubernator
1410 1102 1503 1134 nauis
1526 1096 1634 1134 fuerit.

185 1146 385 1186 Nemesion,
413 1146 591 1192 (Damascii
608 1151 757 1194 amicus.)
785 1148 901 1185 confer
921 1149 1056 1185 Suidam
1072 1153 1104 1185 in
1119 1147 1358 1200 ’Λνεπτεςέτω
1370 1182 1373 1183 ⁷
1385 1161 1415 1186 et
1428 1149 1592 1200 Ἑρμῇογ.

187 1195 351 1248 Νεμῆσεας
371 1198 574 1249 ὑποκριτῶν,
608 1200 844 1247 distributiones
871 1202 1067 1248 histrionum,
1120 1204 1225 1237 Poetis
1261 1212 1323 1238 tres
1354 1202 1525 1239 histriones
1554 1199 1639 1237 sorte
1668 1197 1906 1238 diuidebantur‚

289 1255 343 1299 qui
372 1249 490 1286 fabulis
521 1264 667 1300 agerent.
720 1256 808 1289 Inter
841 1255 922 1294 hos,
957 1256 1014 1303 qui
1045 1255 1151 1290 vietor
1182 1251 1307 1294 fuisset,
1344 1256 1461 1304 absque
1490 1255 1642 1290 examine
1671 1250 1789 1286 deinde
1815 1248 1906 1286 adsu-

288 1303 448 1338 mebatur.

183 1353 333 1396 Neocles,
359 1352 577 1397 Atheniensis,
605 1353 839 1406 philosophus,
867 1354 966 1391 frater
982 1357 1127 1405 Epicuri,
1154 1361 1207 1407 qui
1227 1356 1348 1408 scripsit
1364 1357 1405 1394 de
1423 1356 1505 1394 secta
1521 1355 1587 1392 sua.
1639 1357 1680 1391 Et
1696 1353 1844 1396 Neoclis,
1861 1352 1906 1388 est
1965 1379 1969 1381 -

288 1405 434 1441 difflum:
460 1403 558 1445 λάθε
580 1405 734 1451 βιώσας,
761 1412 817 1456 qui
849 1411 923 1444 bene
955 1410 1072 1453 latuit,
1107 1411 1178 1445 bene
1201 1413 1296 1446 vixit.
1327 1413 1371 1455 (v.
1387 1411 1521 1458 Mmag.
1543 1410 1587 1444 aci
1607 1409 1709 1456 Diog.
1733 1408 1843 1442 Laert.
1859 1405 1906 1440 Χ.

271 1458 377 1506 segm.
399 1460 487 1505 III.)

182 1523 367 1572 Neophron
390 1523 444 1560 seu
471 1526 660 1572 Neophon,
694 1528 887 1572 Sicyonius,
915 1530 1074 1577 tragicuS,
1105 1530 1195 1564 cuius
1222 1526 1284 1565 esse
1314 1528 1426 1565 dicunt
1452 1529 1622 1576 Euripidis
1647 1525 1814 1568 Medeam,
1847 1521 1905 1560 do·

282 1578 346 1611 cuit
366 1578 546 1625 tragoedias
563 1579 663 1612 CXX.
690 1589 752 1614 etc.

181 1643 271 1680 Nero
284 1641 414 1684 studiis,
437 1646 636 1692 imperatore
653 1641 781 1691 prorsus
799 1644 962 1693 indignis,
987 1659 1124 1694 operam
1140 1645 1247 1689 dedit,
1283 1649 1403 1681 cithara
1422 1645 1558 1684 ludens,
1592 1642 1774 1693 tragoedias
1801 1655 1901 1691 agens

283 1705 314 1730 et
335 1696 369 1729 in
391 1696 520 1730 theatris
542 1693 668 1730 saltans.
721 1695 784 1730 Sed
806 1696 914 1731 adhuc
937 1696 1123 1733 adolescens
1144 1697 1251 1733 studiis
1267 1695 1498 1746 philosophiae
1516 1697 1664 1742 vacabat,
1693 1708 1723 1731 et
1747 1694 1786 1730 de
1808 1696 1902 1729 chri-

280 1745 330 1782 sto
348 1748 548 1795 inquirebat,
573 1760 674 1796 quem
707 1748 814 1782 adhuc
842 1747 997 1797 superesse
1029 1752 1064 1785 in
1091 1751 1171 1784 viuis
1204 1749 1424 1784 arbitrabatur.
1476 1751 1655 1797 Quinque
1683 1744 1901 1794 comperisset,

280 1811 298 1833 a
316 1797 440 1832 Iudaeis
465 1802 498 1833 in
520 1811 649 1833 crucem
674 1800 786 1834 adium
808 1798 889 1842 effe,
917 1804 1014 1835 iratus
1037 1804 1166 1836 Annam
1189 1810 1219 1834 et
1241 1802 1501 1849 Caiphamffcum
1520 1800 1642 1841 Pilato,
1669 1809 1746 1834 tunc
1764 1797 1899 1833 Iudaeae

278 1848 442 1897 praeside,
468 1850 598 1884 vintflos
619 1849 658 1884 ad
686 1848 714 1885 se
737 1851 809 1885 duci
833 1850 934 1890 iussit,
961 1853 1000 1887 ab
1016 1855 1116 1901 iisque
1139 1849 1309 1887 sciscitatus
1332 1851 1394 1894 est,
1418 1864 1632 1900 quaecunque
1662 1853 1696 1885 in
1724 1852 1791 1886 eius
1818 1847 1900 1884 iudi-

280 1903 332 1936 cio
356 1903 425 1936 aeta
446 1899 544 1937 essent
566 1911 626 1938 etc.
654 1904 704 1937 Eo
727 1914 876 1949 tempore
901 1913 931 1938 et
954 1906 1070 1939 Simon
1092 1905 1214 1951 Magus
1237 1901 1390 1945 florebat,
1418 1916 1587 1952 quumque
1603 1904 1712 1937 Petrus
1735 1913 1767 1936 et
1782 1902 1899 1936 Simon
1976 1897 1984 1951 l}

280 1950 446 2000 praesente
472 1954 607 1988 Nerone
629 1956 712 1989 inter
734 1952 764 1989 se
779 1953 994 2003 disputarent,
1023 1955 1157 1991 edudlus
1172 1955 1216 1991 est
1236 1969 1274 1990 ex
1292 1968 1420 1990 carcere
1434 1956 1562 1990 Pilatus.
1615 1955 1705 1990 Nero
1723 1955 1897 1988 Simonem
1976 1946 1983 2007 t
2005 1978 2013 2006 Ν

276 2005 476 2052 interrogat,
501 2017 541 2038 an
571 2003 645 2040 esset
666 2005 835 2042 Christus?
863 2007 917 2042 ille
942 2005 971 2041 se
995 2006 1057 2042 esse
1076 2011 1127 2043 ait.
1178 2009 1310 2055 Negant
1325 2009 1455 2048 Petrus,
1475 2017 1506 2042 et
1524 2006 1656 2047 Pilatus,
1685 2005 1751 2046 liic,
1779 2005 1897 2052 inquit,
1975 2006 1982 2041 ll
2004 2005 2008 2012 ⁴

274 2055 460 2103 Aegyptius
477 2056 538 2103 (st,
563 2064 593 2092 et
608 2057 697 2105 obeso
712 2071 840 2106 corpore
852 2066 881 2094 et
893 2060 1036 2106 prolixis
1049 2060 1171 2106 capillis
1190 2069 1220 2095 et
1237 2061 1330 2107 niger
1350 2061 1534 2107 omninoque
1556 2059 1597 2092 ab
1616 2059 1682 2092 eius
1696 2057 1813 2104 forma
1826 2058 1898 2091 alie·
1974 2094 1975 2104 ἵ

274 2119 332 2143 tius
358 2116 416 2143 etc.

1771 2160 1892 2204 Nerua,

212 2265 246 2304 ο)
270 2266 395 2298 Videtur
416 2278 522 2299 nomen
549 2279 584 2299 ex
609 2268 734 2302 Noacln'
759 2271 879 2301 nomine
907 2282 1008 2302 corru-
1095 2273 1134 2312 p)
1157 2273 1297 2302 Monente
1319 2270 1441 2301 Ki'istero
1463 2277 1523 2301 not.
1540 2278 1569 2308 7.
1589 2270 1730 2305 (tom.11.
1754 2280 1783 2309 p.
1800 2272 1893 2305 600.)

168 2314 269 2347 ptum,
294 2310 543 2343 licetNannacus
559 2314 621 2348 hic,
647 2315 806 2355 (Stephano
833 2311 1007 2348 Byzff'Avm-
1052 2326 1130 2350 non,
1155 2314 1333 2355 Nauficrciti
1348 2317 1477 2349 coinico;
1501 2314 1548 2343 sed
1569 2313 1727 2344 Naucrati
1748 2311 1889 2349 fabulam,

167 2356 239 2386 xus)
266 2351 429 2393 Phrygum
448 2365 506 2385 rex
528 2355 635 2386 dicitur
650 2358 755 2388 Suidae
770 2360 800 2389 in
814 2356 851 2386 τοὶ
867 2355 921 2389 ἐπὶ
935 2362 1005 2389 Nau.
1050 2361 1148 2398 Πέρσα
1169 2359 1298 2396 adfigunt
1319 2359 1483 2387 Athenaeus
1501 2356 1568 2388 libr.
1585 2357 1636 2387 tx.
1671 2355 1726 2387 Sed
1748 2366 1776 2388 v.
1791 2355 1888 2399 supra,

166 2391 248 2428 ruint,
272 2403 300 2425 et
318 2397 397 2430 Rex„
419 2399 450 2428 in
464 2395 502 2426 τοὶ
523 2397 659 2429 Nmm'xs.
1048 2403 1081 2434 in
1097 2400 1156 2433 vol.
1170 2403 1207 2434 ΙΙ.
1229 2411 1294 2444 pag.
1311 2411 1377 2442 741.
1401 2399 1493 2433 Harl·
