2049 2720
53 176 116 205 va.
127 160 175 203 ml
195 181 220 207 p.
236 175 296 207 ⁴0⁷
711 172 797 209 Am
827 172 1124 212 ARTEMmom
1305 175 1378 213 Lib.
1393 175 1500 215 1V.c.
1512 175 1602 215 XV,
1704 178 1764 220 263⁴

53 267 178 305 demiae
201 268 331 310 lumen,
356 269 390 303 in
415 266 471 313 [ff]
495 263 769 303 obseruationibus
791 270 909 304 criticis
935 267 1165 312 miscellaneis,
1197 268 1420 320 Franequerae
1445 286 1472 307 a.
1492 284 1582 316 1707.
1606 278 1636 311 8.
1666 269 1758 305 editis

52 316 120 369 cap.
137 333 169 357 2¹
187 317 256 369 sqq.
283 319 439 367 castigatis
460 321 554 354 etiam
578 321 671 353 variis
694 321 846 356 Cornarii
866 323 1047 370 interpretis
1072 321 1242 356 erroribus.
1269 323 1395 357 Fabi-ie.
1454 324 1520 368 [Io.
1539 325 1643 358 Hm.
1663 321 1760 357 Valc-

40 371 113 422 flus
133 374 168 407 in
189 371 274 406 libro
290 374 313 406 1.
336 368 613 407 Emendationum
637 383 706 419 cap.
725 384 874 415 17—22.
897 371 1048 408 emendat
1068 382 1137 408 tum
1156 374 1252 408 verba
1272 377 1378 422 graeci
1399 384 1523 414 textus,
1549 383 1619 408 tum
1642 371 1760 408 verfio-

50 435 129 458 nem
147 424 319 459 Cornarii:
347 433 378 458 et
398 423 574 457 Burmann.
595 424 629 457 in
648 424 735 458 notis
760 422 920 471 quaedam
942 423 1060 460 adiicit.
1086 444 1137 451 —
1161 426 1189 458 I.
1206 427 1268 461 Iac.
1283 426 1393 460 Rciske
1409 427 1441 460 in
1460 421 1695 460 Animaduerff.
1719 420 1759 457 ad

0 481 16 495 “·
49 486 186 523 graecos
209 476 374 524 auclores,
399 473 464 510 vol.
484 476 522 508 V.
547 486 619 521 pag.
634 475 837 518 627—722.
864 477 972 511 critice
992 472 1190 524 persequitur
1211 475 1410 512 Artemidori
1435 475 1545 512 libros.
1571 496 1622 503 —
1654 475 1758 519 Toup.

48 527 84 560 in
106 525 280 562 emendatt.
306 528 341 560 in
365 524 499 560 Suidam
524 534 556 560 et
575 522 802 570 Hesychium,
833 526 983 564 Doruill.
1008 529 1045 562 in
1065 540 1188 563 comm.
1208 526 1248 563 ad
1271 529 1452 564 Charitona
1471 529 1549 563 hinc
1568 526 1644 563 inde
1664 525 1759 574 plura

47 575 224 614 emendant
243 577 319 612 loca
338 577 414 623 eto]

151 626 323 664 Verfiones
341 626 541 663 Artemidori
556 626 716 668 Gallicas,
740 626 910 677 Anglicc'u,
934 630 1066 665 Italicas
1077 632 1128 676 ²),
1154 629 1358 666 Germanicas
1373 640 1402 667 et
1417 630 1613 676 Hispanicas
1626 628 1764 666 libenter

47 690 239 730 praetereo,
274 682 350 728 quia
372 677 440 715 fere
463 691 530 714 non
550 676 624 713 sunt
645 678 803 721 sincerae,
834 678 888 716 sed
910 678 1028 717 frustra
1050 679 1206 716 incassum
1227 682 1445 718 intercedente
1467 692 1498 717 et
1516 695 1575 730 per
1596 681 1760 730 Apollinis

47 733 262 767 reuerentiam
281 733 346 766 hoc
359 731 550 779 deprecante
566 731 701 766 auctore
717 735 763 778 ¹⁶)
778 730 829 767 vel
846 733 982 769 mutilae
996 732 1047 768 vel
1067 735 1161 768 variis
1183 732 1291 769 modis
1316 732 1541 781 interpolatae.
1590 734 1651 768 Eas
1672 739 1761 780 petat

48 785 103 832 qui
119 783 193 820 velit
207 797 246 818 ex
264 781 476 818 Hendreichii
491 781 658 831 pandeciis
672 782 956 831 Brandeburgicis,
983 786 1039 833 qui
1059 794 1182 825 tamen,
1199 786 1250 820 vbi
1267 785 1307 821 de
1322 788 1389 821 hoc
1406 783 1561 833 scriptore
1579 786 1664 831 agit,
1690 795 1762 818 non

48 835 92 870 est
115 833 208 871 valde
230 846 405 870 accuratus.
464 836 544 882 Qis
565 836 653 868 enim
678 833 758 868 vidit
781 834 880 870 libros
904 838 969 871 eius
992 836 1206 883 de‘Auguriis
1228 847 1260 872 et
1282 836 1323 872 de
1351 849 1512 872 manuum
1538 833 1762 884 inspectione?

47 889 118 935 quis
143 895 204 922 tres
224 885 381 922 editiones
403 887 542 920 Venetas
566 884 765 921 Artemidori
789 899 920 934 graecas
942 890 973 921 in
988 899 1019 930 4.
1045 901 1071 921 a.
1089 895 1169 932 1518.
1192 899 1277 932 1527.
1296 891 1400 935 1529.?
1455 890 1536 936 Qis
1560 884 1761 935 hispanicam

46 936 152 986 Lugd.
169 940 263 983 1609.
289 937 404 972 additis
419 935 589 985 Augustini
607 938 710 983 Niphi
734 938 811 973 odio
833 938 1206 983 iibrisbdiuinationum!
1258 942 1361 982 Sane,
1387 941 1516 987 quaein
1538 937 1644 973 indice
1658 935 1762 985 hispa-

45 992 125 1025 nico
149 986 359 1036 proscribitur
380 987 479 1023 editio
501 987 700 1022 Artemidori
729 988 816 1023 iliius
845 989 923 1023 anni
946 988 1185 1037 I„ugdunenfiS‚
1224 989 1524 1038 (quemadmodum
1547 989 1763 1037 prohibentur

46 1042 80 1076 in
102 1039 221 1075 eodem
244 1039 350 1075 indice
364 1041 486 1074 'omnes
506 1039 620 1086 lingua
639 1039 810 1074 vernacula
834 1053 1027 1088 quacunque
1048 1039 1181 1086 editae)
1208 1041 1332 1076 Gallica
1356 1041 1417 1083 est,
1451 1043 1535 1086 (non
1558 1039 1762 1088 Hispanica‚)

47 1091 162 1128 additis
180 1091 352 1139 Augustini
365 1092 469 1136 Niplu'
488 1089 730 1125 diuinationum
755 1090 854 1127 libris.
912 1091 1032 1127 Prodiit
1054 1100 1085 1126 et
1102 1091 1329 1127 Artemidoru:
1344 1094 1456 1139 gallice
1476 1091 1581 1139 Lugd.
1604 1093 1694 1136 1596.
1717 1102 1762 1125 12.

45 1155 77 1180 et
100 1145 246 1192 epitome
271 1156 330 1190 per
352 1142 502 1178 Car-olum
516 1143 716 1183 Fontanum,
743 1141 848 1189 Lugd.
875 1153 954 1187 1555.
980 1150 1011 1182 8.
1034 1139 1127 1176 Paris.
1151 1145 1236 1185 1566.
1258 1141 1369 1178 forma
1394 1146 1534 1177 minore.
1570 1144 1762 1191 [germanice

45 1196 227 1244 aliquoties.
252 1193 316 1229 vid.
332 1193 527 1228 Schummelii
541 1189 723 1228 Uebersetz.
738 1192 820 1229 Bibl.
835 1205 908 1241 pag.
925 1200 979 1238 98.
1006 1194 1166 1242 Beytrage
1183 1205 1243 1241 {ug
1255 1192 1404 1244 pitisph,
1419 1194 1502 1232 Hist,
1517 1192 1573 1240 der
1587 1190 1762 1230 deutschen

9 1294 18 1307 ⁸
44 1248 205 1296 Sprache,
227 1254 310 1295 part.
321 1246 375 1281 IX.
394 1257 470 1294 pag.
486 1245 566 1295 ²06:
591 1244 710 1290 Harl.]
1179 1241 1182 1244 ’
1243 1242 1248 1246 ”
1420 1242 1454 1246 ““

608 1340 664 1375 IX.
715 1338 829 1374 Alii
878 1339 1197 1377 Artemidori.

144 1406 374 1444 'Artemidorus
393 1405 660 1455 Arssophanius,
690 1409 941 1456 grammaticus⁷
978 1410 1069 1443 cuius
1097 1409 1175 1458 me}
1201 1404 1389 1459 A‘wel'ffoq'et
1414 1405 1584 1455 ‘yma-'mac
1603 1404 1761 1456 ὅψοιςτᾱὲ

43 1456 145 1500 wude
161 1460 270 1496 laudat
286 1461 478 1495 Athenaeus.
530 1461 702 1507 [Carmina
717 1458 877 1508 quaedam
892 1486 903 1501 ,
925 1472 1002 1494 cum
1018 1461 1203 1497 Theocrito
1224 1460 1297 1496 sunt
1319 1464 1353 1496 in
1374 1461 1448 1497 cod.
1463 1461 1600 1496 Coislin.
1617 1455 1761 1494 CCCLI-

44 1515 80 1547 in
95 1509 276 1551 Montfauc‚
298 1509 390 1547 catal.
408 1525 440 1560 p.
455 1512 535 1557 518]
591 1508 715 1546 Gioffas
739 1508 952 1558 opsartyticas
971 1510 1085 1546 Suidas
1108 1525 1240 1561 quoque
1261 1522 1444 1553 memorat,
1467 1515 1523 1560 qui
1539 1508 1760 1546 Pseudo-Ari-

9 1610 15 1611 7
42 1563 251 1612 ssopbanium
274 1561 415 1611 adpeliat
435 1565 469 1597 in
489 1557 693 1611 Τιμαχίδας
715 1571 747 1597 et
769 1557 1023 1613 Ἀρτεμίδωρος,
1063 1563 1114 1598 vbi
1137 1561 1270 1599 consule
1291 1573 1384 1599 notas
1411 1560 1585 1599 docfkissimi
1603 1558 1761 1596 Neocori.

20 1632 23 1639 ·
43 1615 168 1652 Fabric.
221 1613 287 1661 [Ad
303 1615 391 1649 hunc
405 1611 516 1649 forsan
538 1613 709 1650 referenda
732 1612 776 1648 est
795 1616 959 1649 enarratio
981 1611 1077 1663 super
1099 1614 1297 1652 collectione
1312 1615 1538 1651 bucolicorum
1549 1614 1760 1662 poematum,

19 1708 23 1711 ¹
43 1667 79 1701 in
94 1664 169 1702 cod.
183 1663 277 1701 Paris
294 1667 463 1701 MMDLI.
476 1678 526 1700 nr.
543 1673 596 1707 28.
612 1665 704 1712 (teste
719 1664 811 1700 cataL
829 1667 871 1705 Π.
886 1678 962 1714 pag.
977 1666 1065 1711 520.)
1081 1676 1111 1701 et
1128 1669 1162 1702 in
1180 1666 1303 1702 Medic.
1317 1666 1407 1703 FIor.
1420 1666 1496 1702 teste
1511 1665 1649 1701 Bandin.
1665 1659 1761 1697 catal.

43 1716 140 1754 codd.
151 1730 201 1767 gr.
217 1727 298 1753 tom.
315 1720 356 1752 ΙΙ.
370 1729 446 1766 pag.
463 1729 531 1753 210.
548 1727 580 1753 et
593 1715 725 1753 fortaffe
740 1718 774 1750 in
789 1717 864 1752 cod.
880 1716 1065 1753 Mediolan.
1092 1717 1154 1754 vid.
1172 1719 1261 1754 Fabr.
1277 1720 1310 1754 B.
1328 1720 1385 1754 Gr.
1399 1717 1466 1753 voi.
1482 1719 1537 1752 ΙΙΙ.
1552 1729 1629 1766 pag.
1646 1712 1736 1759 777]

143 1783 387 1826 Artemidorus,
414 1783 614 1829 Astalonita,
635 1787 888 1833 grammaticus,
914 1797 1014 1833 quem
1035 1784 1111 1835 neg»)
1134 1784 1291 1824 Βιθυνίας
1309 1780 1462 1833 scripfiffe
1484 1784 1615 1820 testatur
1628 1780 1761 1829 Stepha-

41 1849 104 1873 nus
117 1837 198 1881 Byz.
213 1839 247 1872 in
261 1833 449 1874 ’Λσκαῖλων.
503 1837 603 1871 Hunc
617 1836 703 1871 male
717 1849 793 1871 cum
808 1837 939 1885 Ephefio
958 1838 1154 1886 geographo
1178 1836 1305 1872 Vosfius
1329 1849 1402 1884 pag.
1417 1848 1480 1881 143.
1493 1835 1533 1870 de
1547 1833 1629 1870 Hist.
1644 1835 1759 1868 Graec.

43 1885 230 1924 confundit.
284 1887 520 1934 Verifimss‘mr,
545 1900 745 1936 quamquam
767 1890 905 1929 incerta,
929 1890 1113 1923 coniedtura
1134 1887 1278 1924 eiusdem
1303 1888 1403 1933 Voffii
1420 1900 1492 1936 pag.
1511 1899 1575 1930 ¹43·
1599 1885 1653 1919 vbi
1678 1895 1757 1917 cum

15 1943 27 1952 “
42 1938 275 1986 Aristophanio
304 1940 438 1974 coniicit
457 1938 612 1973 eumdem
635 1937 717 1980 effe,
750 1939 801 1974 vel
822 1937 955 1988 Maezcrsii
973 1942 1007 1974 in
1026 1939 1179 1974 Biblioth.
1199 1951 1335 1987 graeca,
1366 1941 1421 1987 qui
1445 1951 1522 1973 cum
1542 1933 1758 1972 Artemidoro

42 1992 214 2039 Capitone.

145 2055 371 2092 Artemidorus
393 2055 528 2103 Capito}
553 2058 804 2104 grammaticus,
833 2054 886 2092 sub
912 2055 1084 2092 Hadriano
1107 2058 1187 2106 imp.
1211 2056 1333 2096 effatus,
1366 2058 1420 2104 qui
1441 2056 1555 2092 iundiis
1576 2067 1653 2090 cum
1674 2054 1756 2089 Dio·

41 2106 164 2144 fcoride
177 2107 400 2144 Alexandrino
422 2111 529 2158 operis
551 2110 791 2157 Hippocratem
811 2108 891 2143 oiim
915 2106 1088 2152 recensuit,
1109 2122 1178 2144 non
1200 2122 1318 2157 parum
1341 2107 1396 2142 fibi
1419 2109 1453 2142 in
1477 2121 1520 2143 eo.
1538 2107 1634 2142 licere
1655 2115 1756 2147 ratus,

42 2170 76 2194 vt
96 2159 237 2195 Galenus
263 2159 349 2195 baud
373 2172 439 2195 vno
467 2160 543 2195 loco
573 2162 792 2209 conqueritur.
846 2161 946 2201 Vide,
973 2173 1055 2209 quae
1075 2162 1186 2195 notaui
1208 2157 1294 2194 infra
1319 2161 1352 2194 in
1372 2158 1479 2195 indice
1501 2157 1713 2207 scriptorum,
1734 2168 1755 2189 a

43 2211 169 2247 Galeno
190 2210 410 2247 laudatorum.
439 2213 483 2258 [et
502 2213 542 2246 V
540 2212 674 2258 illoison.
697 2215 730 2246 in
753 2211 900 2247 anecdot.
926 2225 972 2258 gr.
996 2223 1076 2246 tom.
1094 2214 1132 2249 Η.
1157 2224 1232 2259 pag.
1248 2213 1303 2253 136
1318 2208 1363 2257 sq.
1385 2220 1453 2246 not.
1473 2213 1517 2256 1.]
1568 2211 1675 2246 Huius
1697 2221 1753 2243 ne·

41 2259 130 2306 scio,
153 2276 194 2298 an
208 2261 383 2312 superioris
395 2263 607 2306 Artemidori,
625 2266 844 2312 grammatici,
867 2261 977 2314 λέξεις
995 2266 1069 2299 citat
1086 2265 1258 2298 Erotianus
1270 2265 1304 2297 in
1320 2261 1456 2301 Adam.

1608 2327 1750 2368 Artemis

85 2406 122 2439 z)
145 2408 187 2436 De
208 2406 309 2437 italicis
325 2419 353 2439 v.
373 2407 501 2439 Paitonz'
511 2404 581 2438 bibi.
597 2407 673 2447 degli
687 2410 784 2440 autori
799 2406 863 2441 voi·
959 2409 1016 2448 aa)
1039 2404 1215 2441 Artemidor.
1229 2405 1283 2438 Iib.
1298 2407 1336 2437 11.
1351 2414 1474 2438 extrem.

43 2452 151 2489 μήτι.
169 2458 241 2480 tom.
257 2453 280 2480 1.
305 2461 370 2493 pag.
389 2463 441 2488 130
458 2451 498 2493 sq.
520 2451 612 2483 Harl.
