2013 2725
125 63 191 105 782
245 53 317 94 Lib.
336 52 382 91 V.
396 63 420 89 c.
434 50 577 89 XLIII.
720 47 915 85 CODICES
941 41 1266 85 EPISTOLARVM
1293 23 1453 86 LIBANII

229 158 427 186 numeratas.
478 148 646 181 Perierunt
670 153 780 179 tamen
801 141 973 192 quaedam.
1014 155 1044 177 v.
1067 142 1210 179 Baua'in.
1236 141 1260 178 l.
1276 156 1305 178 c.
1334 141 1398 179 col.
1414 145 1486 186 673.
1502 154 1552 179 nr.
1577 146 1615 186 3.·
1633 143 1687 171 “-’-“
1723 143 1790 179 cod.
1812 143 1854 179 E.

226 203 262 236 in
286 199 364 248 plut.
382 199 554 235 LXXXVI.
579 195 657 232 cod.
673 196 763 231 vm.
787 207 835 229 nr.
851 206 878 238 5.
905 196 1052 230 continet
1069 206 1144 243 epp.
1162 195 1321 229 CCCXII.
1340 193 1472 242 pessime
1485 204 1649 236 exaratas,
1672 207 1749 230 cum
1764 193 1856 231 scho-

223 252 277 288 liis
302 252 428 300 aliquot
455 250 595 296 margin.
623 247 791 293 (Bandin.
808 246 865 282 111.
888 247 978 290 316.)
1003 265 1056 275 --
1098 247 1164 280 cod.
1183 246 1218 280 F.
1248 247 1280 280 in
1305 244 1385 294 plut.
1408 247 1522 280 Lvm.
1549 244 1624 282 cod.
1651 246 1737 280 XVI.
1764 259 1811 282 nr.
1826 257 1854 287 3.

221 313 354 340 mutuas
376 301 472 337 habet
493 298 600 334 Basilii
626 307 658 333 et
676 297 802 333 Libanii
827 307 858 333 et
881 295 1070 345 posterioris
1095 306 1157 332 tres
1179 295 1255 331 alias
1279 296 1411 332 litteras.
1462 297 1620 342 (Bandin.
1638 299 1677 332 11.
1693 296 1755 332 col.
1769 300 1858 342 454.)

220 374 272 384 -—
300 355 369 389 cod.
388 353 434 388 G.
458 363 498 387 ex
519 349 594 387 cod.
610 350 654 385 B.
675 359 790 392 natue,
816 358 848 385 et
867 349 1032 398 eleganter
1055 347 1208 397 quidem,
1234 345 1288 383 sed
1310 360 1380 384 non
1404 345 1576 396 diligenter
1599 348 1779 384 aZenobio
1797 350 1860 383 Ac-

223 404 346 441 ciaiolo
370 402 569 452 descriptus,
596 403 630 437 in
653 400 730 449 plut.
745 401 815 436 LV.
839 413 868 436 c.
885 403 926 436 11.
948 413 997 436 nr.
1016 411 1067 444 24.
1101 397 1142 436 de
1167 411 1235 448 quo
1257 398 1331 435 cod.
1355 409 1387 435 et
1407 397 1448 434 de
1470 398 1657 441 Acciai010‚
1690 412 1722 435 v.
1751 398 1862 445 WOff·

228 460 264 491 in
288 452 392 503 praef.
421 465 453 490 et
476 453 616 488 Bandin.
639 451 660 486 l.
675 466 702 487 c.
726 450 789 487 col.
805 455 870 488 216.
889 448 934 499 sq.
959 470 1010 479 —
1060 452 1189 486 Praeter
1210 452 1325 487 citatos
1349 450 1403 486 alii
1424 447 1498 486 sunt
1519 453 1554 485 in
1577 450 1692 487 eadem
1709 450 1865 486 biblioth-¹

229 506 328 543 codd.
355 508 411 555 qui
437 507 606 541 continent
631 502 741 553 plures
768 505 982 553 paucioresue
1005 501 1158 550 epistolas
1188 503 1332 544 Libana,
1364 511 1416 544 vt,
1448 505 1484 537 in
1514 501 1596 551 plut.
1617 503 1715 539 Lvn.
1738 500 1813 538 cod.
1835 504 1864 538 Ι.

229 572 282 595 ur.
300 562 350 601 63.
379 557 540 604 (Bandin.
555 560 597 592 11.
618 555 683 591 col.
698 557 785 601 334.)
805 574 855 583 -—
881 556 917 590 in
939 552 1058 591 eodem
1082 553 1164 601 plut.
1188 553 1261 589 cod.
1277 555 1426 589 XXXIV.
1449 566 1500 589 nr.
1519 560 1564 594 18.
1591 554 1678 590 XVI.
1693 566 1767 603 epp.
1784 565 1866 588 con-

228 613 354 646 tinens:
383 621 526 657 quarum
544 609 632 643 XIV.
655 606 695 642 ad
717 606 956 649 Iamblichum‚
996 615 1028 640 et
1053 607 1123 643 XV.
1144 604 1183 640 ad
1206 604 1436 641 Aristoxenum
1468 601 1707 654 philosophum
1732 605 1867 641 initium

236 674 308 698 non
333 664 481 696 occurrit
504 662 540 695 in
562 658 613 695 ed.
634 658 824 694 VVolfiana:
865 656 939 694 ideo
961 658 1103 692 Bandin.
1119 660 1160 693 11.
1183 657 1248 692 col.
1264 669 1331 702 391-
1346 654 1390 706 sq.
1416 665 1603 705 vtramque,
1639 666 1674 692 vt
1695 659 1729 691 in
1749 654 1868 692 codice

233 711 375 762 prostat,
411 709 528 748 excudi
552 707 650 746 fecit:
690 723 738 746 nr.
756 722 800 755 ¹9·
826 707 898 744 sunt
921 708 1029 745 adhuc
1054 707 1138 743 duae
1161 707 1316 757 epistolae
1335 706 1442 743 Basilii
1467 717 1498 742 et
1523 709 1589 744 Lib.
1615 707 1772 756 epistolae
1795 719 1871 743 mu·

236 774 322 799 tuae.
350 782 400 790 —
452 767 491 799 111
515 761 596 811 plut.
612 762 693 798 LIX.
718 760 794 797 cod.
811 762 911 796 XXX.
937 774 984 796 nr.
1002 774 1035 805 7.
1063 758 1166 794 Basilii
1192 770 1225 794 et
1245 760 1312 794 Lib.
1329 758 1484 807 epistolae
1499 769 1631 795 mutuae
1645 761 1763 795 XXIII.
1785 770 1868 809 quae

239 814 375 864 quidem
401 811 476 851 sunt
499 815 535 849 in
562 812 736 848 Wolfiana
760 811 834 847 edit.
857 826 875 846 a
893 825 941 847 nr.
961 814 1155 857 ¹58001602·
1179 820 1212 846 at
1237 810 1276 844 ab
1299 823 1339 845 eo
1358 823 1427 845 non
1453 810 1602 846 collatae.
1653 810 1809 853 (Bandin.
1826 812 1869 849 11.

237 866 402 910 001·55¹·)
431 884 483 892 —
509 866 547 899 ln
573 864 653 912 plut.
670 865 738 900 LX.
762 876 790 897 c.
805 863 893 899 XVI.
915 875 946 897 n.
964 875 996 907 7.
1029 862 1098 897 Lib.
1130 860 1170 896 ad
1194 859 1392 897 Priscianum
1422 860 1577 910 epistolae
1603 860 1705 904 duae,
1741 863 1797 906 (in
1818 859 1871 899 ed.

238 914 352 952 Wolf.
375 929 427 965 ep.
447 927 500 959 143
517 925 548 951 et
565 917 649 961 855.)
701 914 767 949 Illis
791 913 960 949 adiuuetae
981 912 1135 961 leguntur
1154 913 1418 961 grammaticales
1435 911 1595 961 quaedam
1617 911 1872 962 explanationes·

242 969 367 1015 (Rani.
389 969 431 1003 11.
454 966 517 1002 col.
532 969 626 1013 606.)
655 984 705 992 -
756 963 893 1014 Insuper
913 966 953 1000 ab
975 964 1122 999 Antonio
1145 966 1259 1002 Maria
1280 965 1438 1012 Biscionio
1458 967 1491 998 in
1514 964 1590 1000 bibl.
1606 963 1874 1001 Mediceo-Lau-

242 1023 407 1055 rentianae
437 1018 530 1054 catal.
559 1018 719 1062 (Florent.
736 1028 823 1061 1752.
839 1015 916 1062 fol.)
944 1015 1012 1051 vol.
1029 1017 1069 1050 11.
1094 1027 1126 1064 p.
1143 1027 1194 1059 42.
1220 1013 1266 1065 sq.
1290 1017 1325 1050 in
1346 1014 1420 1052 cod.
1435 1016 1522 1051 XIV.
1546 1029 1596 1053 nr.
1612 1029 1641 1061 4.
1663 1014 1709 1051 est
1725 1015 1792 1052 Lib.
1806 1016 1876 1064 epi-¹

244 1070 327 1106 ssola
352 1068 392 1106 ad
416 1069 692 1119 Amphilochium
718 1078 750 1102 et
773 1068 834 1103 alia
852 1067 893 1103 ad
915 1069 1115 1116 Optimum,
1144 1065 1337 1116 episcopum
1359 1065 1556 1104 ordinatum.
1582 1088 1635 1095 —
1673 1071 1712 1104 In
1732 1063 1875 1102 Bandim·

243 1122 339 1158 catal.
362 1120 463 1157 codd.
488 1122 580 1156 latin.
602 1119 725 1157 Medic.
753 1119 830 1155 bibl.
850 1120 891 1156 11.
914 1122 981 1165 562.
1006 1117 1080 1155 cod.
1097 1119 1164 1157 XX.
1187 1116 1260 1154 sunt
1284 1120 1396 1154 Liban.
1426 1131 1500 1168 epp.
1523 1119 1674 1154 XCVIII.
1701 1121 1876 1169 interprete

241 1176 360 1210 Franc.
387 1173 612 1214 Zambicario‚
634 1173 764 1221 equite,
789 1170 828 1205 ad
849 1172 893 1205 D.
909 1173 956 1209 Io,
970 1170 1192 1206 Bentiuolum.
1219 1190 1268 1198 —
1322 1173 1361 1206 In
1384 1170 1458 1205 bibl.
1483 1171 1606 1207 Veneta
1625 1170 1731 1207 Marc.
1750 1172 1785 1206 in
1800 1167 1877 1206 cod.

249 1227 454 1260 CCCCXLl.
483 1222 555 1259 sunt
580 1233 650 1267 481.
675 1223 765 1270 epist.
787 1232 819 1257 et
839 1220 1015 1258 confedor
1038 1220 1179 1269 catalogi
1201 1233 1274 1269 pag.
1292 1224 1358 1260 26¹,
1376 1219 1446 1270 sqq.
1473 1219 1732 1270 posuit'nomina
1747 1226 1881 1264 eorum,¹

247 1276 364 1325 quibus
388 1274 534 1323 singulae
558 1288 631 1323 epp.
654 1273 879 1309 inscribuntur.
907 1293 957 1300 --
1009 1276 1047 1308 ln
1074 1271 1218 1320 sequenti
1243 1271 1317 1307 cod.
1333 1274 1554 1308 CCCCXLH.
1577 1272 1703 1308 exstant
1717 1280 1778 1319 158.
1803 1284 1879 1320 epp.

247 1337 279 1363 et
301 1329 438 1362 nomina
467 1339 605 1364 eorum,
634 1325 673 1360 ad
703 1337 786 1373 quos
809 1323 902 1360 datae
920 1322 993 1359 sunt
1013 1324 1107 1364 illae,
1135 1325 1254 1372 pariter
1274 1326 1307 1358 in
1330 1325 1421 1359 catal.
1449 1336 1524 1372 pag.
1544 1328 1613 1360 226.
1631 1321 1700 1373 sqq.
1727 1325 1881 1360 exhiben-

250 1389 312 1413 tur.
340 1396 390 1405 —-
443 1379 512 1413 Pari
535 1376 640 1413 modo
660 1375 816 1424 epistolae
834 1389 883 1419 30.
905 1375 979 1412 cod.
997 1377 1071 1410 DV.
1097 1384 1128 1409 et
1148 1387 1221 1423 epp.
1236 1382 1282 1421 85.
1300 1373 1374 1409 cod.
1392 1377 1481 1410 DVI.
1498 1388 1574 1424 pag.
1594 1377 1660 1416 268
1676 1378 1794 1420 e1269.
1813 1373 1882 1423 sqq.

252 1428 470 1477 designantur.
523 1428 601 1463 Illos
628 1427 814 1474 aliumque,
842 1429 896 1475 qui
921 1427 1052 1461 exhibet
1072 1439 1147 1474 epp.
1167 1437 1225 1468 ¹¹4-
1251 1428 1435 1461 nominauit
1453 1425 1619 1462 Vl'oliius:
1645 1426 1760 1476 quide
1786 1425 1883 1474 adpa-

259 1491 330 1517 ratu
358 1478 574 1527 Rossgaardi,
616 1478 767 1514 codicem
790 1488 920 1526 quoque
941 1480 1007 1512 Iac.
1034 1478 1142 1522 Gom,
1172 1488 1221 1522 39.
1241 1490 1316 1526 epp.
1341 1490 1418 1511 cnm
1440 1474 1570 1512 scholiis
1591 1477 1882 1526 compledlentem‚

255 1534 355 1573 nacti,
385 1531 428 1566 est
450 1530 613 1580 copiosus.
663 1529 735 1565 Alia
759 1527 895 1564 subsidia
914 1529 1155 1577 exemplaque,
1183 1541 1267 1577 quae
1288 1527 1346 1563 sibi
1363 1532 1584 1576 comparauit,
1608 1532 1641 1564 in
1657 1527 1756 1578 praef.
1773 1541 1884 1564 recen-

254 1583 311 1620 set.
363 1584 485 1618 Oxonii
516 1581 568 1616 diu
598 1591 691 1616 antea
713 1579 862 1629 posuerat
882 1594 1019 1629 operam
1042 1582 1076 1614 in
1102 1577 1317 1615 describendis
1339 1580 1464 1628 aliquot
1488 1580 1700 1628 epistolarum
1719 1583 1884 1616 centuriis.

259 1638 370 1684 Opera
396 1635 522 1668 Matura
551 1633 706 1680 chffiere
727 1633 758 1666 la
784 1634 889 1668 Croze
914 1633 1025 1666 habuit
1055 1630 1165 1666 collat.
1189 1628 1380 1666 schedarum
1407 1633 1464 1665 Ez.
1488 1633 1677 1679 Spanhemii
1703 1642 1735 1667 et
1763 1630 1883 1667 codicis

260 1689 339 1735 regii
365 1685 587 1731 Berolinezrfis.
614 1703 664 1710 —
719 1682 841 1717 Indices
863 1696 935 1730 epp.
958 1696 1041 1730 quae
1064 1684 1095 1716 in
1120 1680 1217 1716 codd.
1243 1682 1428 1717 Vindobon.
1451 1681 1524 1717 bibl.
1546 1680 1734 1725 seruantur,
1766 1692 1836 1718 tum
1866 1695 1886 1718 e

260 1739 366 1773 Sunia
389 1751 407 1771 a
426 1737 578 1771 Benzelio
598 1733 671 1769 cod.
688 1736 903 1783 Meuifianuin
928 1745 957 1769 et
976 1734 1243 1775 obriti-mianum,
1271 1744 1366 1781 atque
1382 1747 1401 1768 a
1418 1733 1564 1769 Wallino
1581 1733 1795 1770 coHationem
1810 1733 1886 1773 cod.

264 1789 501 1829 Ιέαεῖαηιῦἰαηῐ,
529 1790 586 1836 qui
609 1799 682 1834 epp.
703 1798 763 1830 155.
790 1784 1060 1835 comprehendit,
1085 1786 1225 1832 accepit:
1257 1782 1416 1833 denique,
1450 1797 1527 1833 quas
1549 1799 1566 1819 e
1591 1798 1723 1833 quoque
1743 1785 1817 1822 cod.
1839 1799 1888 1824 re.

266 1842 462 1890 ceperinet
483 1851 550 1888 quo
572 1838 689 1873 ordine
703 1834 859 1886 posuerit,
884 1846 914 1872 et
931 1837 1012 1881 alia,
1038 1848 1122 1885 quae
1143 1834 1351 1884 praestiterit,
1379 1835 1460 1871 bene
1480 1835 1662 1885 vtiliterque
1682 1835 1836 1875 recenset.
1886 1829 1889 1832 .

215 1920 316 1967 Supra
346 1918 379 1951 in
401 1917 512 1950 notitia
541 1911 638 1948 codd.
668 1916 855 1949 orationum
878 1913 1132 1948 Libanianarum
1163 1910 1405 1961 quorumdam,
1447 1915 1504 1960 qui
1534 1914 1703 1949 continent
1724 1913 1892 1963 epistolam·

269 1968 506 2015 exemplarium
531 1963 593 2000 seci
616 1969 834 2001 mentionem.
861 1963 951 2011 (add.
972 1962 1066 2013 supra
1087 1963 1151 2002 vol.
1168 1966 1188 1999 Ι.
1209 1977 1285 2014 pag.
1302 1965 1390 2008 702.)
1442 1966 1509 2000 Hic
1528 1967 1627 2013 igitur
1638 1965 1890 2006 notitiam‘alio.

269 2032 341 2054 rum
368 2017 567 2065 subiungam.

225 2097 435 2135 Vindobsnne
458 2096 489 2127 iu
510 2091 584 2127 bibl.
611 2088 768 2127 Caesarea
791 2088 881 2131 suut.
908 2092 1041 2126 audlore
1065 2090 1196 2138 Ncffilio
1221 2092 1257 2125 in
1283 2099 1342 2127 cat.
1358 2098 1450 2136 parf.
1469 2095 1493 2130 l.
1516 2104 1588 2141 pag.
1607 2104 1671 2138 ¹95.
1696 2092 1738 2143 sq.
1758 2097 1794 2130 in
1814 2095 1895 2138 cod,'

271 2149 388 2183 cxiii.
403 2144 506 2180 Basilii
524 2153 554 2179 et
571 2144 637 2180 Lib.
653 2143 742 2192 epist.
761 2153 903 2178 mutuae.
932 2141 1038 2188 (conf.
1051 2141 1216 2178 Lambecii
1231 2155 1354 2181 comm,
1365 2144 1403 2182 V,
1417 2143 1569 2188 col-465.
1581 2143 1653 2183 cod,
1668 2147 1893 2188 CCLXXVn.

277 2212 324 2236 nr,
343 2211 360 2241 7
376 2190 461 2239 )’--
489 2208 518 2243 p,
533 2207 600 2230 222.
621 2194 693 2232 cod.
709 2195 837 2230 CXLli.
853 2195 975 2229 Libanii
1000 2207 1044 2230 12.
1061 2206 1134 2242 epp.
1156 2192 1196 2228 ad
1218 2191 1392 2236 Bafilium,
1417 2192 1521 2240 (conf.
1538 2196 1693 2232 Lambecii‘
1713 2211 1893 2238 comment.

282 2250 407 2285 ...J-fxi,
429 2247 504 2281 cod.
521 2248 651 2282 LXXV.
674 2259 723 2281 nr.
749 2257 776 2279 2.
800 2257 871 2293 pag.
891 2245 974 2292 371.)
1000 2265 1051 2273 —
1090 2247 1189 2281 Part.
1206 2246 1262 2280 ΠΙ.
1284 2258 1358 2293 pag.
1381 2250 1430 2282 26.
1456 2246 1528 2282 cod.
1543 2249 1629 2282 XVI.
1654 2261 1702 2283 nr.
1720 2262 1746 2292 3.
1781 2250 1894 2289 Liban.

404 2301 517 2347 lfao(
543 2296 609 2335 fine
636 2295 907 2346 inscriptionibus.
942 2299 994 2345 (v.
1016 2297 1130 2348 Lamo.
1153 2296 1219 2334 vol.
1235 2297 1290 2335 VI.
1319 2306 1402 2347 part.
1425 2299 1464 2334 11.
1491 2299 1555 2336 col.
1580 2310 1651 2345 330.
1673 2300 1745 2336 cod.
1760 2303 1894 2341 XXXV.

1787 2368 1837 2394 nr.
1856 2359 1898 2402 3.)
