2049 2720
339 148 640 188 SCRIPTORVM
673 150 850 188 IOSEPHI
882 150 1119 187 VIRTVTES
1152 150 1218 187 ET
1251 150 1382 188 VITIA
1433 152 1504 188 Lib.
1516 150 1588 191 IV.
1601 166 1624 189 c.
1639 154 1749 193 VIII.
1799 170 1829 195 η

108 243 248 331 ἑιίίξοικᾶει
271 249 344 281 ante
369 244 483 281 oculos
504 246 672 281 habuerit?
724 246 797 293 Qa
818 258 859 280 ex
880 247 1007 282 ratione
1033 245 1072 281 ab
1095 257 1251 295 Vtroque,
1279 256 1310 282 et
1333 247 1505 290 hebraico,
1541 258 1572 284 et
1595 262 1715 298 graeco
1739 261 1826 288 textu

137 299 160 331 il
174 300 272 332 entiat
286 308 346 332 etc.

179 382 181 384 ·
216 365 354 401 Fontem
374 368 568 414 primarium
585 367 616 399 in
634 363 835 412 exponendi<
849 368 954 412 gentis
969 364 1032 400 iud.
1049 367 1289 415 antiquitatibus
1305 365 1443 415 Iosepho
1460 364 1585 402 sacrum
1598 368 1826 405 Hebraeorum

113 414 276 458 codicem,
291 430 389 465 quem
405 430 462 465 per
478 421 551 467 ἔρροι
567 433 788 466 *sexuum-oc,
816 420 904 467 ἱεξες
916 417 1066 463 βιβλες,
1096 420 1143 453 vel
1159 418 1297 461 βιβλια
1314 422 1388 470 ἱεξα
1403 418 1548 461 denotat,
1574 417 1676 461 fuisse,
1692 421 1741 456 vel
1758 420 1826 470 ipso

105 477 238 503 facente
261 481 405 515 pronum
427 469 471 504 est
499 471 599 502 cuiuis
623 470 708 502 iuius
723 471 828 515 operis
843 470 955 504 leclori
971 468 1090 504 videre.
1144 472 1236 519 Qot
1252 471 1425 519 qualesque
1440 481 1549 506 autem
1570 473 1660 506 huius
1679 469 1755 507 sacri
1773 486 1827 507 co-

111 517 190 554 dicis
210 520 309 555 libros
332 519 501 562 admittat,
529 519 579 555 vel
603 532 720 568 quem,
748 529 781 553 vt
805 533 897 554 more
914 519 1014 555 nostri
1029 523 1187 568 temporis
1211 522 1346 570 loquar,
1372 520 1539 557 sacrorum
1557 523 1718 558 librorum
1741 522 1827 572 apud

109 569 246 606 ludaeos
263 571 506 607 Palaestinenses
523 584 685 606 canonem
708 570 842 605 statuat?
868 584 926 617 an,
952 581 983 607 et
1004 585 1146 620 quanam
1173 575 1299 608 ratione
1319 574 1357 608 ab
1383 575 1532 609 hebraico
1556 573 1758 610 differentem
1779 574 1826 611 sa-

104 633 240 657 crorum
257 622 417 658 librorum
435 636 597 658 canonem
617 622 721 657 ludaei
736 622 933 658 Hellenissae
948 625 1142 659 habuerint?
1170 625 1222 660 hic
1243 624 1421 673 disquirere
1446 626 1636 675 compendii
1654 630 1736 661 ratio
1756 641 1825 663 non

107 676 236 721 patitur.
288 676 325 709 In
342 675 398 711 lib.
416 676 435 710 Ι.
451 686 566 710 contra
588 677 706 723 Apion.
723 674 754 721 ᾗ.
773 682 803 714 8.
829 674 1005 723 aliquando
1022 687 1287 712 commentaturo
1303 680 1454 726 proprius
1469 679 1550 712 haec
1565 676 1757 714 discutiendi
1776 679 1824 715 lo-

108 737 165 760 cus
183 724 315 762 dabitur.
367 727 576 761 Eicizhomias
593 728 722 761 interim
741 725 865 762 Introd.
884 729 915 760 in
934 730 973 763 V.
991 728 1037 762 T.
1054 739 1132 774 part.
1150 730 1171 762 Ι.
1191 727 1264 765 edit.
1282 730 1322 764 11.
1347 741 1420 776 pag.
1438 741 1481 774 99
1494 742 1613 774 -119.
1652 731 1824 778 Repertor.

105 774 235 812 litterat.
253 777 387 813 biblicae
401 790 432 813 et
445 781 562 814 orient.
580 788 660 825 part.
680 780 720 813 V.
736 791 811 826 pag.
829 789 894 822 252.
911 789 941 813 et
961 778 1075 824 Clu-ist.
1096 782 1188 814 Fria'.
1203 781 1377 815 Schmidius
1400 782 1482 815 binis
1505 779 1640 830 desuper
1667 780 1823 817 orationi-

101 827 267 865 busamd.
283 831 526 879 Witteubergae
541 842 627 874 1777.
646 830 779 869 habitis,
807 829 900 878 plura
917 831 978 865 hac
1001 830 1042 866 de
1064 844 1098 866 re
1121 828 1243 866 sciendi
1266 831 1408 880 cupidiS‚
1436 830 1573 868 consulti
1597 830 1800 870 satisfacient.

205 898 326 932 Vtrum
342 894 409 947 ipso
423 898 575 933 hebraico
589 898 764 933 bibliorum
781 896 904 939 codice,
933 913 974 933 an
987 912 1114 947 graeca,
1129 911 1227 948 quam
1247 898 1544 935 Alexandrinorum
1562 914 1730 941 vocamus,
1754 914 1822 936 ver-

103 944 356 996 fionelosephus
375 947 445 984 vsus
459 949 517 984 fit?
545 952 578 984 in
595 949 673 984 duas
691 960 793 997 partes
812 947 1016 985 discesserunt
1032 950 1149 985 eruditi
1166 953 1260 985 huius
1274 955 1319 986 rei
1337 951 1472 991 curioli;
1491 952 1544 986 alii
1562 953 1619 987 hac
1632 950 1747 998 solum,
1766 954 1821 987 alii

103 998 235 1034 nonnifi
251 1000 310 1035 illo
329 998 420 1036 vsum
436 999 497 1036 esse
514 1000 767 1044 contendentes3
794 1015 892 1050 quam
910 1002 1043 1049 quidem
1057 1003 1149 1037 litem
1173 1015 1243 1037 non
1264 1002 1337 1038 licct
1352 1005 1405 1037 hic
1421 1005 1486 1038 loci
1508 1009 1647 1041 omnino
1665 1006 1820 1040 inradiant

101 1054 295 1098 praeterire,
321 1051 411 1101 quod
428 1056 562 1102 propius
586 1052 624 1087 ad
641 1050 790 1101 praesens
812 1053 994 1088 institutum
1018 1063 1119 1102 atque
1136 1066 1369 1101 argumentum
1393 1056 1562 1103 pertineat.

204 1124 313 1159 Prima
330 1122 462 1171 quidem
478 1126 591 1172 opinio
607 1136 709 1171 paene
725 1122 869 1170 vulgaris
885 1122 965 1158 olim
983 1121 1063 1165 fuit,
1090 1133 1123 1158 vt
1137 1127 1306 1171 perpaucis
1323 1124 1364 1160 de
1379 1129 1446 1160 eius
1464 1129 1595 1161 veritate
1614 1124 1760 1161 dubitare
1783 1128 1818 1161 in

101 1183 249 1210 mentem
266 1177 399 1210 venerit.
450 1174 484 1209 Id
504 1173 628 1223 ipsum,
656 1173 745 1222 quod
761 1186 877 1222 graece
894 1172 1080 1222 scripserat,
1102 1177 1168 1209 iarn
1182 1178 1293 1223 primo
1311 1179 1427 1211 intuitu
1446 1178 1570 1212 multos
1591 1180 1625 1212 in
1643 1178 1728 1212 hanc
1748 1179 1817 1224 opi-

94 1229 237 1262 nionem
254 1225 364 1270 duxit,
392 1236 488 1275 atque
505 1225 593 1275 quod
616 1225 656 1260 de
671 1224 808 1260 Philone
828 1225 1053 1261 Alexandrino
1075 1226 1234 1267 constitit,
1263 1230 1295 1261 in
1318 1226 1493 1277 Iosephum
1518 1232 1615 1263 etiam
1638 1231 1816 1263 conuenire

99 1275 205 1312 visum
221 1277 277 1314 est.
329 1280 480 1313 Maxime
495 1289 604 1312 autem
620 1278 704 1312 hane
719 1279 911 1324 opinionem
928 1278 1113 1313 multorum
1129 1280 1245 1313 animis
1263 1277 1434 1314 infinuauit
1453 1278 1582 1328 losephi
1605 1292 1681 1314 cum
1698 1278 1816 1314 versio-

97 1342 274 1377 ne=graeca
285 1331 320 1364 in
334 1339 401 1364 tam
416 1329 527 1364 multis
543 1330 636 1363 rebus
650 1325 830 1364 consensus.
874 1330 1022 1364 fuerunt
1036 1327 1132 1371 adeo,
1157 1332 1212 1378 qui
1229 1328 1402 1378 Iosephum
1419 1331 1587 1366 hebraicae
1603 1331 1736 1379 linguae
1752 1332 1814 1366 im·

98 1384 259 1430 peritum,
286 1390 319 1417 et
341 1381 438 1428 plane
462 1380 746 1429 mivoenqboessnrovr,
776 1381 819 1415 ob
840 1380 1050 1416 violentiores
1067 1382 1228 1430 quasdam
1239 1406 1258 1428 ,ν
1282 1396 1359 1431 quas
1383 1396 1421 1417 ex
1444 1380 1583 1431 Iosepho
1607 1384 1655 1418 10.
1673 1383 1814 1417 Marcia-

97 1445 197 1468 naeus
211 1431 360 1480 collegit,
384 1433 610 1467 hebraicorum
634 1435 811 1467 nominum
834 1435 1129 1481 interpretationeS‚
1162 1432 1314 1468 audacius
1337 1433 1528 1470 iudicarunt.
1580 1433 1691 1469 Altera
1713 1435 1813 1469 Erne-

95 1483 318 1532 stiorinprimis
332 1485 463 1532 placuit,
491 1493 523 1519 vt
537 1484 649 1519 multis
666 1497 739 1518 eam
752 1487 953 1532 argumentis
970 1486 1003 1519 in
1018 1482 1146 1532 speciali
1161 1484 1202 1519 de
1217 1483 1362 1520 fontibus
1379 1485 1628 1533 archaeologiae
1642 1498 1814 1521 commen-

96 1537 182 1571 tario
204 1534 390 1571 vindicaret.
449 1537 526 1570 Huc
539 1545 654 1570 *autem
679 1534 841 1571 recidunt:
881 1537 911 1581 ι)
934 1533 1108 1584 Iosephum
1132 1549 1201 1572 non
1226 1535 1366 1585 potuisse
1387 1550 1538 1585 graecam
1562 1536 1743 1572 versionem
1768 1535 1812 1572 se-

96 1589 152 1636 qui
177 1586 267 1636 quod
292 1585 380 1622 haud
409 1586 505 1622 dubie
530 1587 674 1635 pluribus
705 1590 739 1621 in
763 1586 843 1622 locis
871 1600 946 1622 cum
977 1588 1133 1622 hebraicis
1163 1588 1321 1637 exemplis
1345 1587 1506 1624 consentit
1536 1598 1648 1625 contra
1673 1601 1811 1637 graeca;

96 1640 130 1684 2)
145 1637 234 1687 quod
250 1638 330 1673 locis
347 1638 456 1673 inultis
472 1636 608 1673 dissentit
620 1653 639 1673 a
653 1651 770 1687 graeca
783 1637 929 1674 versione
945 1636 1107 1674 sententiis
1121 1649 1152 1673 et
1171 1639 1302 1688 quidem
1319 1643 1381 1681 ita,
1403 1651 1435 1675 vt
1457 1651 1511 1676 aut
1535 1640 1650 1676 melius
1676 1637 1811 1675 consen-

95 1692 174 1725 tiant
195 1703 270 1737 curn
292 1691 440 1725 hebraica
466 1693 615 1731 veritate,
641 1698 695 1724 aut
716 1702 800 1725 certe
822 1688 882 1726 fint
897 1690 1076 1732 eiusmodi,
1099 1700 1132 1725 vt
1148 1690 1316 1739 adpareat,
1341 1705 1391 1727 eas
1407 1705 1447 1727 ex
1466 1692 1715 1734 hebraicorum,
1741 1704 1811 1726 nou

95 1754 289 1790 graecorum
307 1743 340 1776 in
355 1740 500 1777 verfione
514 1739 736 1777 Alexandrina
752 1743 926 1778 verborum
950 1745 1216 1790 interpretatione
1236 1754 1325 1779 natas
1348 1742 1429 1785 esse3
1455 1744 1492 1789 3)
1511 1743 1598 1793 quod
1623 1757 1692 1779 non
1714 1756 1754 1779 eo
1777 1745 1811 1778 in

93 1795 225 1829 honore
238 1791 345 1828 verfio
363 1806 477 1841 graeca
493 1791 556 1827 suit
577 1792 662 1841 apud
679 1792 827 1835 ludaeos,
849 1796 881 1828 in
897 1793 1071 1830 Palaestina
1084 1804 1189 1833 natos,
1216 1794 1433 1844 educatosque
1450 1806 1482 1830 et
1494 1793 1702 1844 pharisaicae,
1729 1796 1761 1829 h.
1779 1807 1808 1830 e.

94 1842 246 1881 seueriori
260 1842 443 1892 disciplinae
459 1843 596 1886 deditos,
614 1845 743 1893 qualem
761 1843 935 1892 losephum
952 1843 1057 1888 fuisse,
1085 1858 1186 1880 nemo
1206 1848 1346 1895 ignorat,
1369 1850 1423 1896 qui
1440 1846 1495 1882 ista
1511 1847 1561 1884 vel
1576 1848 1693 1882 leuiter
1708 1854 1810 1887 curat.

93 1906 129 1931 vt
146 1895 296 1932 credibile
310 1894 367 1938 sit,
393 1894 570 1945 Iosephum
589 1909 659 1931 eam
678 1894 892 1944 praeposuiffe
909 1898 1064 1932 hebraicis
1079 1898 1256 1946 exemplis,
1282 1910 1366 1947 quae
1382 1913 1399 1932 a
1420 1911 1522 1945 puero
1546 1897 1728 1945 intelligere
1750 1896 1811 1932 stu-

93 1946 224 1989 duerat,
267 1957 299 1981 et
325 1960 468 1995 quorum
495 1950 590 1995 copia
621 1947 801 1995 theologo,
826 1949 928 1984 nobili
950 1961 1068 1996 genere
1091 1959 1186 1991 nato,
1213 1951 1293 1984 etin
1313 1962 1348 1983 re
1365 1959 1451 1983 tanta
1471 1951 1590 1996 agenti,
1612 1947 1716 1984 deeffe
1739 1962 1808 1984 non

52 2009 57 2012 “
92 2008 238 2049 peterat:
264 1997 317 2033 vel
340 2007 466 2033 tautum
488 2012 525 2033 ea
546 2001 687 2033 omnino
703 2001 745 2032 vti
759 1999 910 2046 voluisse,
938 1999 996 2035 nisi
1011 1997 1098 2035 forte
1114 2013 1155 2035 eo
1173 1999 1300 2041 modo,
1328 2013 1393 2048 quo
1415 2003 1522 2048 graeci
1544 2001 1612 2035 libri
1631 2000 1745 2035 doctus
1760 2002 1808 2034 in-

93 2061 214 2099 terpres
231 2047 370 2084 consulit
385 2046 517 2084 subinde
532 2051 598 2084 eius
613 2047 794 2085 versionem
811 2051 945 2086 latinam
964 2052 1247 2100 qualemcunque3
1274 2053 1309 2095 4)
1324 2051 1411 2100 quod
1428 2050 1556 2099 Iosephi
1583 2065 1656 2087 cum
1671 2052 1809 2087 Alexan·

93 2101 188 2140 drina
202 2098 393 2138 consensum
409 2101 548 2143 adtinet,
569 2102 689 2137 ,auctor
703 2099 769 2151 ipse
784 2104 818 2137 in
834 2100 959 2151 scriptis
985 2113 1016 2138 et
1038 2102 1129 2138 editis
1145 2107 1173 2150 ³')
1194 2103 1243 2139 est
1265 2102 1446 2141 admodum
1461 2103 1684 2154 interpolatus.
1737 2105 1808 2138 Fuit

1005 2155 1030 2189 B
1055 2165 1075 2189 2
1715 2157 1806 2191 enim

131 2256 172 2297 y)
194 2256 322 2293 Addam,
344 2267 418 2298 quae
432 2257 580 2287 Fabricius
592 2257 648 2287 hac
661 2256 696 2287 de
710 2267 743 2287 re
758 2256 921 2300 scripserat:
975 2260 1064 2289 ternis
1087 2257 1276 2300 scriptoribus
1298 2259 1490 2293 conueniant,
1510 2266 1542 2288 vt
1560 2256 1693 2298 pluribus
1709 2266 1804 2285 exem-

91 2300 149 2332 „In
174 2298 256 2328 libris
283 2301 348 2340 ipsis
376 2299 641 2339 (Archaeologiae)
673 2300 790 2341 Iosephi
824 2302 922 2341 paffim
974 2301 1031 2343 plis
1045 2312 1140 2342 nuper
1155 2301 1312 2331 admodum
1335 2301 1458 2334 ostendit
1473 2303 1573 2330 Petrus
1586 2300 1692 2329 Brinch
1708 2301 1805 2328 Dauus

92 2349 225 2383 tempora
241 2341 448 2383 supputantur,
471 2351 499 2373 et
514 2345 629 2372 numeri
642 2353 787 2373 annorum
803 2344 921 2374 tradun-
973 2347 1006 2374 in
1028 2343 1235 2382 chronologiae
1255 2344 1372 2384 Iosephi
1399 2345 1549 2378 examine,
1580 2342 1660 2372 edito
1681 2341 1804 2371 Hafniae

91 2388 156 2416 tur:
179 2384 226 2414 sed
247 2387 286 2413 ita
309 2384 387 2421 fere,
411 2393 443 2415 vt
463 2396 515 2414 nec
536 2387 613 2415 inter
632 2385 660 2414 se
683 2385 767 2422 satis,
789 2397 841 2416 nec
856 2398 920 2416 cum
974 2393 1097 2424 a.‘1701.
1114 2397 1144 2423 4.
1160 2395 1189 2417 et
1203 2387 1366 2416 fridericus
1384 2387 1575 2427 Spanhemius
1596 2387 1628 2415 in
1645 2383 1804 2414 chronolo-

93 2428 202 2459 Gtaeea
216 2428 303 2459 Lxx.
324 2430 517 2470 interpretum
534 2429 689 2470 versione,
711 2439 763 2460 nec
782 2440 849 2461 cum
871 2440 920 2460 ex·
973 2431 1021 2469 gia
1033 2429 1110 2461 sacra
1123 2437 1198 2472 part.
1213 2431 1252 2460 11.
1272 2440 1335 2471 cap.
1350 2439 1374 2464 3.
1397 2438 1467 2460 tom.
1482 2429 1505 2459 I.
1530 2429 1606 2470 Opp.
1623 2437 1689 2470 pag.
1707 2435 1765 2501 1511q
1765 2426 1806 2467 sq-

1727 2498 1731 2501 .
1767 2480 1806 2500 on
