2049 2720
46 152 371 199 v01.111512.·417r413
548 164 812 202 PTOLEMAm
843 163 1062 200 SYNTAxis
1115 164 1438 202 Lib,1V.c.XVI.
1461 165 1517 212 (ol.
1533 165 1653 213 XIV.)
1709 173 1762 207 κει

45 258 276 296 bibliothecam
307 259 501 297 orientalem
526 260 940 304 Bartholomaqum-beloti
969 271 1042 307 pag.
1059 271 1120 294 xor.
1135 259 1165 294 b.
1196 261 1251 309 qui
1281 258 1428 295 codicem
1459 262 1622 296 arabicum
1647 261 1759 297 Alma-

41 310 122 358 gesti
140 322 224 347 ‘cum
243 315 490 349 commentariis
506 313 604 348 MSS.
624 313 749 348 euoluit
772 313 806 346 in
819 311 894 347 bibl.
908 309 1154 345 christianiffimi
1171 314 1265 360 regis.
1319 313 1477 346 thraica
1496 312 1598 347 versio
1615 311 1762 349 seruatur

41 360 262 400 vindobonae
284 367 318 399 in
338 365 413 400 bibl.
434 363 654 413 Augustiffimi
680 365 885 412 imperatoris
907 376 955 397 nr.
971 365 1020 407 56.
1074 364 1114 397 Et
1128 363 1289 397 Averrois
1313 366 1457 411 epitome
1479 377 1518 398 ex
1542 366 1680 399 Arabico
1706 367 1761 399 he-

41 413 149 449 braice
166 414 253 451 versa
267 428 325 465 per
341 418 384 452 R.
400 419 504 452 Iacob.
523 417 638 451 Antoli
657 430 683 451 a.
703 417 782 451 Chr.
800 427 878 457 1231.
901 413 1019 449 ibidem
1043 427 1091 451 nr.
1107 426 1172 460 124.
1190 418 1222 461 q)
1258 417 1396 449 Latium
1419 414 1521 450 codex
1538 416 1612 449 MS.
1636 429 1675 450 ex
1694 429 1761 451 ara-

42 465 118 500 bico
141 479 168 502 a.
183 478 270 512 1230.
298 466 406 504 versus
430 467 530 504 exstat
553 469 706 503 Oxoniae
728 470 763 502 in
787 466 937 515 collegio
951 469 1108 501 omnium
1135 469 1330 501 animarum.
1392 468 1448 511 [In
1471 465 1548 502 bibl.
1570 467 1696 503 Veneta
1716 469 1761 502 D.

42 517 169 560 Marci,
195 518 292 565 (teste
311 519 404 555 catal.
428 518 526 555 codd.
552 519 640 555 latin.
665 531 739 568 pag.
755 530 812 561 140
829 528 934 560 et141.
961 516 1032 553 sunt
1053 517 1121 553 duo
1138 517 1234 553 codd.
1261 520 1316 566 qui
1335 521 1505 553 continent
1525 521 1692 566 epitomen
1708 517 1762 554 Al.

42 568 200 616 magessi‚
231 584 251 606 a
277 571 422 619 Georgio
442 573 479 606 de
496 571 660 606 Peurhach
681 582 712 606 et
733 585 751 605 a
771 572 819 604 Io.
839 570 876 604 de
893 571 1101 616 Kic'nigsberg
1122 566 1143 604 s.
1167 571 1433 616 Regiomontano.
1468 572 1539 617 (qui
1568 584 1607 605 ex
1637 571 1762 606 arabica

42 619 164 655 Gelam·
183 621 388 670 expolitione
409 622 515 658 multa
538 620 680 657 sumfiffe
703 621 882 667 dicuntur.)
914 621 1142 670 compilatam.
1167 642 1219 648 --
1252 621 1364 656 Alium
1386 620 1458 658 cod.
1480 621 1569 656 latin.
1592 624 1676 657 circa
1701 631 1762 657 aet.

42 669 197 707 friderici
212 676 251 708 11.
265 676 490 723 imperatoris,
517 675 629 710 habuit
645 675 835 721 Peirefiius.
863 672 926 708 vid.
945 674 1133 721 Gaffendum
1148 676 1181 708 in
1202 675 1268 708 vita
1283 670 1425 708 Peirescii
1445 672 1482 707 ad
1500 687 1527 707 a.
1545 676 1633 717 1636.
1653 672 1707 707 lib.
1721 675 1762 708 V.

41 735 118 771 pag.
134 735 198 767 332.
245 726 398 763 Weidlar.
421 740 495 776 pag.
511 735 569 770 178
585 724 628 775 sq.
656 726 725 772 (vbi
747 738 880 775 quoque
911 724 1015 760 verslo
1034 725 1089 760 lat.
1117 726 1259 760 Gerardi
1277 726 1489 774 Cremoneizfh·
1512 734 1542 759 et
1563 723 1635 760 cod.
1659 734 1762 760 mstus

41 775 216 825 Noriberg.
238 781 470 823 memoratum
499 788 530 813 et
552 790 627 828 pag.
642 789 714 824 205.
765 778 859 812 Liber
886 777 987 812 Gehcr
1011 779 1044 811 in
1067 775 1313 825 Almageslum,
1347 791 1368 812 a
1389 777 1537 812 Gerardo
1561 789 1600 811 ex
1621 777 1706 812 arab.
1725 778 1761 811 in

40 825 131 863 latin.
147 826 256 864 versus
271 829 345 866 cod.
361 831 546 866 Florentiae
564 833 598 865 in
612 829 688 864 bibl.
705 830 959 864 Dominicanor.
987 829 1129 873 (Heilhr.
1147 842 1222 877 pag.
1239 841 1305 874 557.
1323 829 1353 875 §.
1369 828 1440 875 59.)
1467 848 1516 856 —
1541 830 1702 877 Excerpta
1721 841 1762 864 ex

40 874 168 924 syntaxi
188 880 306 917 astron.
321 883 438 931 perfice
458 885 493 918 in
513 882 588 917 bibl.
611 880 753 931 quadam
774 879 924 928 Angliae.
949 878 1096 928 (Heilbr.
1111 893 1186 930 pag.
1201 882 1286 925 645.)
1312 880 1428 924 Harl]
1484 878 1600 915 Codex
1615 892 1762 927 graecus,

39 939 117 964 ante
139 944 243 968 annos
257 945 337 969 200.
356 935 578 982 pulcherrime
595 944 753 981 exaratus,
773 932 914 968 Londin.
931 934 966 966 in
982 931 1056 970 bibl,
1070 935 1213 980 archiep.
1230 930 1486 973 cantuarienfis‚
1510 945 1549 966 ex
1568 945 1635 980 quo
1649 945 1762 967 emen.

42 978 213 1018 dationem
234 984 412 1032 quamdam
429 987 550 1020 Petauii
567 986 676 1020 firmat
693 981 846 1020 Seldenus
867 985 902 1018 in
921 982 1077 1030 adparatu
1101 983 1310 1030 Chronolog.
1327 982 1365 1018 ad
1384 984 1535 1030 Epochas
1558 996 1761 1018 marmoreas

41 1033 282 1071 Arundelianas
309 1049 381 1085 pag.
397 1039 466 1078 236.
526 1036 617 1071 Alius
643 1036 748 1072 codex
769 1047 906 1081 graccus
925 1047 1002 1069 cum
1026 1035 1274 1083 prolegomenis
1309 1045 1339 1069 et
1367 1036 1491 1082 graecis
1513 1032 1552 1068 ad
1573 1037 1761 1081 marginem

40 1081 172 1120 scholiis
195 1086 251 1133 [ff]
279 1085 341 1123 fuit
363 1091 396 1122 in
416 1087 493 1133 bibl.
517 1087 627 1123 Caroli
648 1086 688 1122 de
711 1085 906 1128 Montchal,
934 1086 1010 1120 teste
1034 1087 1163 1121 Labbeo
1184 1098 1258 1134 pag.
1277 1093 1346 1131 189.
1379 1106 1429 1113 —
1461 1086 1512 1131 [ln
1535 1085 1609 1133 bibl.
1636 1086 1675 1121 V
1673 1093 1762 1121 encta

41 1135 85 1171 D.
102 1137 209 1172 Marci
234 1136 324 1182 sunt,
359 1139 434 1174 teste
462 1140 615 1187 catalogo
646 1137 742 1174 codd.
765 1151 872 1185 graec.
902 1135 1029 1171 codices
1048 1139 1168 1173 00011
1187 1148 1219 1172 et
1235 1138 1385 1173 CCClll.
1413 1139 1483 1179 (cui
1507 1139 1761 1185 praemittuntur

38 1187 301 1237 prolegomena,
328 1204 410 1239 quae
429 1191 619 1235 Diophanto
641 1191 843 1228 tribuuntur,
869 1187 959 1222 libris
976 1190 1021 1221 lv
1037 1199 1066 1223 et
1081 1192 1137 1223 VI.
1162 1191 1196 1222 in
1218 1191 1368 1234 margine
1393 1187 1535 1224 adiectus
1556 1188 1601 1222 est
1625 1189 1763 1224 Theonis

42 1244 313 1280 commentarius,
335 1252 367 1276 et
380 1244 531 1290 quintum
546 1241 668 1277 librum
683 1238 882 1289 subsequitur
899 1243 1155 1274 commentarius
1171 1241 1323 1287 integer.)
1347 1237 1443 1274 codd.
1464 1240 1595 1274 CCCX.
1614 1241 1761 1275 CCCXI.

37 1287 192 1327 'CCCX11
206 1303 238 1328 et
251 1295 432 1329 CCCXllI.
453 1307 529 1328 cum
553 1293 808 1342 prolegomenis,
833 1311 885 1318 —-
910 1293 948 1325 In
970 1291 1046 1328 bibl.
1068 1290 1201 1328 elector.
1217 1292 1342 1326 Bauar.
1368 1291 1458 1326 Ptol.
1479 1290 1707 1339 Almageslum
1731 1300 1762 1327 et

49 1340 186 1378 Theonis
209 1347 244 1380 in
269 1344 352 1380 Ptol.
378 1344 608 1380 aſtronomica.
633 1366 684 1372 —
712 1348 749 1380 ln
769 1342 846 1378 bibl.
867 1342 1024 1391 Leidenst,
1052 1343 1128 1379 teste
1149 1342 1241 1378 catal.
1270 1355 1344 1391 pag.
1363 1353 1434 1388 339·
1462 1363 1512 1370 —
1537 1344 1575 1376 ln
1597 1342 1672 1378 bibl.
1689 1344 1762 1377 Do.

41 1396 186 1431 minitat».
210 1397 350 1431 Florent.
367 1395 499 1444 Almag.
525 1409 601 1431 cum
621 1398 687 1432 vita
711 1395 907 1436 Ptolemaei,
932 1394 1071 1438 (Heilhr.
1093 1408 1166 1444 pag.
1182 1401 1248 1440 558.
1265 1408 1312 1430 nr.
1328 1395 1388 1437 3¹·)
1416 1414 1465 1421 —
1492 1396 1526 1428 in
1545 1393 1621 1430 bibl.
1638 1397 1669 1431 S.
1686 1397 1761 1430 Ma-

41 1448 110 1482 riae
128 1456 187 1482 etc.
214 1449 354 1483 morant.
369 1446 430 1496 (id.
450 1460 525 1496 pag.
543 1460 610 1494 559.
633 1450 663 1496 ᾗ.
682 1449 745 1494 δι.)
772 1467 822 1473 --
850 1449 884 1480 in
907 1445 983 1480 bibl.
1003 1445 1155 1482 Medieea
1174 1449 1324 1482 Laurent.
1347 1446 1491 1480 Floreat.
1512 1444 1607 1493 (teste
1626 1446 1758 1482 Bandin.

43 1497 136 1534 catal.
150 1497 245 1534 codd.
261 1513 309 1548 gr.
330 1501 368 1534 ll.
385 1512 462 1549 pag.
477 1502 528 1546 9.)
553 1499 626 1538 cod.
643 1501 666 1534 1.
688 1500 767 1547 plut.
784 1505 836 1538 ²8·
861 1497 1120 1546 prolegomena3
1148 1502 1199 1545 (et
1221 1500 1255 1533 in
1276 1498 1340 1533 hoc
1361 1496 1492 1543 quidem
1513 1497 1627 1532 codice
1644 1499 1760 1534 Theo.

40 1552 92 1585 nis
106 1559 139 1584 et
152 1551 252 1601 Pappi
267 1565 393 1589 nomen
414 1551 583 1587 nonnullis
605 1564 713 1602 prope
735 1552 836 1586 finem
860 1551 1018 1600 capitibus
1041 1551 1259 1600 praefigitur.)
1285 1559 1316 1585 et
1334 1549 1515 1585 Ptolemaei
1536 1546 1698 1595 syntaxis.
1725 1553 1762 1585 in.

1658 1601 1761 1638 libros

37 1702 232 1741 bateenum,'³
267 1704 437 1738 Abilrihan
458 1706 605 1738 Albikuni
624 1705 871 1742 Klzurezmitam,

41 1748 193 1777 nutssorem
209 1759 354 1779 canonum
367 1751 580 1790 geographiae3
605 1758 632 1780 et
650 1748 792 1790 Cuschiar
810 1750 872 1780 La-

42 1788 134 1826 bam',
164 1790 257 1821 filium
279 1791 397 1832 Algili‚
426 1793 591 1822 tabularum
611 1795 871 1823 astronomicarum

44 1833 236 1863 conditorem.
271 1852 316 1877 —-
354 1834 396 1865 Ue
419 1835 560 1866 Auci-roe
589 1836 649 1866 vid.
673 1835 873 1865 Heilbronner

42 1885 108 1915 pag.
123 1880 184 1911 460
197 1877 235 1917 sq.
267 1893 308 1899 —
342 1879 374 1907 In
398 1878 470 1908 bibl.
491 1877 641 1918 Efiurial.
666 1879 734 1908 teste
759 1877 872 1919 Cafirio

43 1918 63 1946 1.
79 1929 103 1947 c.
125 1920 214 1948 exstat
235 1920 299 1949 cod.
316 1922 427 1949 CMlx.
450 1921 553 1950 litteris
575 1922 704 1960 cuphicis
728 1928 873 1953 exaratus,

44 1970 106 2000 quo
123 1964 310 1991 continemur
327 1962 495 2003 Alnmgesti
510 1962 585 1991 liber
601 1966 637 1992 V.
653 1965 705 1991 vl.
719 1965 785 1992 VII.
802 1964 874 1992 vm

0 2013 1 2019 ¹
45 2010 74 2032 et
91 2005 141 2033 IX.
158 2005 271 2034 arabice
287 2004 412 2040 redditi,
436 2014 465 2034 et
486 2007 515 2034 in
537 2005 600 2034 cod.
618 2007 711 2034 CMX.
729 2003 875 2034 eiusmodi

46 2046 156 2083 codex,
193 2049 223 2076 in
244 2058 303 2087 quo
327 2047 423 2076 insunt
444 2047 597 2085 Almagesti
625 2047 690 2077 libr.
709 2048 873 2077 X—Xlll.

0 2116 1 2130 3
44 2089 159 2119 arabice
176 2090 260 2124 versi,
279 2092 360 2130 iique
375 2093 481 2127 integri
496 2101 562 2119 cum
580 2090 635 2119 suis
647 2089 770 2123 tabulis;
795 2099 874 2129 prae-

1 2151 3 2153 ·
46 2138 126 2162 terea
146 2131 215 2162 libri
231 2135 297 2162 vn.
318 2142 403 2172 caput
424 2136 551 2172 primum
576 2144 641 2162 cum
663 2135 713 2162 IV.
733 2133 876 2173 capitibus

1 2202 3 2211 A
46 2173 115 2209 libri
130 2176 209 2205 vm.
232 2192 274 2198 ——-
298 2177 330 2204 ln
344 2175 413 2205 bibl.
430 2175 611 2215 Cantabrig.
627 2175 736 2212 Almag.
751 2176 876 2208 arabice,

49 2218 210 2248 charafflre
231 2219 384 2253 hebraico,
405 2218 535 2256 (Heilbr.
552 2229 579 2258 p.
598 2221 661 2252 632.
684 2219 710 2256 ᾗ.
729 2220 810 2257 379.)
834 2234 876 2240 —

1 2277 3 2286 ‹
47 2260 82 2290 In
96 2258 166 2290 bibl.
182 2260 281 2301 Paris
297 2261 445 2301 quondam
461 2264 557 2299 regia,
580 2260 674 2295 (catal.
690 2262 713 2290 1.
729 2272 770 2290 nr.
790 2263 876 2297 Ποῖ.)

49 2302 112 2332 cod.
128 2305 178 2343 qui
193 2303 395 2343 compleclixur
412 2303 606 2335 Molzieddini
622 2304 686 2333 Ben
702 2302 796 2334 [allia
810 2304 877 2334 Bm

0 2356 6 2387 μ
48 2343 113 2375 Abi
127 2344 270 2383 Schaker‚
286 2349 420 2387 anani,
436 2349 689 2382 commentarium,
713 2348 763 2386 qui
778 2345 876 2376 lauda-

48 2394 106 2418 tur.
130 2404 171 2411 —
194 2393 227 2418 In
243 2389 312 2419 bibl.
332 2390 478 2431 Leidenfi,
500 2389 593 2425 (catal.
609 2401 635 2431 p.
653 2397 714 2426 438·
733 2400 776 2418 nr.
792 2392 876 2427 680.)

0 2432 7 2479 2¹¹
48 2431 144 2469 γει-60
160 2433 272 2462 arabica
285 2434 427 2470 σννταξεως
442 2444 457 2464 e
469 2443 574 2472 graeco
594 2431 669 2465 iuss‘u
691 2434 877 2474 imperatoris

0 2481 7 2530 ¹!
60 2501 67 2504 ’
93 2492 161 2525 Vol.
173 2494 214 2527 V.

924 1705 1104 1736 Almamonis
1130 1705 1189 1735 flue
1212 1706 1379 1735 Mamounis
1402 1704 1494 1741 faela,
1517 1714 1583 1734 cum
1604 1704 1671 1741 figg.
1718 1705 1761 1733 De

925 1749 1070 1780 Manum.
1093 1748 1152 1778 vid.
1172 1748 1308 1779 Lambec.
1327 1748 1362 1777 de
1380 1748 1453 1778 Eibl.
1469 1747 1595 1778 Vindob.
1615 1747 1680 1775 VH.
1694 1757 1761 1786 pag.

926 1800 982 1829 570
997 1792 1057 1832 sqq.
1103 1793 1146 1821 De
1163 1790 1364 1825 Almamone,
1385 1792 1427 1829 (a.
1451 1792 1520 1821 Chr.
1536 1791 1616 1826 827.)
1638 1792 1691 1829 qui
1711 1788 1761 1819 Al-

925 1836 1081 1872 magestum
1096 1834 1172 1863 inssit
1183 1833 1307 1864 arabice
1314 1836 1401 1870 verti,
1410 1833 1471 1863 vid.
1481 1833 1640 1864 Heilbron.
1649 1843 1678 1872 p.
1688 1842 1723 1867 40
1730 1841 1760 1870 7.

926 1878 971 1907 La
994 1876 1098 1907 lande
1124 1887 1188 1917 pag.
1207 1880 1264 1905 161.
1294 1892 1338 1899 —-
1369 1879 1401 1906 it.
1423 1877 1459 1905 de
1485 1875 1595 1905 Geberi
1614 1874 1634 1903 s.
1652 1873 1759 1910 Gebri,

926 1920 1046 1953 Arabis,
1077 1919 1257 1959 expolitione
1279 1926 1308 1947 et
1337 1919 1404 1948 edit.
1422 1919 1583 1954 Noriberg.
1608 1927 1624 1944 a
1642 1918 1758 1946 Petreio

926 1973 951 1991 a.
974 1971 1049 1997 1533.
1065 1972 1093 1997 4.
1116 1972 1181 1990 cum
1201 1962 1393 1991 instrumento
1422 1962 1512 2001 primi
1532 1958 1650 1989 mobilis
1673 1959 1760 1989 Petri

927 2003 1045 2044 Apiam'
1076 2012 1192 2038 curata,
1229 2002 1346 2034 Heilbr.
1373 2014 1437 2044 pag.
1454 2013 1525 2040 427,
1552 2010 1580 2032 et
1607 2013 1670 2042 pag.
1688 2008 1758 2037 428.

926 2049 1033 2076 iterum
1051 2046 1087 2075 de
1102 2046 1253 2076 Maimun.
1298 2046 1360 2075 Add
1386 2045 1535 2085 Aſjhman.
1552 2043 1679 2074 Globum
1696 2044 1760 2074 cod.

927 2090 1006 2119 arab.
1046 2089 1139 2118 Musei
1171 2090 1308 2126 Borgiani
1337 2099 1399 2129 pag.
1420 2091 1489 2119 XIV
1506 2088 1565 2128 sqq.
1595 2089 1677 2118 XXV
1692 2087 1761 2128 sqq.

928 2134 1047 2162 XXVII.
1071 2131 1165 2161 Harl.

970 2180 1001 2215 q)
1032 2176 1127 2204 Exstat
1156 2184 1274 2214 quoque
1304 2176 1334 2204 in
1363 2173 1434 2203 bibl.
1462 2173 1638 2214 Taurinenst
1665 2173 1758 2202 versio

928 2218 1080 2252 hebraica,
1115 2219 1184 2246 item
1214 2218 1386 2256 compofitio
1414 2219 1445 2246 in
1467 2217 1574 2247 librum
1594 2215 1758 2254 Altuagesti,

927 2271 980 2302 per
995 2259 1090 2290 filium
1108 2258 1236 2301 Resclzed
1249 2260 1359 2295 Pium,
1381 2261 1410 2290 h.
1430 2270 1455 2289 e.
1471 2261 1625 2294 Auel-mis,
1650 2260 1758 2295 figurae

929 2314 993 2332 cum
1017 2305 1093 2333 notis
1116 2302 1343 2340 marginalibus,
1366 2310 1395 2332 et
1413 2305 1442 2331 in
1463 2302 1520 2331 alio
1542 2302 1605 2330 cod.
1621 2312 1757 2340 compen-

928 2346 1009 2376 dium
1028 2345 1178 2383 Almagesti
1197 2356 1230 2375 ex
1248 2346 1363 2375 arabico
1378 2346 1510 2375 hebraice
1525 2345 1559 2372 ab
1575 2343 1677 2372 eodem
1694 2344 1758 2373 Iac.

928 2389 1038 2420 Antoli
1056 2388 1235 2418 conuersum.
1261 2388 1320 2419 vid.
1342 2387 1442 2429 Wolfii
1462 2385 1531 2415 bibl.
1551 2386 1633 2417 hebr.
1656 2384 1714 2417 vol.
1732 2387 1758 2416 1.

928 2443 993 2475 pag.
1010 2442 1061 2463 20.
1084 2438 1113 2462 et
1128 2430 1187 2464 vol,
1205 2432 1255 2462 lv.
1271 2442 1336 2472 pag.
1349 2439 1414 2468 952.
1437 2428 1530 2461 Harl.

949 2485 1015 2521 Nn
