2013 2725
227 161 289 195 330
391 149 462 187 Lib.
474 146 541 186 IV.
557 160 580 184 c.
592 145 744 184 XVIII.
873 147 1059 184 LVCIANI
1091 145 1283 183 SCRIPTA
1616 148 1680 176 voi.
1694 149 1742 176 111.
1755 157 1782 182 p·
1792 155 1849 183 4⁹0
1859 149 1881 182 P
1890 154 1942 182 401

335 251 364 285 8.
379 239 576 294 Ἁρμονίδης,
601 241 826 278 Harmonides.
879 241 1038 290 Epistola,
1065 255 1129 291 qua
1146 241 1273 278 erudito
1289 244 1398 277 amico
1417 240 1467 277 vel
1484 250 1626 291 patrono
1642 241 1741 278 offert
1756 240 1871 292 scripta
1889 240 1945 278 sua

230 296 390 331 Lucianus
401 322 410 337 ,
436 299 469 331 in
489 309 555 331 vno
571 294 650 338 illo,
677 297 829 329 omnium
845 293 990 329 calculos
1006 294 1150 329 laturum
1166 292 1197 329 se
1216 306 1284 329 non
1301 293 1464 328 dubitans:
1492 293 1590 329 veluti
1607 295 1811 329 Timotheus
1826 295 1945 330 tibicen

231 347 431 383 Harmonidi
448 345 607 395 discipulo
624 349 658 392 Ρ)
675 343 785 388 suasit,
811 355 855 386 vt,
876 344 900 380 fi
924 346 963 381 ab
985 346 1138 381 omnibus
1155 348 1284 381 Graecis
1300 344 1423 380 laudari
1441 344 1555 388 vellet⁷
1582 344 1798 381 nobilioribus
1817 345 1944 394 placere

231 413 270 435 ac
285 400 417 448 probari
432 397 464 436 se
478 400 668 436 elaboraret.
695 407 777 435 tom.
796 399 820 434 1.
835 410 910 448 pag.
925 404 980 445 585
992 417 1040 425 —
1051 409 1124 444 590.
1153 399 1191 444 [Ι.
1208 410 1282 446 pag.
1299 406 1420 442 850-
1431 403 1501 442 858.
1554 399 1659 433 Vertit
1676 397 1863 433 Vincentius
1878 396 1945 432 Ob-

221 452 373 500 proeus.

329 540 363 573 9.
391 529 470 579 Περὶ
494 526 724 579 οἱςςολογίοις,
751 524 957 573 Astrologiae
981 525 1180 562 diuinatricis
1203 524 1428 575 qualecunque
1449 524 1598 573 elogium
1626 537 1663 560 ac
1685 523 1948 560 commendatio.'

230 588 313 615 tom.
333 581 357 615 1.
377 594 451 629 pag.
468 582 669 626 847—-856,
696 578 750 626 [Π.
766 578 977 623 360—373.]
1030 580 1134 613 Vertit
1151 579 1318 613 Erasmus.
1347 578 1473 612 Fabric.
1526 578 1592 611 Hie
1605 576 1732 612 libellus
1752 574 1886 624 scriptus
1902 575 1947 610 est

230 629 372 667 dialecto
398 633 527 674 ionica,
554 644 654 681 quae,
678 631 828 679 quamuis
846 642 916 664 non
938 630 1054 678 vbique
1079 639 1228 665 cernatur
1247 626 1434 670 obseruata,
1460 643 1479 663 a
1493 626 1592 663 Mose
1605 627 1649 663 du
1664 627 1746 663 Soul
1764 637 1794 663 et
1814 629 1945 663 Reitzio

231 683 429 733 plerumque
454 683 594 719 restituta
618 681 672 719 est.
724 680 822 716 Illum
844 690 953 716 autem
976 680 1122 716 libellum
1145 683 1193 718 Μ,
1209 680 1251 715 du
1266 680 1346 715 Soul
1369 678 1495 716 foetum
1523 678 1586 715 csse
1610 681 1744 715 Luciani
1765 682 1946 729 genuinum

235 733 359 779 censet3
383 745 497 771 contra
513 734 662 770 Kusterus
678 742 708 769 et
722 731 880 768 Wieland
895 734 927 767 in
946 730 999 768 sua
1015 731 1163 768 versione
1185 731 1366 767 abiudicant
1384 745 1459 767 eum
1475 734 1631 766 Luciano.
1673 733 1834 767 Gesnerus
1857 742 1947 769 vcro,

235 787 425 836 (pag,XX1.
448 785 538 836 epist.
558 785 598 822 ad
615 786 800 828 Reitzium,
832 794 916 820 tom.
935 786 976 829 1.)
1004 783 1044 819 de
1069 784 1264 831 astrologia,
1292 786 1416 833 inquit,
1442 781 1638 833 opusculum
1663 782 1818 819 imbecilli
1839 783 1948 817 homi·

235 841 284 874 nis
300 849 331 874 et
347 835 571 886 superstitiosi,
595 851 665 874 non
680 838 778 884 igitur
794 837 946 880 Luciani;
974 835 1031 871 nifi
1047 845 1156 871 tamen
1171 838 1357 870 imitatione
1380 845 1412 870 et
1436 835 1523 870 velut
1546 830 1708 885 παρῳδίας
1726 833 1830 870 ridere
1845 832 1948 870 voluit

235 887 489 940 superstitiosum
505 890 647 938 aliquem
664 886 874 936 scriptorem,
901 886 991 936 quod
1007 891 1104 923 etiam
1119 889 1253 925 ionismi
1268 885 1443 923 adsediatio
1464 885 1613 923 ostendit.
1640 877 1739 923 Ha'rl.

335 959 409 997 Bios·
425 957 590 996 Λεκιοινέ.
641 953 730 990 Infra
751 951 924 993 Ἐνύπνιον.

336 1046 387 1071 10.
414 1035 492 1071 Βίων
515 1033 663 1082 πρᾶσις,
691 1030 849 1066 Vitarum
870 1029 974 1065 aufflo
991 1032 1028 1076 ⁹).
1086 1029 1263 1078 Dialogus,
1297 1041 1364 1078 quo
1387 1030 1573 1065 Mercurius
1594 1031 1684 1065 iouis
1706 1027 1786 1066 iussu
1807 1028 1952 1065 homini-

237 1087 295 1122 bus
313 1099 434 1121 venum
457 1087 592 1134 exponit
616 1083 715 1119 veluti
734 1079 790 1117 sub
815 1081 900 1117 hasta
923 1079 1161 1131 philosophos,
1187 1083 1430 1130 Pythagoram,
1457 1083 1646 1129 Diogenem
1667 1084 1855 1128 Cynicum,
1880 1081 1951 1115 Ari-

235 1138 382 1186 stippum
413 1140 643 1183 Cyrenaeum,
673 1135 908 1169 Democritum
938 1145 968 1168 et
999 1134 1225 1172 Heraclitum,
1262 1135 1450 1174 Socratem,
1482 1136 1682 1183 Epicurum,
1712 1131 1950 1182 Chrysippum,

237 1189 445 1226 Aristotelem
462 1199 493 1224 et
511 1188 738 1233 Pyrrhonem,
765 1187 878 1235 (quem
893 1187 1029 1234 Πυῤῥῖοᾳ
1048 1185 1174 1221 codices
1199 1187 1335 1220 Luciani
1357 1186 1501 1230 vocant).
1556 1186 1771 1233 Singulorum
1794 1184 1953 1232 dogmata

237 1252 269 1277 et
286 1239 508 1291 quorumdam
524 1239 609 1275 dic‘la
628 1250 760 1287 quoque
776 1248 808 1273 et
825 1235 922 1283 facia,
945 1247 978 1272 vt
994 1235 1065 1272 sunt
1081 1236 1120 1272 ad
1136 1235 1349 1272 deridendum
1367 1235 1544 1284 aptiffima‚
1569 1236 1674 1287 seligit
1689 1249 1720 1274 et
1735 1235 1812 1272 naso
1826 1233 1953 1284 suspen-

239 1292 297 1328 dit.
322 1303 404 1329 tom.
422 1295 446 1327 1.
465 1304 540 1341 pag.
557 1296 763 1335 370—388.
788 1291 828 1336 [Ι.
846 1302 920 1337 pag.
939 1289 1149 1334 541—569.]
1201 1290 1305 1323 Vertit
1322 1289 1486 1323 Martinus
1502 1289 1647 1324 Bolerm.
1682 1291 1810 1326 Fabric.
1872 1287 1954 1322 Gal.

240 1346 297 1380 lice
317 1348 410 1380 vertit
434 1346 584 1392 notisque
599 1341 768 1376 illustrauit
783 1353 990 1386 anonymus:
1018 1339 1084 1376 Les
1100 1339 1340 1387 Philosophesii
1355 1341 1483 1375 l’encan.
1512 1339 1603 1377 Paris.
1619 1343 1713 1386 1690.
1733 1348 1764 1381 8.
1788 1337 1911 1375 addidit
1927 1340 1955 1373 is

241 1397 413 1446 finxitque,
436 1397 616 1431 Lucianum
633 1391 805 1437 imitando,
830 1392 1014 1440 dialogum,
1040 1395 1073 1426 in
1088 1405 1154 1441 quo
1170 1390 1405 1441 philosophos,
1430 1406 1449 1427 a
1462 1394 1609 1428 Luciano
1628 1390 1772 1433 omissos,
1798 1390 1956 1426 Antisthe-

238 1463 339 1490 nem,
372 1450 557 1485 Cratetem‚
588 1446 780 1484 Platonem,
811 1447 1002 1486 Zenonem,
1033 1445 1213 1480 Thaletem
1237 1444 1352 1480 ledlori
1373 1445 1530 1494 propinat
1553 1443 1758 1481 deridendos.
1791 1441 1855 1479 vid.
1872 1443 1955 1479 Adia

238 1501 327 1538 erud.
344 1497 427 1549 Lips.
449 1513 478 1535 a.
494 1502 584 1543 1692.
607 1495 713 1533 Mens.
729 1498 828 1533 Mart.
850 1510 922 1545 pag.
939 1508 1007 1541 130.
1037 1496 1138 1531 Harl.

339 1567 418 1616 Περὶ
433 1574 457 1606 Γ
458 1567 636 1616 υμνοισίων.
689 1566 809 1613 Supra,
837 1566 871 1600 in
891 1560 1113 1614 Ἀνάχαρσις.

340 1657 378 1679 11-
401 1640 632 1691 Δημώνακτος
646 1640 734 1685 βίος.
787 1643 861 1675 Vita
888 1649 919 1675 et
939 1641 1222 1689 apophthegmata
1243 1638 1468 1683 Demonaez'is,
1496 1640 1633 1687 Cyprii,
1659 1636 1849 1689 philosophi
1873 1638 1954 1674 ecle-

241 1699 329 1739 dliei,
345 1709 413 1731 non
428 1694 481 1729 diu
497 1703 570 1729 ante
585 1691 740 1729 defundit.
767 1702 847 1728 tom.
860 1693 882 1726 Ι.
903 1705 977 1740 pag,
994 1698 1192 1737 857—872.
1221 1691 1274 1735 [ΙΙ.
1290 1704 1362 1739 pag.
1381 1692 1594 1737 374—396]
1647 1694 1750 1726 Vertit
1769 1692 1954 1726 Vincentius

237 1749 434 1796 Obsopoeus.
484 1744 608 1781 Laudat
632 1747 795 1793 Eunapius
817 1747 850 1779 in
868 1746 1058 1793 prooemiO.
1086 1743 1142 1790 [lf]
1172 1742 1316 1790 [Moyses
1333 1744 1375 1777 du
1391 1743 1471 1778 Soul
1490 1746 1523 1778 in
1545 1747 1614 1778 init.
1634 1753 1790 1778 notarum
1810 1742 1954 1779 vindicat

236 1804 326 1838 hunc
343 1798 489 1835 libellum
505 1796 674 1840 Luciano.]

342 1889 385 1912 12.
414 1874 633 1924 Δημοσθένες
655 1869 834 1919 ἐγκώμιον,
869 1871 1074 1905 Encomium
1099 1868 1351 1912 Demosthenis,
1382 1878 1465 1905 tom.
1485 1872 1523 1906 Π,
1547 1883 1621 1920 pag.
1639 1873 1842 1916 685—708.
1883 1872 1952 1917 [ΠΙ.

236 1942 312 1978 pag,
327 1941 392 1973 490
403 1948 450 1953 —
462 1926 544 1972 527]
598 1926 703 1959 Vertit
719 1924 890 1968 Philippus
903 1923 1130 1957 Melanchtlzon
1144 1933 1174 1957 et
1192 1925 1224 1956 in
1243 1920 1299 1957 sua
1313 1921 1544 1957 Demosthenis
1558 1923 1701 1958 editione
1712 1924 1844 1959 Hieron.
1858 1924 1952 1960 Wol-

227 1982 306 2028 fius.
333 1981 458 2015 Fabric.
511 1979 603 2013 Haec
628 1974 774 2012 laudatio
798 1989 816 2011 a
838 1973 1014 2016 Mamilio,
1040 1973 1072 2009 la
1089 1975 1214 2014 Croze,
1246 1975 1285 2009 ab
1310 1986 1484 2020 anonymo
1507 1976 1541 2010 in
1559 1972 1701 2011 Miscell.
1717 1973 1794 2011 obss:
1810 1978 1844 2011 in
1867 1978 1950 2012 aucit.

1852 2029 1950 2063 Mens

278 2133 317 2174 p)
332 2134 391 2170 Qli
405 2131 542 2172 Philippo
557 2130 668 2160 Maced.
683 2135 820 2167 regnante
836 2130 922 2166 vixit,
939 2128 974 2159 de
991 2136 1071 2161 vtro·
1115 2139 1150 2166 ga
1176 2135 1243 2158 nota
1269 2127 1480 2168 Leopara'mm
1503 2128 1532 2157 in
1559 2128 1717 2159 Emendatt.
1734 2138 1776 2165 ¹4.
1797 2129 1951 2170 mancipiis

236 2188 295 2219 que
311 2177 378 2208 vide
393 2178 565 2215 interpretes
585 2173 620 2202 ad
637 2175 764 2202 initium.
788 2173 882 2204 Harl.
1114 2179 1276 2201 vertentem
1297 2173 1358 2206 βίας
1375 2170 1548 2205 refutando,
1575 2172 1658 2201 vitae
1672 2173 1825 2202 rationem
1839 2177 1867 2203 et
1878 2183 1950 2213 pro-

1103 2213 1257 2255 feffione'm
1271 2215 1477 2254 interpretatur
1492 2214 1550 2247 βίον
1561 2236 1568 2248 ,
1587 2215 1626 2242 ita
1642 2222 1736 2244 tamen
1747 2238 1755 2251 ,
1777 2222 1809 2245 vt
1830 2215 1951 2250 satyrica

276 2264 311 2305 q)
333 2263 432 2302 Inepta
454 2259 557 2289 versio.
600 2259 689 2287 Verte
709 2255 862 2297 seffarum
884 2254 1069 2297 philosophi·
1112 2256 1327 2299 prosopopoeia
1357 2258 1403 2286 hic
1432 2259 1508 2286 vitae
1536 2264 1563 2285 et
1590 2258 1718 2286 instituta
1748 2267 1895 2299 ponantur
1916 2266 1950 2290 vt

234 2316 341 2338 carum
362 2303 470 2335 auffio.
520 2303 577 2331 Bloc
598 2303 677 2331 enim
705 2302 730 2330 h.
750 2300 768 2329 l.
789 2301 924 2336 significat
948 2301 1066 2341 institu-
1109 2300 1265 2340 personam
1302 2308 1330 2329 et
1353 2310 1388 2329 ex
1411 2310 1452 2337 gr.
1470 2300 1528 2333 βίος
1551 2298 1738 2338 Πυθαγορικὰ
1765 2302 1797 2330 fit
1825 2301 1948 2342 persona

233 2355 297 2380 tum
319 2343 545 2387 certaesest'ae,
566 2345 623 2374 fine
647 2344 730 2374 vitae
747 2352 863 2383 genus,
895 2344 974 2382 quod
997 2345 1067 2373 haec
1109 2345 1258 2377 omnium,
1281 2344 1331 2383 qui
1347 2340 1375 2371 se
1392 2342 1489 2372 dicunt
1507 2344 1721 2380 Pythagoricos.
1768 2349 1860 2384 Atque
1882 2347 1947 2375 Ien-

231 2391 277 2422 vel
300 2391 348 2420 illa
369 2390 441 2420 stha
464 2388 601 2428 sequitur.
630 2386 738 2417 Heum.
782 2385 861 2414 Adde
877 2386 1011 2415 eumdem
1034 2389 1064 2415 in
1108 2387 1180 2422 sius,
1204 2388 1276 2416 vitas
1299 2384 1544 2425 philosophorum
1568 2386 1614 2414 hic
1635 2385 1708 2417 sumi
1731 2397 1786 2428 pro
1800 2388 1866 2429 ipsis
1880 2389 1946 2430 phi.

230 2433 362 2471 Poecile,
383 2442 454 2464 tom.
469 2433 508 2462 11.
527 2441 591 2473 pag.
607 2435 621 2463 8
637 2429 697 2472 sqq.
723 2430 833 2459 Gesner
849 2436 944 2459 tamen
955 2431 987 2459 in
1001 2428 1064 2459 lon-
1106 2428 1237 2471 losophts
1254 2431 1314 2461 lam
1329 2427 1482 2461 iudicauit.
1505 2427 1599 2461 Harl.
