<?xml version="1.0" encoding="UTF-8"?>
<!DOCTYPE html PUBLIC "-//W3C//DTD XHTML 1.0 Transitional//EN"
    "http://www.w3.org/TR/xhtml1/DTD/xhtml1-transitional.dtd">
<html xmlns="http://www.w3.org/1999/xhtml" xml:lang="en" lang="en">
 <head>
  <title>
</title>
<meta http-equiv="Content-Type" content="text/html;charset=utf-8" />
  <meta name='ocr-system' content='tesseract 3.04.00' />
  <meta name='ocr-capabilities' content='ocr_page ocr_carea ocr_par ocr_line ocrx_word'/>
</head>
<body>
  <div class='ocr_page' id='page_1' title='image "./bibliothecagraec05fabruoft_0431.png"; bbox 0 0 2049 2720; ppageno 0'>
   <div class='ocr_carea' id='block_1_1' title="bbox 199 163 1760 222">
    <p class='ocr_par' dir='ltr' id='par_1_1' title="bbox 199 163 1760 222">
     <span class='ocr_line' id='line_1_1' title="bbox 199 163 1760 222; baseline 0.004 -18"><span class='ocrx_word' id='word_1_1' title='bbox 199 166 266 204; x_wconf 86' lang='lat' dir='ltr'>ET</span> <span class='ocrx_word' id='word_1_2' title='bbox 294 164 478 215; x_wconf 73' lang='lat' dir='ltr'>QIDEM</span> <span class='ocrx_word' id='word_1_3' title='bbox 505 163 833 207; x_wconf 76' lang='lat' dir='ltr'>GENVJNORVM‚</span> <span class='ocrx_word' id='word_1_4' title='bbox 868 163 1090 201; x_wconf 78' lang='lat' dir='ltr'>RECENSIO</span> <span class='ocrx_word' id='word_1_5' title='bbox 1123 166 1192 202; x_wconf 84' lang='lat' dir='ltr'>Lib.</span> <span class='ocrx_word' id='word_1_6' title='bbox 1206 166 1277 204; x_wconf 87' lang='lat' dir='ltr'>IV.</span> <span class='ocrx_word' id='word_1_7' title='bbox 1293 180 1316 204; x_wconf 90' lang='lat' dir='ltr'>c.</span> <span class='ocrx_word' id='word_1_8' title='bbox 1329 168 1438 209; x_wconf 83' lang='lat' dir='ltr'>XIX.</span> <span class='ocrx_word' id='word_1_9' title='bbox 1451 171 1507 218; x_wconf 76' lang='lat' dir='ltr'>(ot.</span> <span class='ocrx_word' id='word_1_10' title='bbox 1521 171 1667 220; x_wconf 85' lang='lat' dir='ltr'>XVII.)</span> <span class='ocrx_word' id='word_1_11' title='bbox 1694 186 1760 222; x_wconf 75' lang='lat'>409</span> 
     </span>
    </p>
   </div>
   <div class='ocr_carea' id='block_1_2' title="bbox 45 257 1765 1081">
    <p class='ocr_par' dir='ltr' id='par_1_2' title="bbox 45 257 1765 1081">
     <span class='ocr_line' id='line_1_2' title="bbox 47 257 1761 311; baseline 0.004 -11"><span class='ocrx_word' id='word_1_12' title='bbox 47 265 118 300; x_wconf 82' lang='lat' dir='ltr'>terii</span> <span class='ocrx_word' id='word_1_13' title='bbox 140 265 221 298; x_wconf 83' lang='lat' dir='ltr'>tom.</span> <span class='ocrx_word' id='word_1_14' title='bbox 235 263 292 297; x_wconf 89' lang='lat' dir='ltr'>lv.</span> <span class='ocrx_word' id='word_1_15' title='bbox 319 274 395 311; x_wconf 82' lang='lat' dir='ltr'>pag.</span> <span class='ocrx_word' id='word_1_16' title='bbox 412 272 478 306; x_wconf 82' lang='lat'>225.</span> <span class='ocrx_word' id='word_1_17' title='bbox 506 261 540 296; x_wconf 90' lang='lat' dir='ltr'>in</span> <span class='ocrx_word' id='word_1_18' title='bbox 555 258 688 309; x_wconf 85' lang='lat' dir='ltr'>septima</span> <span class='ocrx_word' id='word_1_19' title='bbox 706 261 874 294; x_wconf 81' lang='lat' dir='ltr'>luntarum</span> <span class='ocrx_word' id='word_1_20' title='bbox 896 257 982 294; x_wconf 75' lang='lat' dir='ltr'>class.</span> <span class='ocrx_word' id='word_1_21' title='bbox 1000 261 1022 293; x_wconf 85' lang='lat'>1.</span> <span class='ocrx_word' id='word_1_22' title='bbox 1043 257 1103 295; x_wconf 87' lang='lat' dir='ltr'>fol.</span> <span class='ocrx_word' id='word_1_23' title='bbox 1119 272 1165 305; x_wconf 81' lang='lat'>55.</span> <span class='ocrx_word' id='word_1_24' title='bbox 1216 264 1304 298; x_wconf 85' lang='lat' dir='ltr'>Citat</span> <span class='ocrx_word' id='word_1_25' title='bbox 1324 264 1411 300; x_wconf 87' lang='lat' dir='ltr'>hunc</span> <span class='ocrx_word' id='word_1_26' title='bbox 1434 264 1552 303; x_wconf 84' lang='lat' dir='ltr'>librum</span> <span class='ocrx_word' id='word_1_27' title='bbox 1571 269 1712 304; x_wconf 70' lang='lat' dir='ltr'>Galenus</span> <span class='ocrx_word' id='word_1_28' title='bbox 1727 272 1761 306; x_wconf 81' lang='lat' dir='ltr'>in</span> 
     </span>
     <span class='ocr_line' id='line_1_3' title="bbox 45 309 1760 368; baseline 0.003 -19"><span class='ocrx_word' id='word_1_29' title='bbox 45 315 117 354; x_wconf 78' lang='lat' dir='ltr'>libr.</span> <span class='ocrx_word' id='word_1_30' title='bbox 141 313 182 349; x_wconf 89' lang='lat' dir='ltr'>de</span> <span class='ocrx_word' id='word_1_31' title='bbox 206 313 277 349; x_wconf 87' lang='lat' dir='ltr'>libr.</span> <span class='ocrx_word' id='word_1_32' title='bbox 303 315 443 362; x_wconf 82' lang='lat' dir='ltr'>propriis</span> <span class='ocrx_word' id='word_1_33' title='bbox 466 325 536 359; x_wconf 82' lang='lat' dir='ltr'>cap.</span> <span class='ocrx_word' id='word_1_34' title='bbox 555 324 568 345; x_wconf 84' lang='lat'>1</span> <span class='ocrx_word' id='word_1_35' title='bbox 586 323 616 347; x_wconf 87' lang='lat' dir='ltr'>et</span> <span class='ocrx_word' id='word_1_36' title='bbox 632 323 656 354; x_wconf 85' lang='lat'>3.</span> <span class='ocrx_word' id='word_1_37' title='bbox 682 321 712 346; x_wconf 87' lang='lat' dir='ltr'>et</span> <span class='ocrx_word' id='word_1_38' title='bbox 733 314 764 345; x_wconf 90' lang='lat' dir='ltr'>in</span> <span class='ocrx_word' id='word_1_39' title='bbox 786 321 853 346; x_wconf 85' lang='lat' dir='ltr'>arte</span> <span class='ocrx_word' id='word_1_40' title='bbox 876 309 1005 346; x_wconf 86' lang='lat' dir='ltr'>medica</span> <span class='ocrx_word' id='word_1_41' title='bbox 1029 325 1098 360; x_wconf 84' lang='lat' dir='ltr'>cap.</span> <span class='ocrx_word' id='word_1_42' title='bbox 1114 324 1163 355; x_wconf 84' lang='lat'>37.</span> <span class='ocrx_word' id='word_1_43' title='bbox 1187 311 1352 363; x_wconf 80' lang='lat' dir='ltr'>refertque</span> <span class='ocrx_word' id='word_1_44' title='bbox 1374 315 1412 350; x_wconf 84' lang='lat' dir='ltr'>ad</span> <span class='ocrx_word' id='word_1_45' title='bbox 1434 330 1507 359; x_wconf 82' lang='lat' dir='ltr'>eos,</span> <span class='ocrx_word' id='word_1_46' title='bbox 1535 332 1617 368; x_wconf 92' lang='lat' dir='ltr'>quos</span> <span class='ocrx_word' id='word_1_47' title='bbox 1633 322 1760 355; x_wconf 82' lang='lat' dir='ltr'>iuuenis</span> 
     </span>
     <span class='ocr_line' id='line_1_4' title="bbox 45 360 1761 415; baseline 0.003 -14"><span class='ocrx_word' id='word_1_48' title='bbox 45 362 217 415; x_wconf 78' lang='lat' dir='ltr'>scripserit.</span> <span class='ocrx_word' id='word_1_49' title='bbox 269 366 361 400; x_wconf 83' lang='lat' dir='ltr'>Hinc</span> <span class='ocrx_word' id='word_1_50' title='bbox 382 367 563 413; x_wconf 83' lang='lat' dir='ltr'>genuinum</span> <span class='ocrx_word' id='word_1_51' title='bbox 585 363 701 398; x_wconf 86' lang='lat' dir='ltr'>Galeni</span> <span class='ocrx_word' id='word_1_52' title='bbox 725 360 878 397; x_wconf 75' lang='lat' dir='ltr'>essenon</span> <span class='ocrx_word' id='word_1_53' title='bbox 900 361 1126 398; x_wconf 83' lang='lat' dir='ltr'>dubitandum.</span> <span class='ocrx_word' id='word_1_54' title='bbox 1180 366 1306 400; x_wconf 83' lang='lat' dir='ltr'>Primus</span> <span class='ocrx_word' id='word_1_55' title='bbox 1330 366 1374 402; x_wconf 85' lang='lat' dir='ltr'>est</span> <span class='ocrx_word' id='word_1_56' title='bbox 1394 369 1419 402; x_wconf 87' lang='lat' dir='ltr'>is</span> <span class='ocrx_word' id='word_1_57' title='bbox 1443 368 1524 404; x_wconf 87' lang='lat' dir='ltr'>liber</span> <span class='ocrx_word' id='word_1_58' title='bbox 1543 374 1697 406; x_wconf 89' lang='lat' dir='ltr'>omnium</span> <span class='ocrx_word' id='word_1_59' title='bbox 1719 371 1761 407; x_wconf 86' lang='lat' dir='ltr'>de</span> 
     </span>
     <span class='ocr_line' id='line_1_5' title="bbox 46 412 1761 472; baseline 0.003 -20"><span class='ocrx_word' id='word_1_60' title='bbox 46 430 202 452; x_wconf 82' lang='lat' dir='ltr'>venarum</span> <span class='ocrx_word' id='word_1_61' title='bbox 225 419 482 464; x_wconf 85' lang='lat' dir='ltr'>arteriarumque</span> <span class='ocrx_word' id='word_1_62' title='bbox 509 412 630 449; x_wconf 79' lang='lat' dir='ltr'>fabrica</span> <span class='ocrx_word' id='word_1_63' title='bbox 661 427 697 449; x_wconf 83' lang='lat' dir='ltr'>ac</span> <span class='ocrx_word' id='word_1_64' title='bbox 720 412 852 449; x_wconf 86' lang='lat' dir='ltr'>decursu</span> <span class='ocrx_word' id='word_1_65' title='bbox 877 416 1104 458; x_wconf 51' lang='lat' dir='ltr'>uariandum,</span> <span class='ocrx_word' id='word_1_66' title='bbox 1140 416 1174 449; x_wconf 85' lang='lat' dir='ltr'>in</span> <span class='ocrx_word' id='word_1_67' title='bbox 1199 429 1263 465; x_wconf 91' lang='lat' dir='ltr'>quo</span> <span class='ocrx_word' id='word_1_68' title='bbox 1286 417 1369 453; x_wconf 87' lang='lat' dir='ltr'>adeo</span> <span class='ocrx_word' id='word_1_69' title='bbox 1393 419 1498 454; x_wconf 85' lang='lat' dir='ltr'>multa</span> <span class='ocrx_word' id='word_1_70' title='bbox 1518 433 1761 472; x_wconf 73' lang='lat' dir='ltr'>proponantur,</span> 
     </span>
     <span class='ocr_line' id='line_1_6' title="bbox 47 463 1763 520; baseline 0.003 -16"><span class='ocrx_word' id='word_1_71' title='bbox 47 469 162 518; x_wconf 89' lang='lat' dir='ltr'>quibus</span> <span class='ocrx_word' id='word_1_72' title='bbox 184 468 319 517; x_wconf 54' lang='lat' dir='ltr'>postera}</span> <span class='ocrx_word' id='word_1_73' title='bbox 335 478 437 510; x_wconf 69' lang='lat' dir='ltr'>aetas,</span> <span class='ocrx_word' id='word_1_74' title='bbox 465 479 524 501; x_wconf 86' lang='lat' dir='ltr'>ceu</span> <span class='ocrx_word' id='word_1_75' title='bbox 550 481 566 501; x_wconf 84' lang='lat' dir='ltr'>a</span> <span class='ocrx_word' id='word_1_76' title='bbox 584 464 613 501; x_wconf 90' lang='lat' dir='ltr'>se</span> <span class='ocrx_word' id='word_1_77' title='bbox 635 468 772 501; x_wconf 86' lang='lat' dir='ltr'>inuentis</span> <span class='ocrx_word' id='word_1_78' title='bbox 791 465 949 513; x_wconf 59' lang='lat' dir='ltr'>dictisque</span> <span class='ocrx_word' id='word_1_79' title='bbox 973 463 1025 500; x_wconf 82' lang='lat' dir='ltr'>vsa</span> <span class='ocrx_word' id='word_1_80' title='bbox 1047 465 1094 502; x_wconf 82' lang='lat' dir='ltr'>sit.</span> <span class='ocrx_word' id='word_1_81' title='bbox 1150 467 1297 502; x_wconf 84' lang='lat' dir='ltr'>Primum</span> <span class='ocrx_word' id='word_1_82' title='bbox 1319 468 1359 504; x_wconf 88' lang='lat' dir='ltr'>de</span> <span class='ocrx_word' id='word_1_83' title='bbox 1383 473 1471 506; x_wconf 81' lang='lat' dir='ltr'>venis</span> <span class='ocrx_word' id='word_1_84' title='bbox 1491 475 1617 520; x_wconf 81' lang='lat' dir='ltr'>agitur,</span> <span class='ocrx_word' id='word_1_85' title='bbox 1645 473 1763 510; x_wconf 82' lang='lat' dir='ltr'>deinde</span> 
     </span>
     <span class='ocr_line' id='line_1_7' title="bbox 46 515 1764 570; baseline 0.004 -16"><span class='ocrx_word' id='word_1_86' title='bbox 46 519 87 555; x_wconf 83' lang='lat' dir='ltr'>de</span> <span class='ocrx_word' id='word_1_87' title='bbox 110 521 243 555; x_wconf 76' lang='lat' dir='ltr'>arteriis.</span> <span class='ocrx_word' id='word_1_88' title='bbox 294 518 470 554; x_wconf 81' lang='lat' dir='ltr'>Incifiones</span> <span class='ocrx_word' id='word_1_89' title='bbox 484 521 517 553; x_wconf 90' lang='lat' dir='ltr'>in</span> <span class='ocrx_word' id='word_1_90' title='bbox 533 519 628 553; x_wconf 86' lang='lat' dir='ltr'>brutis</span> <span class='ocrx_word' id='word_1_91' title='bbox 650 527 776 552; x_wconf 82' lang='lat' dir='ltr'>tantum</span> <span class='ocrx_word' id='word_1_92' title='bbox 795 515 902 552; x_wconf 79' lang='lat' dir='ltr'>fecisse</span> <span class='ocrx_word' id='word_1_93' title='bbox 919 517 1102 560; x_wconf 75' lang='lat' dir='ltr'>Galerium,</span> <span class='ocrx_word' id='word_1_94' title='bbox 1128 520 1154 552; x_wconf 83' lang='lat' dir='ltr'>is</span> <span class='ocrx_word' id='word_1_95' title='bbox 1176 521 1274 555; x_wconf 88' lang='lat' dir='ltr'>etiam</span> <span class='ocrx_word' id='word_1_96' title='bbox 1291 519 1369 555; x_wconf 89' lang='lat' dir='ltr'>liber</span> <span class='ocrx_word' id='word_1_97' title='bbox 1388 524 1515 570; x_wconf 84' lang='lat' dir='ltr'>probat.</span> <span class='ocrx_word' id='word_1_98' title='bbox 1543 523 1632 560; x_wconf 92' lang='lat' dir='ltr'>conf.</span> <span class='ocrx_word' id='word_1_99' title='bbox 1648 526 1764 561; x_wconf 70' lang='lat' dir='ltr'>Haller</span> 
     </span>
     <span class='ocr_line' id='line_1_8' title="bbox 46 567 1763 625; baseline 0.003 -19"><span class='ocrx_word' id='word_1_100' title='bbox 46 573 80 606; x_wconf 90' lang='lat' dir='ltr'>in</span> <span class='ocrx_word' id='word_1_101' title='bbox 104 570 252 606; x_wconf 87' lang='lat' dir='ltr'>biblioth.</span> <span class='ocrx_word' id='word_1_102' title='bbox 277 580 361 605; x_wconf 87' lang='lat' dir='ltr'>anat.</span> <span class='ocrx_word' id='word_1_103' title='bbox 382 571 505 606; x_wconf 85' lang='lat' dir='ltr'>tom.1.</span> <span class='ocrx_word' id='word_1_104' title='bbox 524 582 598 617; x_wconf 78' lang='lat' dir='ltr'>pag.</span> <span class='ocrx_word' id='word_1_105' title='bbox 614 576 670 614; x_wconf 88' lang='lat'>89.</span> <span class='ocrx_word' id='word_1_106' title='bbox 697 590 748 596; x_wconf 86' lang='lat'>—-</span> <span class='ocrx_word' id='word_1_107' title='bbox 777 567 890 604; x_wconf 80' lang='lat' dir='ltr'>Codex</span> <span class='ocrx_word' id='word_1_108' title='bbox 908 581 1042 616; x_wconf 76' lang='lat' dir='ltr'>graecus</span> <span class='ocrx_word' id='word_1_109' title='bbox 1065 571 1160 604; x_wconf 84' lang='lat' dir='ltr'>huius</span> <span class='ocrx_word' id='word_1_110' title='bbox 1180 569 1253 605; x_wconf 90' lang='lat' dir='ltr'>libri</span> <span class='ocrx_word' id='word_1_111' title='bbox 1275 570 1320 606; x_wconf 86' lang='lat' dir='ltr'>est</span> <span class='ocrx_word' id='word_1_112' title='bbox 1341 575 1373 606; x_wconf 91' lang='lat' dir='ltr'>in</span> <span class='ocrx_word' id='word_1_113' title='bbox 1396 574 1544 610; x_wconf 81' lang='lat' dir='ltr'>biblioth.</span> <span class='ocrx_word' id='word_1_114' title='bbox 1566 575 1654 625; x_wconf 82' lang='lat' dir='ltr'>publ,</span> <span class='ocrx_word' id='word_1_115' title='bbox 1669 575 1763 613; x_wconf 79' lang='lat' dir='ltr'>Paris.</span> 
     </span>
     <span class='ocr_line' id='line_1_9' title="bbox 46 619 1765 663; baseline 0 -5"><span class='ocrx_word' id='word_1_116' title='bbox 46 633 98 658; x_wconf 82' lang='lat' dir='ltr'>nr.</span> <span class='ocrx_word' id='word_1_117' title='bbox 114 623 340 658; x_wconf 81' lang='lat' dir='ltr'>MMCLXW.</span> <span class='ocrx_word' id='word_1_118' title='bbox 366 641 415 648; x_wconf 88' lang='lat'>—-</span> <span class='ocrx_word' id='word_1_119' title='bbox 442 624 475 655; x_wconf 89' lang='lat' dir='ltr'>in</span> <span class='ocrx_word' id='word_1_120' title='bbox 491 621 566 655; x_wconf 86' lang='lat' dir='ltr'>bibl.</span> <span class='ocrx_word' id='word_1_121' title='bbox 586 621 693 655; x_wconf 81' lang='lat' dir='ltr'>Vmet.</span> <span class='ocrx_word' id='word_1_122' title='bbox 710 622 751 654; x_wconf 91' lang='lat' dir='ltr'>D.</span> <span class='ocrx_word' id='word_1_123' title='bbox 767 621 874 656; x_wconf 83' lang='lat' dir='ltr'>Marci</span> <span class='ocrx_word' id='word_1_124' title='bbox 894 619 965 656; x_wconf 89' lang='lat' dir='ltr'>cod.</span> <span class='ocrx_word' id='word_1_125' title='bbox 981 620 1183 655; x_wconf 75' lang='lat' dir='ltr'>CCLXXtX.</span> <span class='ocrx_word' id='word_1_126' title='bbox 1207 621 1248 656; x_wconf 89' lang='lat' dir='ltr'>de</span> <span class='ocrx_word' id='word_1_127' title='bbox 1268 621 1523 660; x_wconf 70' lang='lat' dir='ltr'>venaesecstioue.</span> <span class='ocrx_word' id='word_1_128' title='bbox 1547 646 1599 652; x_wconf 90' lang='lat'>—-</span> <span class='ocrx_word' id='word_1_129' title='bbox 1627 629 1765 663; x_wconf 77' lang='lat' dir='ltr'>Hebrai-</span> 
     </span>
     <span class='ocr_line' id='line_1_10' title="bbox 45 668 1762 718; baseline 0.003 -10"><span class='ocrx_word' id='word_1_130' title='bbox 45 684 101 708; x_wconf 75' lang='lat' dir='ltr'>cut</span> <span class='ocrx_word' id='word_1_131' title='bbox 123 672 228 708; x_wconf 84' lang='lat' dir='ltr'>codex</span> <span class='ocrx_word' id='word_1_132' title='bbox 250 686 289 708; x_wconf 92' lang='lat' dir='ltr'>ex</span> <span class='ocrx_word' id='word_1_133' title='bbox 307 673 401 708; x_wconf 84' lang='lat' dir='ltr'>Arab.</span> <span class='ocrx_word' id='word_1_134' title='bbox 417 668 526 706; x_wconf 86' lang='lat' dir='ltr'>versus</span> <span class='ocrx_word' id='word_1_135' title='bbox 541 686 560 707; x_wconf 87' lang='lat' dir='ltr'>a</span> <span class='ocrx_word' id='word_1_136' title='bbox 577 673 619 706; x_wconf 81' lang='lat' dir='ltr'>R.</span> <span class='ocrx_word' id='word_1_137' title='bbox 635 672 758 707; x_wconf 82' lang='lat' dir='ltr'>Clzanin</span> <span class='ocrx_word' id='word_1_138' title='bbox 772 674 823 706; x_wconf 83' lang='lat' dir='ltr'>ben</span> <span class='ocrx_word' id='word_1_139' title='bbox 838 672 930 718; x_wconf 77' lang='lat' dir='ltr'>Isaac</span> <span class='ocrx_word' id='word_1_140' title='bbox 947 671 991 707; x_wconf 86' lang='lat' dir='ltr'>est</span> <span class='ocrx_word' id='word_1_141' title='bbox 1009 674 1041 706; x_wconf 90' lang='lat' dir='ltr'>in</span> <span class='ocrx_word' id='word_1_142' title='bbox 1065 671 1213 708; x_wconf 74' lang='lat' dir='ltr'>biblioth.</span> <span class='ocrx_word' id='word_1_143' title='bbox 1230 673 1490 710; x_wconf 81' lang='lat' dir='ltr'>vindobonensi.</span> <span class='ocrx_word' id='word_1_144' title='bbox 1515 677 1669 713; x_wconf 84' lang='lat' dir='ltr'>Lambec.</span> <span class='ocrx_word' id='word_1_145' title='bbox 1687 677 1762 715; x_wconf 85' lang='lat' dir='ltr'>edit.</span> 
     </span>
     <span class='ocr_line' id='line_1_11' title="bbox 46 723 1763 775; baseline 0.003 -16"><span class='ocrx_word' id='word_1_146' title='bbox 46 723 171 760; x_wconf 86' lang='lat' dir='ltr'>Kollar.</span> <span class='ocrx_word' id='word_1_147' title='bbox 193 724 249 761; x_wconf 90' lang='lat' dir='ltr'>lib.</span> <span class='ocrx_word' id='word_1_148' title='bbox 264 727 288 759; x_wconf 86' lang='lat'>1.</span> <span class='ocrx_word' id='word_1_149' title='bbox 313 736 385 772; x_wconf 85' lang='lat' dir='ltr'>pag.</span> <span class='ocrx_word' id='word_1_150' title='bbox 402 736 478 767; x_wconf 83' lang='lat'>290.</span> <span class='ocrx_word' id='word_1_151' title='bbox 495 736 564 768; x_wconf 84' lang='lat'>291.</span> <span class='ocrx_word' id='word_1_152' title='bbox 590 743 642 749; x_wconf 89' lang='lat'><em>—</em></span> <span class='ocrx_word' id='word_1_153' title='bbox 669 725 773 757; x_wconf 81' lang='lat' dir='ltr'>Vertit</span> <span class='ocrx_word' id='word_1_154' title='bbox 796 725 830 758; x_wconf 88' lang='lat' dir='ltr'>in</span> <span class='ocrx_word' id='word_1_155' title='bbox 852 724 984 758; x_wconf 78' lang='lat' dir='ltr'>latinam</span> <span class='ocrx_word' id='word_1_156' title='bbox 1005 724 1151 771; x_wconf 84' lang='lat' dir='ltr'>linguam</span> <span class='ocrx_word' id='word_1_157' title='bbox 1171 726 1260 760; x_wconf 81' lang='lat' dir='ltr'>huuc</span> <span class='ocrx_word' id='word_1_158' title='bbox 1278 725 1398 761; x_wconf 86' lang='lat' dir='ltr'>librum</span> <span class='ocrx_word' id='word_1_159' title='bbox 1416 726 1584 763; x_wconf 80' lang='lat' dir='ltr'>Antonius</span> <span class='ocrx_word' id='word_1_160' title='bbox 1597 730 1763 775; x_wconf 59' lang='lat' dir='ltr'>Ponatur,</span> 
     </span>
     <span class='ocr_line' id='line_1_12' title="bbox 45 772 1764 826; baseline 0.005 -16"><span class='ocrx_word' id='word_1_161' title='bbox 45 772 239 811; x_wconf 83' lang='lat' dir='ltr'>Ioserienfis.</span> <span class='ocrx_word' id='word_1_162' title='bbox 290 777 364 810; x_wconf 80' lang='lat' dir='ltr'>Eius</span> <span class='ocrx_word' id='word_1_163' title='bbox 386 773 567 810; x_wconf 80' lang='lat' dir='ltr'>versionem</span> <span class='ocrx_word' id='word_1_164' title='bbox 590 775 735 809; x_wconf 78' lang='lat' dir='ltr'><em>Andreas</em></span> <span class='ocrx_word' id='word_1_165' title='bbox 753 774 894 821; x_wconf 65' lang='lat' dir='ltr'>Wfiaelim</span> <span class='ocrx_word' id='word_1_166' title='bbox 915 774 1101 822; x_wconf 73' lang='lat' dir='ltr'>castigavit,</span> <span class='ocrx_word' id='word_1_167' title='bbox 1129 776 1351 825; x_wconf 83' lang='lat' dir='ltr'>eumdemque</span> <span class='ocrx_word' id='word_1_168' title='bbox 1373 778 1536 826; x_wconf 85' lang='lat' dir='ltr'>plerisque</span> <span class='ocrx_word' id='word_1_169' title='bbox 1560 782 1593 814; x_wconf 87' lang='lat' dir='ltr'>in</span> <span class='ocrx_word' id='word_1_170' title='bbox 1620 780 1700 816; x_wconf 87' lang='lat' dir='ltr'>locis</span> <span class='ocrx_word' id='word_1_171' title='bbox 1722 780 1764 818; x_wconf 79' lang='lat' dir='ltr'>ad</span> 
     </span>
     <span class='ocr_line' id='line_1_13' title="bbox 47 825 1764 876; baseline 0.003 -14"><span class='ocrx_word' id='word_1_172' title='bbox 47 829 286 876; x_wconf 80' lang='lat' dir='ltr'>exemplarium</span> <span class='ocrx_word' id='word_1_173' title='bbox 307 839 503 876; x_wconf 87' lang='lat' dir='ltr'>graecorum</span> <span class='ocrx_word' id='word_1_174' title='bbox 528 825 629 861; x_wconf 86' lang='lat' dir='ltr'>fidem</span> <span class='ocrx_word' id='word_1_175' title='bbox 653 825 840 862; x_wconf 79' lang='lat' dir='ltr'>emendauit</span> <span class='ocrx_word' id='word_1_176' title='bbox 862 826 1065 874; x_wconf 70' lang='lat' dir='ltr'>Augustinus</span> <span class='ocrx_word' id='word_1_177' title='bbox 1083 827 1299 864; x_wconf 77' lang='lat' dir='ltr'>Gadaldinus.</span> <span class='ocrx_word' id='word_1_178' title='bbox 1325 848 1374 855; x_wconf 88' lang='lat'>-—</span> <span class='ocrx_word' id='word_1_179' title='bbox 1402 830 1526 864; x_wconf 79' lang='lat' dir='ltr'>Prodiit</span> <span class='ocrx_word' id='word_1_180' title='bbox 1548 832 1663 867; x_wconf 82' lang='lat' dir='ltr'>latine:</span> <span class='ocrx_word' id='word_1_181' title='bbox 1696 834 1764 868; x_wconf 74' lang='lat' dir='ltr'>Ga-</span> 
     </span>
     <span class='ocr_line' id='line_1_14' title="bbox 47 877 1764 931; baseline 0.003 -18"><span class='ocrx_word' id='word_1_182' title='bbox 47 878 109 913; x_wconf 72' lang='lat' dir='ltr'>lem&#39;</span> <span class='ocrx_word' id='word_1_183' title='bbox 129 877 323 915; x_wconf 64' lang='lat' dir='ltr'>dissectionis</span> <span class='ocrx_word' id='word_1_184' title='bbox 347 891 504 913; x_wconf 84' lang='lat' dir='ltr'>venarum</span> <span class='ocrx_word' id='word_1_185' title='bbox 528 881 793 925; x_wconf 30' lang='lat' dir='ltr'>arteriarumque.</span> <span class='ocrx_word' id='word_1_186' title='bbox 807 880 1097 913; x_wconf 82' lang='lat' dir='ltr'>commentarium.</span> <span class='ocrx_word' id='word_1_187' title='bbox 1151 878 1305 914; x_wconf 84' lang='lat' dir='ltr'>Eiusdem</span> <span class='ocrx_word' id='word_1_188' title='bbox 1327 877 1366 914; x_wconf 91' lang='lat' dir='ltr'>de</span> <span class='ocrx_word' id='word_1_189' title='bbox 1385 885 1492 916; x_wconf 86' lang='lat' dir='ltr'>neruis</span> <span class='ocrx_word' id='word_1_190' title='bbox 1515 883 1764 931; x_wconf 79' lang='lat' dir='ltr'>compendium.</span> 
     </span>
     <span class='ocr_line' id='line_1_15' title="bbox 48 928 1765 980; baseline 0.003 -16"><span class='ocrx_word' id='word_1_191' title='bbox 48 929 198 965; x_wconf 75' lang='lat' dir='ltr'>Antonio</span> <span class='ocrx_word' id='word_1_192' title='bbox 215 931 349 965; x_wconf 83' lang='lat' dir='ltr'>Fortolo</span> <span class='ocrx_word' id='word_1_193' title='bbox 367 932 550 977; x_wconf 83' lang='lat' dir='ltr'>interprete.</span> <span class='ocrx_word' id='word_1_194' title='bbox 575 928 669 965; x_wconf 74' lang='lat' dir='ltr'>Paris.</span> <span class='ocrx_word' id='word_1_195' title='bbox 693 932 767 972; x_wconf 84' lang='lat'>1526</span> <span class='ocrx_word' id='word_1_196' title='bbox 799 940 828 972; x_wconf 85' lang='lat'>4.</span> <span class='ocrx_word' id='word_1_197' title='bbox 881 931 1030 978; x_wconf 82' lang='lat' dir='ltr'>Repetita</span> <span class='ocrx_word' id='word_1_198' title='bbox 1051 929 1093 964; x_wconf 85' lang='lat' dir='ltr'>ess</span> <span class='ocrx_word' id='word_1_199' title='bbox 1115 943 1151 964; x_wconf 82' lang='lat' dir='ltr'>ea</span> <span class='ocrx_word' id='word_1_200' title='bbox 1172 930 1273 965; x_wconf 86' lang='lat' dir='ltr'>editio</span> <span class='ocrx_word' id='word_1_201' title='bbox 1294 929 1385 966; x_wconf 81' lang='lat' dir='ltr'>Basil.</span> <span class='ocrx_word' id='word_1_202' title='bbox 1407 944 1488 978; x_wconf 82' lang='lat'>¹5²9-</span> <span class='ocrx_word' id='word_1_203' title='bbox 1506 941 1538 974; x_wconf 88' lang='lat'>8.</span> <span class='ocrx_word' id='word_1_204' title='bbox 1564 932 1659 975; x_wconf 80' lang='lat' dir='ltr'>Paris.</span> <span class='ocrx_word' id='word_1_205' title='bbox 1677 939 1765 980; x_wconf 84' lang='lat'>1546.</span> 
     </span>
     <span class='ocr_line' id='line_1_16' title="bbox 47 978 1764 1028; baseline 0.004 -13"><span class='ocrx_word' id='word_1_206' title='bbox 47 978 111 1016; x_wconf 84' lang='lat' dir='ltr'>fol.</span> <span class='ocrx_word' id='word_1_207' title='bbox 128 985 147 1003; x_wconf 64' lang='lat'>²³</span> <span class='ocrx_word' id='word_1_208' title='bbox 167 1001 219 1008; x_wconf 90' lang='lat'>-</span> <span class='ocrx_word' id='word_1_209' title='bbox 244 982 368 1016; x_wconf 84' lang='lat' dir='ltr'>Prodiit</span> <span class='ocrx_word' id='word_1_210' title='bbox 394 984 489 1015; x_wconf 75' lang='lat' dir='ltr'>etiam</span> <span class='ocrx_word' id='word_1_211' title='bbox 511 993 585 1014; x_wconf 89' lang='lat' dir='ltr'>cum</span> <span class='ocrx_word' id='word_1_212' title='bbox 609 991 698 1027; x_wconf 84' lang='lat' dir='ltr'>parte</span> <span class='ocrx_word' id='word_1_213' title='bbox 719 983 946 1015; x_wconf 81' lang='lat' dir='ltr'>commentarii</span> <span class='ocrx_word' id='word_1_214' title='bbox 968 980 1008 1015; x_wconf 85' lang='lat' dir='ltr'>de</span> <span class='ocrx_word' id='word_1_215' title='bbox 1029 983 1083 1022; x_wconf 79' lang='lat' dir='ltr'>iis,</span> <span class='ocrx_word' id='word_1_216' title='bbox 1107 994 1189 1028; x_wconf 82' lang='lat' dir='ltr'>quae</span> <span class='ocrx_word' id='word_1_217' title='bbox 1210 981 1338 1018; x_wconf 87' lang='lat' dir='ltr'>medice</span> <span class='ocrx_word' id='word_1_218' title='bbox 1360 981 1444 1019; x_wconf 64' lang='lat' dir='ltr'>dieta</span> <span class='ocrx_word' id='word_1_219' title='bbox 1466 981 1539 1020; x_wconf 84' lang='lat' dir='ltr'>sunt</span> <span class='ocrx_word' id='word_1_220' title='bbox 1561 987 1597 1021; x_wconf 87' lang='lat' dir='ltr'>in</span> <span class='ocrx_word' id='word_1_221' title='bbox 1617 985 1764 1022; x_wconf 73' lang='lat' dir='ltr'>Platonis</span> 
     </span>
     <span class='ocr_line' id='line_1_17' title="bbox 47 1027 1450 1081; baseline -0.001 -13"><span class='ocrx_word' id='word_1_222' title='bbox 47 1033 204 1068; x_wconf 84' lang='lat' dir='ltr'>Timaeo.</span> <span class='ocrx_word' id='word_1_223' title='bbox 231 1031 337 1081; x_wconf 87' lang='lat' dir='ltr'>Lugd.</span> <span class='ocrx_word' id='word_1_224' title='bbox 356 1043 436 1077; x_wconf 85' lang='lat'>1550.</span> <span class='ocrx_word' id='word_1_225' title='bbox 458 1039 489 1072; x_wconf 86' lang='lat'>8.</span> <span class='ocrx_word' id='word_1_226' title='bbox 518 1043 548 1067; x_wconf 88' lang='lat' dir='ltr'>et</span> <span class='ocrx_word' id='word_1_227' title='bbox 571 1045 648 1066; x_wconf 83' lang='lat' dir='ltr'>cum</span> <span class='ocrx_word' id='word_1_228' title='bbox 671 1032 739 1066; x_wconf 80' lang='lat' dir='ltr'>aliis</span> <span class='ocrx_word' id='word_1_229' title='bbox 762 1031 888 1066; x_wconf 82' lang='lat' dir='ltr'>libellis.</span> <span class='ocrx_word' id='word_1_230' title='bbox 911 1031 987 1066; x_wconf 87' lang='lat' dir='ltr'>ibid.</span> <span class='ocrx_word' id='word_1_231' title='bbox 1005 1034 1146 1077; x_wconf 80' lang='lat'>1551.16.</span> <span class='ocrx_word' id='word_1_232' title='bbox 1447 1027 1450 1030; x_wconf 52' lang='grc'>’</span> 
     </span>
    </p>
   </div>
   <div class='ocr_carea' id='block_1_3' title="bbox 153 1114 1765 1172">
    <p class='ocr_par' dir='ltr' id='par_1_3' title="bbox 153 1114 1765 1172">
     <span class='ocr_line' id='line_1_18' title="bbox 153 1114 1765 1172; baseline 0.004 -19"><span class='ocrx_word' id='word_1_233' title='bbox 153 1130 201 1165; x_wconf 81' lang='lat'>19.</span> <span class='ocrx_word' id='word_1_234' title='bbox 227 1117 309 1169; x_wconf 66' lang='grc' dir='ltr'>Περὶ</span> <span class='ocrx_word' id='word_1_235' title='bbox 329 1114 440 1167; x_wconf 66' lang='grc' dir='ltr'><em>νεύρων</em></span> <span class='ocrx_word' id='word_1_236' title='bbox 464 1114 652 1165; x_wconf 60' lang='grc' dir='ltr'><strong>ἀνατομῆς.</strong></span> <span class='ocrx_word' id='word_1_237' title='bbox 672 1151 677 1156; x_wconf 85' lang='grc'><strong>,</strong></span> <span class='ocrx_word' id='word_1_238' title='bbox 710 1117 766 1152; x_wconf 78' lang='lat' dir='ltr'>De</span> <span class='ocrx_word' id='word_1_239' title='bbox 788 1129 958 1151; x_wconf 80' lang='lat' dir='ltr'>neruorum</span> <span class='ocrx_word' id='word_1_240' title='bbox 988 1116 1172 1164; x_wconf 52' lang='lat' dir='ltr'>diff-stione.</span> <span class='ocrx_word' id='word_1_241' title='bbox 1229 1118 1338 1154; x_wconf 68' lang='lat' dir='ltr'>Exstat</span> <span class='ocrx_word' id='word_1_242' title='bbox 1358 1123 1392 1156; x_wconf 87' lang='lat' dir='ltr'>in</span> <span class='ocrx_word' id='word_1_243' title='bbox 1412 1118 1485 1156; x_wconf 90' lang='lat' dir='ltr'>edit.</span> <span class='ocrx_word' id='word_1_244' title='bbox 1508 1121 1616 1165; x_wconf 87' lang='lat' dir='ltr'>Aldin.</span> <span class='ocrx_word' id='word_1_245' title='bbox 1639 1133 1721 1172; x_wconf 86' lang='lat' dir='ltr'>part.</span> <span class='ocrx_word' id='word_1_246' title='bbox 1738 1125 1765 1162; x_wconf 81' lang='grc' dir='ltr'>Ι.</span> 
     </span>
    </p>
   </div>
   <div class='ocr_carea' id='block_1_4' title="bbox 49 1166 1768 1270">
    <p class='ocr_par' dir='ltr' id='par_1_4' title="bbox 49 1166 1768 1270">
     <span class='ocr_line' id='line_1_19' title="bbox 49 1166 1765 1221; baseline 0.002 -15"><span class='ocrx_word' id='word_1_247' title='bbox 49 1167 111 1206; x_wconf 83' lang='lat' dir='ltr'>fol.</span> <span class='ocrx_word' id='word_1_248' title='bbox 127 1183 179 1217; x_wconf 86' lang='lat'>93.</span> <span class='ocrx_word' id='word_1_249' title='bbox 214 1172 247 1205; x_wconf 90' lang='lat' dir='ltr'>in</span> <span class='ocrx_word' id='word_1_250' title='bbox 269 1183 383 1218; x_wconf 79' lang='lat' dir='ltr'>graeca</span> <span class='ocrx_word' id='word_1_251' title='bbox 409 1167 496 1203; x_wconf 83' lang='lat' dir='ltr'>Basil.</span> <span class='ocrx_word' id='word_1_252' title='bbox 521 1178 602 1217; x_wconf 85' lang='lat' dir='ltr'>part.</span> <span class='ocrx_word' id='word_1_253' title='bbox 620 1170 642 1203; x_wconf 89' lang='lat' dir='ltr'>l.</span> <span class='ocrx_word' id='word_1_254' title='bbox 664 1181 738 1216; x_wconf 88' lang='lat' dir='ltr'>pag.</span> <span class='ocrx_word' id='word_1_255' title='bbox 754 1181 828 1212; x_wconf 87' lang='lat'>204.</span> <span class='ocrx_word' id='word_1_256' title='bbox 861 1170 893 1202; x_wconf 90' lang='lat' dir='ltr'>in</span> <span class='ocrx_word' id='word_1_257' title='bbox 915 1166 987 1202; x_wconf 83' lang='lat' dir='ltr'>edit.</span> <span class='ocrx_word' id='word_1_258' title='bbox 1010 1170 1172 1203; x_wconf 81' lang='lat' dir='ltr'>Charterii</span> <span class='ocrx_word' id='word_1_259' title='bbox 1197 1172 1349 1205; x_wconf 87' lang='lat' dir='ltr'>tom.1V.</span> <span class='ocrx_word' id='word_1_260' title='bbox 1376 1185 1452 1220; x_wconf 85' lang='lat' dir='ltr'><strong>pag.</strong></span> <span class='ocrx_word' id='word_1_261' title='bbox 1467 1184 1532 1215; x_wconf 82' lang='lat'>241.</span> <span class='ocrx_word' id='word_1_262' title='bbox 1568 1176 1602 1209; x_wconf 86' lang='lat' dir='ltr'>in</span> <span class='ocrx_word' id='word_1_263' title='bbox 1629 1173 1765 1221; x_wconf 81' lang='lat' dir='ltr'>septima</span> 
     </span>
     <span class='ocr_line' id='line_1_20' title="bbox 51 1217 1768 1270; baseline 0.003 -14"><span class='ocrx_word' id='word_1_264' title='bbox 51 1223 222 1258; x_wconf 79' lang='lat' dir='ltr'>Iuntarum</span> <span class='ocrx_word' id='word_1_265' title='bbox 251 1218 337 1256; x_wconf 81' lang='lat' dir='ltr'>claff-</span> <span class='ocrx_word' id='word_1_266' title='bbox 357 1223 380 1255; x_wconf 93' lang='lat'>1.</span> <span class='ocrx_word' id='word_1_267' title='bbox 401 1217 461 1255; x_wconf 89' lang='lat' dir='ltr'>fol.</span> <span class='ocrx_word' id='word_1_268' title='bbox 478 1230 522 1263; x_wconf 84' lang='lat'>53.</span> <span class='ocrx_word' id='word_1_269' title='bbox 584 1219 732 1253; x_wconf 70' lang='lat' dir='ltr'>Ressituit</span> <span class='ocrx_word' id='word_1_270' title='bbox 755 1221 942 1254; x_wconf 84' lang='lat' dir='ltr'>Charterius</span> <span class='ocrx_word' id='word_1_271' title='bbox 969 1232 1126 1267; x_wconf 84' lang='lat' dir='ltr'>graecum</span> <span class='ocrx_word' id='word_1_272' title='bbox 1154 1229 1299 1262; x_wconf 84' lang='lat' dir='ltr'>textum,</span> <span class='ocrx_word' id='word_1_273' title='bbox 1340 1226 1396 1270; x_wconf 90' lang='lat' dir='ltr'>qui</span> <span class='ocrx_word' id='word_1_274' title='bbox 1422 1224 1578 1259; x_wconf 65' lang='lat' dir='ltr'>haetenus</span> <span class='ocrx_word' id='word_1_275' title='bbox 1608 1224 1768 1269; x_wconf 79' lang='lat' dir='ltr'>defuerat,</span> 
     </span>
    </p>
   </div>
   <div class='ocr_carea' id='block_1_5' title="bbox 0 1269 1781 2042">
    <p class='ocr_par' dir='ltr' id='par_1_5' title="bbox 50 1269 1768 1428">
     <span class='ocr_line' id='line_1_21' title="bbox 50 1269 1768 1322; baseline 0.002 -14"><span class='ocrx_word' id='word_1_276' title='bbox 50 1271 205 1308; x_wconf 82' lang='lat' dir='ltr'>dimidiae</span> <span class='ocrx_word' id='word_1_277' title='bbox 227 1273 325 1320; x_wconf 90' lang='lat' dir='ltr'>partis</span> <span class='ocrx_word' id='word_1_278' title='bbox 348 1272 459 1320; x_wconf 86' lang='lat' dir='ltr'>capitis</span> <span class='ocrx_word' id='word_1_279' title='bbox 478 1269 619 1311; x_wconf 78' lang='lat' dir='ltr'>decimi,</span> <span class='ocrx_word' id='word_1_280' title='bbox 653 1271 765 1317; x_wconf 77' lang='lat' dir='ltr'>capitis</span> <span class='ocrx_word' id='word_1_281' title='bbox 789 1269 974 1311; x_wconf 85' lang='lat' dir='ltr'>vndecimi,</span> <span class='ocrx_word' id='word_1_282' title='bbox 1006 1269 1210 1312; x_wconf 84' lang='lat' dir='ltr'>duodecimi,</span> <span class='ocrx_word' id='word_1_283' title='bbox 1241 1284 1340 1320; x_wconf 88' lang='lat' dir='ltr'>vsque</span> <span class='ocrx_word' id='word_1_284' title='bbox 1362 1272 1402 1308; x_wconf 88' lang='lat' dir='ltr'>ad</span> <span class='ocrx_word' id='word_1_285' title='bbox 1426 1286 1522 1322; x_wconf 89' lang='lat' dir='ltr'>caput</span> <span class='ocrx_word' id='word_1_286' title='bbox 1546 1274 1712 1312; x_wconf 88' lang='lat' dir='ltr'>decimum</span> <span class='ocrx_word' id='word_1_287' title='bbox 1735 1286 1768 1312; x_wconf 84' lang='lat' dir='ltr'>et</span> 
     </span>
     <span class='ocr_line' id='line_1_22' title="bbox 50 1321 1764 1377; baseline 0.003 -18"><span class='ocrx_word' id='word_1_288' title='bbox 50 1321 239 1374; x_wconf 87' lang='lat' dir='ltr'>septimum.</span> <span class='ocrx_word' id='word_1_289' title='bbox 292 1325 378 1358; x_wconf 88' lang='lat' dir='ltr'>Citat</span> <span class='ocrx_word' id='word_1_290' title='bbox 400 1334 478 1357; x_wconf 87' lang='lat' dir='ltr'>eum</span> <span class='ocrx_word' id='word_1_291' title='bbox 498 1321 616 1357; x_wconf 85' lang='lat' dir='ltr'>librum</span> <span class='ocrx_word' id='word_1_292' title='bbox 639 1322 799 1361; x_wconf 76' lang='lat' dir='ltr'>Galenus,</span> <span class='ocrx_word' id='word_1_293' title='bbox 826 1334 884 1356; x_wconf 91' lang='lat' dir='ltr'>ceu</span> <span class='ocrx_word' id='word_1_294' title='bbox 907 1323 1099 1369; x_wconf 74' lang='lat' dir='ltr'>proprium,</span> <span class='ocrx_word' id='word_1_295' title='bbox 1126 1324 1160 1356; x_wconf 91' lang='lat' dir='ltr'>in</span> <span class='ocrx_word' id='word_1_296' title='bbox 1182 1322 1267 1358; x_wconf 90' lang='lat' dir='ltr'>libro</span> <span class='ocrx_word' id='word_1_297' title='bbox 1291 1322 1332 1358; x_wconf 94' lang='lat' dir='ltr'>de</span> <span class='ocrx_word' id='word_1_298' title='bbox 1354 1323 1442 1359; x_wconf 87' lang='lat' dir='ltr'>libris</span> <span class='ocrx_word' id='word_1_299' title='bbox 1463 1330 1624 1376; x_wconf 87' lang='lat' dir='ltr'>propriis,</span> <span class='ocrx_word' id='word_1_300' title='bbox 1650 1341 1720 1377; x_wconf 86' lang='lat' dir='ltr'>cap.</span> <span class='ocrx_word' id='word_1_301' title='bbox 1735 1340 1764 1371; x_wconf 85' lang='lat'>3.</span> 
     </span>
     <span class='ocr_line' id='line_1_23' title="bbox 53 1372 1766 1428; baseline 0.002 -17"><span class='ocrx_word' id='word_1_302' title='bbox 53 1386 84 1412; x_wconf 86' lang='lat' dir='ltr'>et</span> <span class='ocrx_word' id='word_1_303' title='bbox 106 1379 141 1410; x_wconf 89' lang='lat' dir='ltr'>in</span> <span class='ocrx_word' id='word_1_304' title='bbox 162 1386 229 1410; x_wconf 88' lang='lat' dir='ltr'>arte</span> <span class='ocrx_word' id='word_1_305' title='bbox 252 1373 378 1410; x_wconf 86' lang='lat' dir='ltr'>medica</span> <span class='ocrx_word' id='word_1_306' title='bbox 399 1387 468 1422; x_wconf 89' lang='lat' dir='ltr'>cap.</span> <span class='ocrx_word' id='word_1_307' title='bbox 484 1385 531 1418; x_wconf 84' lang='lat'>37.</span> <span class='ocrx_word' id='word_1_308' title='bbox 555 1385 628 1421; x_wconf 83' lang='lat' dir='ltr'>pag.</span> <span class='ocrx_word' id='word_1_309' title='bbox 647 1385 720 1415; x_wconf 85' lang='lat'>230.</span> <span class='ocrx_word' id='word_1_310' title='bbox 744 1383 826 1407; x_wconf 90' lang='lat' dir='ltr'>tom.</span> <span class='ocrx_word' id='word_1_311' title='bbox 842 1374 881 1407; x_wconf 85' lang='grc' dir='ltr'>Π.</span> <span class='ocrx_word' id='word_1_312' title='bbox 936 1372 986 1407; x_wconf 80' lang='lat' dir='ltr'>Ad</span> <span class='ocrx_word' id='word_1_313' title='bbox 1012 1376 1157 1420; x_wconf 89' lang='lat' dir='ltr'>optimos</span> <span class='ocrx_word' id='word_1_314' title='bbox 1184 1373 1302 1409; x_wconf 84' lang='lat' dir='ltr'>Galeni</span> <span class='ocrx_word' id='word_1_315' title='bbox 1323 1375 1423 1411; x_wconf 85' lang='lat' dir='ltr'>libros</span> <span class='ocrx_word' id='word_1_316' title='bbox 1447 1381 1601 1424; x_wconf 76' lang='lat' dir='ltr'>pertinet,</span> <span class='ocrx_word' id='word_1_317' title='bbox 1637 1382 1670 1414; x_wconf 81' lang='lat' dir='ltr'>in</span> <span class='ocrx_word' id='word_1_318' title='bbox 1696 1391 1766 1428; x_wconf 88' lang='lat' dir='ltr'>quo</span> 
     </span>
    </p>

    <p class='ocr_par' dir='ltr' id='par_1_6' title="bbox 0 1422 1781 2042">
     <span class='ocr_line' id='line_1_24' title="bbox 0 1422 1767 1477; baseline 0.002 -15"><span class='ocrx_word' id='word_1_319' title='bbox 0 1424 27 1466; x_wconf 65' lang='grc' dir='ltr'><strong>Β</strong></span> <span class='ocrx_word' id='word_1_320' title='bbox 52 1430 202 1477; x_wconf 84' lang='lat' dir='ltr'>primum</span> <span class='ocrx_word' id='word_1_321' title='bbox 226 1424 360 1461; x_wconf 86' lang='lat' dir='ltr'>sanioris</span> <span class='ocrx_word' id='word_1_322' title='bbox 383 1425 597 1473; x_wconf 86' lang='lat' dir='ltr'>neurologiae</span> <span class='ocrx_word' id='word_1_323' title='bbox 619 1424 782 1459; x_wconf 84' lang='lat' dir='ltr'>elementa</span> <span class='ocrx_word' id='word_1_324' title='bbox 805 1422 928 1459; x_wconf 83' lang='lat' dir='ltr'>fuerint</span> <span class='ocrx_word' id='word_1_325' title='bbox 949 1423 1075 1460; x_wconf 83' lang='lat' dir='ltr'>tradita.</span> <span class='ocrx_word' id='word_1_326' title='bbox 1127 1426 1290 1461; x_wconf 80' lang='lat' dir='ltr'>Homines</span> <span class='ocrx_word' id='word_1_327' title='bbox 1313 1435 1424 1463; x_wconf 83' lang='lat' dir='ltr'>tamen</span> <span class='ocrx_word' id='word_1_328' title='bbox 1446 1442 1515 1464; x_wconf 90' lang='lat' dir='ltr'>non</span> <span class='ocrx_word' id='word_1_329' title='bbox 1536 1428 1686 1473; x_wconf 71' lang='lat' dir='ltr'>insecust,</span> <span class='ocrx_word' id='word_1_330' title='bbox 1711 1428 1767 1465; x_wconf 86' lang='lat' dir='ltr'>sed</span> 
     </span>
     <span class='ocr_line' id='line_1_25' title="bbox 41 1473 1769 1530; baseline 0.001 -15"><span class='ocrx_word' id='word_1_331' title='bbox 41 1477 182 1520; x_wconf 68' lang='lat' dir='ltr'>fimitis,</span> <span class='ocrx_word' id='word_1_332' title='bbox 209 1488 240 1513; x_wconf 89' lang='lat' dir='ltr'>et</span> <span class='ocrx_word' id='word_1_333' title='bbox 254 1477 315 1512; x_wconf 88' lang='lat' dir='ltr'>alia</span> <span class='ocrx_word' id='word_1_334' title='bbox 330 1477 505 1518; x_wconf 80' lang='lat' dir='ltr'>animalia3</span> <span class='ocrx_word' id='word_1_335' title='bbox 531 1477 608 1511; x_wconf 91' lang='lat' dir='ltr'>hinc</span> <span class='ocrx_word' id='word_1_336' title='bbox 627 1473 777 1511; x_wconf 83' lang='lat' dir='ltr'>decursus</span> <span class='ocrx_word' id='word_1_337' title='bbox 798 1478 865 1511; x_wconf 86' lang='lat' dir='ltr'>eius</span> <span class='ocrx_word' id='word_1_338' title='bbox 882 1488 1082 1517; x_wconf 86' lang='lat' dir='ltr'>neruorum,</span> <span class='ocrx_word' id='word_1_339' title='bbox 1110 1479 1164 1524; x_wconf 91' lang='lat' dir='ltr'>qui</span> <span class='ocrx_word' id='word_1_340' title='bbox 1188 1480 1223 1512; x_wconf 87' lang='lat' dir='ltr'>in</span> <span class='ocrx_word' id='word_1_341' title='bbox 1244 1479 1384 1514; x_wconf 87' lang='lat' dir='ltr'>homine</span> <span class='ocrx_word' id='word_1_342' title='bbox 1402 1480 1574 1528; x_wconf 85' lang='lat' dir='ltr'>peculiaris</span> <span class='ocrx_word' id='word_1_343' title='bbox 1588 1481 1650 1523; x_wconf 80' lang='lat' dir='ltr'>est,</span> <span class='ocrx_word' id='word_1_344' title='bbox 1676 1485 1769 1530; x_wconf 83' lang='lat' dir='ltr'>igna-</span> 
     </span>
     <span class='ocr_line' id='line_1_26' title="bbox 54 1525 1769 1578; baseline 0.001 -12"><span class='ocrx_word' id='word_1_345' title='bbox 54 1543 119 1567; x_wconf 77' lang='lat' dir='ltr'>rus·</span> <span class='ocrx_word' id='word_1_346' title='bbox 171 1529 281 1565; x_wconf 84' lang='lat' dir='ltr'>Habet</span> <span class='ocrx_word' id='word_1_347' title='bbox 298 1532 364 1564; x_wconf 83' lang='lat' dir='ltr'>iarn</span> <span class='ocrx_word' id='word_1_348' title='bbox 384 1526 595 1564; x_wconf 75' lang='lat' dir='ltr'>accessorium</span> <span class='ocrx_word' id='word_1_349' title='bbox 612 1540 774 1570; x_wconf 86' lang='lat' dir='ltr'>neruum,</span> <span class='ocrx_word' id='word_1_350' title='bbox 799 1525 1059 1569; x_wconf 76' lang='lat' dir='ltr'>intercossalem‚</span> <span class='ocrx_word' id='word_1_351' title='bbox 1087 1528 1254 1577; x_wconf 83' lang='lat' dir='ltr'>aliosque,</span> <span class='ocrx_word' id='word_1_352' title='bbox 1279 1531 1393 1578; x_wconf 85' lang='lat' dir='ltr'>quibus</span> <span class='ocrx_word' id='word_1_353' title='bbox 1409 1530 1665 1575; x_wconf 78' lang='lat' dir='ltr'>demonstratur,</span> <span class='ocrx_word' id='word_1_354' title='bbox 1690 1546 1769 1568; x_wconf 83' lang='lat' dir='ltr'>eum</span> 
     </span>
     <span class='ocr_line' id='line_1_27' title="bbox 56 1576 1769 1632; baseline 0.002 -15"><span class='ocrx_word' id='word_1_355' title='bbox 56 1594 238 1618; x_wconf 87' lang='lat' dir='ltr'>neruorum</span> <span class='ocrx_word' id='word_1_356' title='bbox 261 1591 438 1616; x_wconf 83' lang='lat' dir='ltr'>anatomen</span> <span class='ocrx_word' id='word_1_357' title='bbox 459 1578 602 1615; x_wconf 86' lang='lat' dir='ltr'>subtilius</span> <span class='ocrx_word' id='word_1_358' title='bbox 621 1576 803 1614; x_wconf 86' lang='lat' dir='ltr'>excoluisse.</span> <span class='ocrx_word' id='word_1_359' title='bbox 827 1599 877 1605; x_wconf 89' lang='lat'>—</span> <span class='ocrx_word' id='word_1_360' title='bbox 905 1578 1045 1613; x_wconf 85' lang='lat' dir='ltr'>Codices</span> <span class='ocrx_word' id='word_1_361' title='bbox 1061 1579 1158 1615; x_wconf 87' lang='lat' dir='ltr'><strong>MSS.</strong></span> <span class='ocrx_word' id='word_1_362' title='bbox 1175 1582 1284 1627; x_wconf 78' lang='lat' dir='ltr'>graeci</span> <span class='ocrx_word' id='word_1_363' title='bbox 1306 1581 1429 1618; x_wconf 79' lang='lat' dir='ltr'>exstant</span> <span class='ocrx_word' id='word_1_364' title='bbox 1452 1585 1486 1618; x_wconf 88' lang='lat' dir='ltr'>in</span> <span class='ocrx_word' id='word_1_365' title='bbox 1506 1584 1655 1620; x_wconf 78' lang='lat' dir='ltr'>biblioth.</span> <span class='ocrx_word' id='word_1_366' title='bbox 1677 1583 1769 1632; x_wconf 87' lang='lat' dir='ltr'>publ.</span> 
     </span>
     <span class='ocr_line' id='line_1_28' title="bbox 54 1628 1769 1671; baseline 0 -2"><span class='ocrx_word' id='word_1_367' title='bbox 54 1632 148 1670; x_wconf 75' lang='lat' dir='ltr'>Paris.</span> <span class='ocrx_word' id='word_1_368' title='bbox 167 1628 459 1668; x_wconf 63' lang='lat' dir='ltr'>nrjMMCwa.</span> <span class='ocrx_word' id='word_1_369' title='bbox 473 1632 705 1666; x_wconf 79' lang='lat' dir='ltr'>MMCCXIX.</span> <span class='ocrx_word' id='word_1_370' title='bbox 730 1651 781 1657; x_wconf 88' lang='lat'>-—</span> <span class='ocrx_word' id='word_1_371' title='bbox 809 1631 986 1665; x_wconf 76' lang='lat' dir='ltr'>Hebraicus</span> <span class='ocrx_word' id='word_1_372' title='bbox 1010 1629 1109 1666; x_wconf 77' lang='lat' dir='ltr'>exstat</span> <span class='ocrx_word' id='word_1_373' title='bbox 1130 1632 1235 1666; x_wconf 85' lang='lat' dir='ltr'>codex</span> <span class='ocrx_word' id='word_1_374' title='bbox 1259 1646 1298 1667; x_wconf 84' lang='lat' dir='ltr'>ex</span> <span class='ocrx_word' id='word_1_375' title='bbox 1314 1633 1409 1669; x_wconf 84' lang='lat' dir='ltr'>Arab.</span> <span class='ocrx_word' id='word_1_376' title='bbox 1425 1632 1533 1671; x_wconf 90' lang='lat' dir='ltr'>versus</span> <span class='ocrx_word' id='word_1_377' title='bbox 1549 1650 1568 1670; x_wconf 90' lang='lat' dir='ltr'>a</span> <span class='ocrx_word' id='word_1_378' title='bbox 1583 1637 1626 1671; x_wconf 87' lang='lat' dir='ltr'>R.</span> <span class='ocrx_word' id='word_1_379' title='bbox 1644 1637 1769 1671; x_wconf 74' lang='lat' dir='ltr'>Chanin</span> 
     </span>
     <span class='ocr_line' id='line_1_29' title="bbox 56 1681 1772 1732; baseline -0.002 -12"><span class='ocrx_word' id='word_1_380' title='bbox 56 1687 113 1720; x_wconf 80' lang='lat' dir='ltr'>ben</span> <span class='ocrx_word' id='word_1_381' title='bbox 127 1684 219 1732; x_wconf 83' lang='lat' dir='ltr'><em>Isaac</em></span> <span class='ocrx_word' id='word_1_382' title='bbox 236 1687 271 1718; x_wconf 91' lang='lat' dir='ltr'>in</span> <span class='ocrx_word' id='word_1_383' title='bbox 291 1683 438 1719; x_wconf 88' lang='lat' dir='ltr'>biblioth.</span> <span class='ocrx_word' id='word_1_384' title='bbox 452 1681 575 1718; x_wconf 82' lang='lat' dir='ltr'>Caesar.</span> <span class='ocrx_word' id='word_1_385' title='bbox 594 1683 635 1718; x_wconf 95' lang='lat' dir='ltr'><em>V</em></span> <span class='ocrx_word' id='word_1_386' title='bbox 633 1683 832 1730; x_wconf 80' lang='lat' dir='ltr'>indobonenfi</span> <span class='ocrx_word' id='word_1_387' title='bbox 844 1681 996 1717; x_wconf 88' lang='lat' dir='ltr'>Lambec.</span> <span class='ocrx_word' id='word_1_388' title='bbox 1014 1681 1085 1716; x_wconf 91' lang='lat' dir='ltr'>edit.</span> <span class='ocrx_word' id='word_1_389' title='bbox 1105 1683 1228 1718; x_wconf 83' lang='lat' dir='ltr'>Kollar.</span> <span class='ocrx_word' id='word_1_390' title='bbox 1243 1685 1267 1718; x_wconf 91' lang='grc' dir='ltr'>Ι.</span> <span class='ocrx_word' id='word_1_391' title='bbox 1282 1697 1357 1732; x_wconf 81' lang='lat' dir='ltr'>pag.</span> <span class='ocrx_word' id='word_1_392' title='bbox 1370 1698 1441 1730; x_wconf 84' lang='lat'><strong>¹90·</strong></span> <span class='ocrx_word' id='word_1_393' title='bbox 1467 1707 1520 1713; x_wconf 92' lang='lat'>—-</span> <span class='ocrx_word' id='word_1_394' title='bbox 1548 1689 1665 1722; x_wconf 80' lang='lat' dir='ltr'>Graece</span> <span class='ocrx_word' id='word_1_395' title='bbox 1686 1684 1772 1722; x_wconf 85' lang='lat' dir='ltr'>seor.</span> 
     </span>
     <span class='ocr_line' id='line_1_30' title="bbox 56 1732 1771 1786; baseline 0.001 -14"><span class='ocrx_word' id='word_1_396' title='bbox 56 1734 119 1772; x_wconf 76' lang='lat' dir='ltr'>sim</span> <span class='ocrx_word' id='word_1_397' title='bbox 142 1749 213 1772; x_wconf 88' lang='lat' dir='ltr'>non</span> <span class='ocrx_word' id='word_1_398' title='bbox 232 1733 370 1783; x_wconf 82' lang='lat' dir='ltr'>prodiit,</span> <span class='ocrx_word' id='word_1_399' title='bbox 398 1734 495 1770; x_wconf 82' lang='lat' dir='ltr'>latine</span> <span class='ocrx_word' id='word_1_400' title='bbox 520 1747 617 1776; x_wconf 78' lang='lat' dir='ltr'>ver03</span> <span class='ocrx_word' id='word_1_401' title='bbox 653 1735 770 1769; x_wconf 84' lang='lat' dir='ltr'>Galem·</span> <span class='ocrx_word' id='word_1_402' title='bbox 796 1732 990 1769; x_wconf 69' lang='lat' dir='ltr'>disseffionis</span> <span class='ocrx_word' id='word_1_403' title='bbox 1015 1746 1173 1769; x_wconf 87' lang='lat' dir='ltr'>venarum</span> <span class='ocrx_word' id='word_1_404' title='bbox 1202 1739 1461 1786; x_wconf 85' lang='lat' dir='ltr'>arteriarumque</span> <span class='ocrx_word' id='word_1_405' title='bbox 1481 1741 1771 1774; x_wconf 85' lang='lat' dir='ltr'>commentarium.</span> 
     </span>
     <span class='ocr_line' id='line_1_31' title="bbox 38 1784 1774 1838; baseline 0 -14"><span class='ocrx_word' id='word_1_406' title='bbox 38 1786 216 1824; x_wconf 75' lang='lat' dir='ltr'>&#39;Eiusdem</span> <span class='ocrx_word' id='word_1_407' title='bbox 243 1786 283 1822; x_wconf 87' lang='lat' dir='ltr'>de</span> <span class='ocrx_word' id='word_1_408' title='bbox 303 1789 410 1822; x_wconf 85' lang='lat' dir='ltr'>neruis</span> <span class='ocrx_word' id='word_1_409' title='bbox 436 1785 682 1834; x_wconf 88' lang='lat' dir='ltr'>compendium.</span> <span class='ocrx_word' id='word_1_410' title='bbox 736 1784 879 1819; x_wconf 84' lang='lat' dir='ltr'>Antonio</span> <span class='ocrx_word' id='word_1_411' title='bbox 894 1785 1031 1820; x_wconf 79' lang='lat' dir='ltr'>Fortolo</span> <span class='ocrx_word' id='word_1_412' title='bbox 1054 1788 1238 1834; x_wconf 87' lang='lat' dir='ltr'>interprete.</span> <span class='ocrx_word' id='word_1_413' title='bbox 1272 1785 1366 1823; x_wconf 81' lang='lat' dir='ltr'>Paris.</span> <span class='ocrx_word' id='word_1_414' title='bbox 1393 1792 1478 1831; x_wconf 82' lang='lat'>1526.</span> <span class='ocrx_word' id='word_1_415' title='bbox 1503 1792 1565 1832; x_wconf 69' lang='lat'>4*</span> <span class='ocrx_word' id='word_1_416' title='bbox 1623 1791 1774 1838; x_wconf 87' lang='lat' dir='ltr'>Repetita</span> 
     </span>
     <span class='ocr_line' id='line_1_32' title="bbox 59 1834 1781 1885; baseline 0.001 -11"><span class='ocrx_word' id='word_1_417' title='bbox 59 1838 105 1874; x_wconf 86' lang='lat' dir='ltr'>est</span> <span class='ocrx_word' id='word_1_418' title='bbox 133 1852 171 1874; x_wconf 84' lang='lat' dir='ltr'>ea</span> <span class='ocrx_word' id='word_1_419' title='bbox 192 1837 291 1873; x_wconf 77' lang='lat' dir='ltr'>editio</span> <span class='ocrx_word' id='word_1_420' title='bbox 307 1837 398 1874; x_wconf 85' lang='lat' dir='ltr'>Basil.</span> <span class='ocrx_word' id='word_1_421' title='bbox 415 1849 502 1883; x_wconf 79' lang='lat'>¹5²9·</span> <span class='ocrx_word' id='word_1_422' title='bbox 519 1845 550 1877; x_wconf 90' lang='lat'>8.</span> <span class='ocrx_word' id='word_1_423' title='bbox 573 1835 669 1872; x_wconf 78' lang='lat' dir='ltr'>Paris.</span> <span class='ocrx_word' id='word_1_424' title='bbox 686 1839 771 1881; x_wconf 83' lang='lat'>1546.</span> <span class='ocrx_word' id='word_1_425' title='bbox 790 1834 851 1872; x_wconf 82' lang='lat' dir='ltr'>sol.</span> <span class='ocrx_word' id='word_1_426' title='bbox 869 1836 886 1856; x_wconf 84' lang='lat'><strong>*</strong></span> <span class='ocrx_word' id='word_1_427' title='bbox 911 1856 963 1863; x_wconf 91' lang='lat'>—</span> <span class='ocrx_word' id='word_1_428' title='bbox 988 1835 1112 1871; x_wconf 88' lang='lat' dir='ltr'>Prodiit</span> <span class='ocrx_word' id='word_1_429' title='bbox 1131 1840 1228 1873; x_wconf 86' lang='lat' dir='ltr'>etiam</span> <span class='ocrx_word' id='word_1_430' title='bbox 1250 1839 1364 1879; x_wconf 79' lang='lat' dir='ltr'>latine,</span> <span class='ocrx_word' id='word_1_431' title='bbox 1387 1838 1572 1885; x_wconf 78' lang='lat' dir='ltr'>Augustino</span> <span class='ocrx_word' id='word_1_432' title='bbox 1589 1841 1781 1875; x_wconf 61' lang='lat' dir='ltr'>Gadalciino‘</span> 
     </span>
     <span class='ocr_line' id='line_1_33' title="bbox 60 1886 1774 1936; baseline 0.001 -11"><span class='ocrx_word' id='word_1_433' title='bbox 60 1893 236 1936; x_wconf 83' lang='lat' dir='ltr'>interprete</span> <span class='ocrx_word' id='word_1_434' title='bbox 257 1901 334 1923; x_wconf 88' lang='lat' dir='ltr'>cum</span> <span class='ocrx_word' id='word_1_435' title='bbox 358 1889 428 1924; x_wconf 87' lang='lat' dir='ltr'>libr.</span> <span class='ocrx_word' id='word_1_436' title='bbox 451 1888 492 1923; x_wconf 91' lang='lat' dir='ltr'>de</span> <span class='ocrx_word' id='word_1_437' title='bbox 513 1887 613 1922; x_wconf 87' lang='lat' dir='ltr'>muse.</span> <span class='ocrx_word' id='word_1_438' title='bbox 636 1886 755 1923; x_wconf 67' lang='lat' dir='ltr'>dissec‘h</span> <span class='ocrx_word' id='word_1_439' title='bbox 777 1887 818 1922; x_wconf 88' lang='lat' dir='ltr'>de</span> <span class='ocrx_word' id='word_1_440' title='bbox 839 1887 1005 1922; x_wconf 85' lang='lat' dir='ltr'>vocalium</span> <span class='ocrx_word' id='word_1_441' title='bbox 1029 1887 1320 1923; x_wconf 76' lang='lat' dir='ltr'>instrumentorum</span> <span class='ocrx_word' id='word_1_442' title='bbox 1344 1888 1465 1926; x_wconf 66' lang='lat' dir='ltr'>dissect.</span> <span class='ocrx_word' id='word_1_443' title='bbox 1490 1901 1520 1925; x_wconf 89' lang='lat' dir='ltr'>et</span> <span class='ocrx_word' id='word_1_444' title='bbox 1542 1891 1621 1927; x_wconf 79' lang='lat' dir='ltr'>aliis,</span> <span class='ocrx_word' id='word_1_445' title='bbox 1676 1893 1774 1926; x_wconf 89' lang='lat' dir='ltr'>Titu-</span> 
     </span>
     <span class='ocr_line' id='line_1_34' title="bbox 61 1936 1772 1993; baseline 0.001 -16"><span class='ocrx_word' id='word_1_446' title='bbox 61 1940 132 1977; x_wconf 89' lang='lat' dir='ltr'>lum</span> <span class='ocrx_word' id='word_1_447' title='bbox 153 1939 228 1976; x_wconf 87' lang='lat' dir='ltr'>dedi</span> <span class='ocrx_word' id='word_1_448' title='bbox 250 1939 386 1988; x_wconf 90' lang='lat' dir='ltr'>plenum</span> <span class='ocrx_word' id='word_1_449' title='bbox 404 1942 437 1973; x_wconf 90' lang='lat' dir='ltr'>in</span> <span class='ocrx_word' id='word_1_450' title='bbox 458 1936 578 1974; x_wconf 89' lang='lat' dir='ltr'>recens.</span> <span class='ocrx_word' id='word_1_451' title='bbox 600 1938 670 1973; x_wconf 88' lang='lat' dir='ltr'>libri</span> <span class='ocrx_word' id='word_1_452' title='bbox 695 1938 736 1973; x_wconf 88' lang='lat' dir='ltr'>de</span> <span class='ocrx_word' id='word_1_453' title='bbox 757 1938 922 1972; x_wconf 82' lang='lat' dir='ltr'>vocalium</span> <span class='ocrx_word' id='word_1_454' title='bbox 945 1937 1188 1975; x_wconf 82' lang='lat' dir='ltr'>instrumentor.</span> <span class='ocrx_word' id='word_1_455' title='bbox 1211 1937 1413 1977; x_wconf 67' lang='lat' dir='ltr'>dissectione.</span> <span class='ocrx_word' id='word_1_456' title='bbox 1437 1962 1486 1969; x_wconf 92' lang='lat'><strong>—</strong></span> <span class='ocrx_word' id='word_1_457' title='bbox 1512 1941 1674 1979; x_wconf 86' lang='lat' dir='ltr'>Libellum</span> <span class='ocrx_word' id='word_1_458' title='bbox 1696 1941 1772 1993; x_wconf 57' lang='grc' dir='ltr'>περὶ</span> 
     </span>
     <span class='ocr_line' id='line_1_35' title="bbox 63 1983 1463 2042; baseline -0.004 -11"><span class='ocrx_word' id='word_1_459' title='bbox 63 1989 174 2042; x_wconf 65' lang='grc' dir='ltr'>νεύρων</span> <span class='ocrx_word' id='word_1_460' title='bbox 193 1987 350 2040; x_wconf 56' lang='grc' dir='ltr'>διανομῆς</span> <span class='ocrx_word' id='word_1_461' title='bbox 372 1991 538 2040; x_wconf 69' lang='lat' dir='ltr'>Oribqfius</span> <span class='ocrx_word' id='word_1_462' title='bbox 560 2003 599 2025; x_wconf 89' lang='lat' dir='ltr'>ex</span> <span class='ocrx_word' id='word_1_463' title='bbox 625 1991 692 2024; x_wconf 89' lang='lat' dir='ltr'>hoc</span> <span class='ocrx_word' id='word_1_464' title='bbox 709 1992 853 2025; x_wconf 86' lang='lat' dir='ltr'>maxime</span> <span class='ocrx_word' id='word_1_465' title='bbox 868 1987 983 2023; x_wconf 87' lang='lat' dir='ltr'>Galeni</span> <span class='ocrx_word' id='word_1_466' title='bbox 1002 1988 1089 2024; x_wconf 92' lang='lat' dir='ltr'>libro</span> <span class='ocrx_word' id='word_1_467' title='bbox 1110 1988 1304 2038; x_wconf 87' lang='lat' dir='ltr'>composuit.</span> <span class='ocrx_word' id='word_1_468' title='bbox 1445 1983 1463 2005; x_wconf 67' lang='lat'><strong><em>⁴</em></strong></span> 
     </span>
    </p>
   </div>
   <div class='ocr_carea' id='block_1_6' title="bbox 46 2063 1777 2424">
    <p class='ocr_par' dir='ltr' id='par_1_7' title="bbox 66 2063 1777 2324">
     <span class='ocr_line' id='line_1_36' title="bbox 164 2063 1775 2116; baseline 0.002 -13"><span class='ocrx_word' id='word_1_469' title='bbox 164 2081 218 2104; x_wconf 80' lang='lat'>20.</span> <span class='ocrx_word' id='word_1_470' title='bbox 245 2068 302 2103; x_wconf 81' lang='lat' dir='ltr'>Dc</span> <span class='ocrx_word' id='word_1_471' title='bbox 322 2068 536 2115; x_wconf 78' lang='lat' dir='ltr'>musculorum</span> <span class='ocrx_word' id='word_1_472' title='bbox 557 2065 746 2113; x_wconf 73' lang='lat' dir='ltr'>diffeHione,</span> <span class='ocrx_word' id='word_1_473' title='bbox 781 2066 819 2100; x_wconf 85' lang='lat' dir='ltr'>ab</span> <span class='ocrx_word' id='word_1_474' title='bbox 841 2063 1022 2113; x_wconf 77' lang='lat' dir='ltr'>Augustino</span> <span class='ocrx_word' id='word_1_475' title='bbox 1037 2064 1221 2103; x_wconf 82' lang='lat' dir='ltr'>Gadaldino</span> <span class='ocrx_word' id='word_1_476' title='bbox 1245 2081 1285 2103; x_wconf 88' lang='lat' dir='ltr'>ex</span> <span class='ocrx_word' id='word_1_477' title='bbox 1306 2081 1427 2116; x_wconf 87' lang='lat' dir='ltr'>graeco</span> <span class='ocrx_word' id='word_1_478' title='bbox 1453 2066 1559 2105; x_wconf 86' lang='lat' dir='ltr'>versus</span> <span class='ocrx_word' id='word_1_479' title='bbox 1578 2069 1660 2105; x_wconf 90' lang='lat' dir='ltr'>liber</span> <span class='ocrx_word' id='word_1_480' title='bbox 1681 2080 1711 2106; x_wconf 88' lang='lat' dir='ltr'>et</span> <span class='ocrx_word' id='word_1_481' title='bbox 1735 2071 1775 2106; x_wconf 81' lang='lat' dir='ltr'>ab</span> 
     </span>
     <span class='ocr_line' id='line_1_37' title="bbox 66 2114 1777 2168; baseline 0.001 -11"><span class='ocrx_word' id='word_1_482' title='bbox 66 2119 184 2158; x_wconf 86' lang='lat' dir='ltr'>eodem</span> <span class='ocrx_word' id='word_1_483' title='bbox 206 2118 360 2168; x_wconf 74' lang='lat' dir='ltr'>exquisite</span> <span class='ocrx_word' id='word_1_484' title='bbox 382 2120 570 2167; x_wconf 87' lang='lat' dir='ltr'>recognitus</span> <span class='ocrx_word' id='word_1_485' title='bbox 588 2118 631 2153; x_wconf 80' lang='lat' dir='ltr'>est</span> <span class='ocrx_word' id='word_1_486' title='bbox 649 2120 684 2152; x_wconf 88' lang='lat' dir='ltr'>in</span> <span class='ocrx_word' id='word_1_487' title='bbox 699 2114 835 2165; x_wconf 79' lang='lat' dir='ltr'>septima</span> <span class='ocrx_word' id='word_1_488' title='bbox 848 2120 1016 2152; x_wconf 83' lang='lat' dir='ltr'>luntarum</span> <span class='ocrx_word' id='word_1_489' title='bbox 1037 2116 1110 2154; x_wconf 88' lang='lat' dir='ltr'>edit.</span> <span class='ocrx_word' id='word_1_490' title='bbox 1134 2120 1167 2154; x_wconf 91' lang='lat' dir='ltr'>in</span> <span class='ocrx_word' id='word_1_491' title='bbox 1185 2118 1271 2155; x_wconf 79' lang='lat' dir='ltr'>class.</span> <span class='ocrx_word' id='word_1_492' title='bbox 1287 2121 1310 2154; x_wconf 84' lang='grc' dir='ltr'>Ι.</span> <span class='ocrx_word' id='word_1_493' title='bbox 1331 2117 1391 2155; x_wconf 86' lang='lat' dir='ltr'>fol.</span> <span class='ocrx_word' id='word_1_494' title='bbox 1411 2132 1465 2163; x_wconf 78' lang='grc'>44.</span> <span class='ocrx_word' id='word_1_495' title='bbox 1514 2123 1629 2158; x_wconf 84' lang='lat' dir='ltr'>Latine</span> <span class='ocrx_word' id='word_1_496' title='bbox 1649 2132 1777 2158; x_wconf 81' lang='lat' dir='ltr'>tantum</span> 
     </span>
     <span class='ocr_line' id='line_1_38' title="bbox 66 2165 1776 2220; baseline 0.001 -13"><span class='ocrx_word' id='word_1_497' title='bbox 66 2165 182 2214; x_wconf 68' lang='lat' dir='ltr'>exstat,</span> <span class='ocrx_word' id='word_1_498' title='bbox 207 2183 407 2220; x_wconf 74' lang='lat' dir='ltr'>graecusque</span> <span class='ocrx_word' id='word_1_499' title='bbox 428 2181 533 2206; x_wconf 86' lang='lat' dir='ltr'>textus</span> <span class='ocrx_word' id='word_1_500' title='bbox 555 2168 660 2205; x_wconf 82' lang='lat' dir='ltr'>adhuc</span> <span class='ocrx_word' id='word_1_501' title='bbox 683 2167 891 2204; x_wconf 85' lang='lat' dir='ltr'>desideratur.</span> <span class='ocrx_word' id='word_1_502' title='bbox 943 2170 1102 2203; x_wconf 84' lang='lat' dir='ltr'>Meminit</span> <span class='ocrx_word' id='word_1_503' title='bbox 1125 2170 1265 2206; x_wconf 83' lang='lat' dir='ltr'>Galenus</span> <span class='ocrx_word' id='word_1_504' title='bbox 1288 2174 1354 2206; x_wconf 85' lang='lat' dir='ltr'>eius</span> <span class='ocrx_word' id='word_1_505' title='bbox 1379 2170 1452 2206; x_wconf 88' lang='lat' dir='ltr'>libri</span> <span class='ocrx_word' id='word_1_506' title='bbox 1476 2174 1510 2206; x_wconf 90' lang='lat' dir='ltr'>in</span> <span class='ocrx_word' id='word_1_507' title='bbox 1531 2172 1604 2209; x_wconf 80' lang='lat' dir='ltr'>libr,</span> <span class='ocrx_word' id='word_1_508' title='bbox 1626 2173 1667 2209; x_wconf 89' lang='lat' dir='ltr'>de</span> <span class='ocrx_word' id='word_1_509' title='bbox 1687 2175 1776 2209; x_wconf 82' lang='lat' dir='ltr'>libris</span> 
     </span>
     <span class='ocr_line' id='line_1_39' title="bbox 67 2219 1776 2273; baseline 0.002 -15"><span class='ocrx_word' id='word_1_510' title='bbox 67 2225 209 2272; x_wconf 80' lang='lat' dir='ltr'>propriis</span> <span class='ocrx_word' id='word_1_511' title='bbox 232 2233 301 2271; x_wconf 86' lang='lat' dir='ltr'>cap.</span> <span class='ocrx_word' id='word_1_512' title='bbox 318 2236 344 2267; x_wconf 85' lang='lat'>3.</span> <span class='ocrx_word' id='word_1_513' title='bbox 365 2231 395 2257; x_wconf 89' lang='lat' dir='ltr'>et</span> <span class='ocrx_word' id='word_1_514' title='bbox 418 2224 452 2257; x_wconf 89' lang='lat' dir='ltr'>in</span> <span class='ocrx_word' id='word_1_515' title='bbox 477 2231 543 2256; x_wconf 87' lang='lat' dir='ltr'>arte</span> <span class='ocrx_word' id='word_1_516' title='bbox 560 2219 686 2256; x_wconf 74' lang='lat' dir='ltr'>medica</span> <span class='ocrx_word' id='word_1_517' title='bbox 705 2233 774 2267; x_wconf 87' lang='lat' dir='ltr'>cap.</span> <span class='ocrx_word' id='word_1_518' title='bbox 790 2232 838 2263; x_wconf 82' lang='lat'>37.</span> <span class='ocrx_word' id='word_1_519' title='bbox 862 2232 936 2268; x_wconf 86' lang='lat' dir='ltr'>pag.</span> <span class='ocrx_word' id='word_1_520' title='bbox 952 2232 1022 2263; x_wconf 83' lang='lat'>230.</span> <span class='ocrx_word' id='word_1_521' title='bbox 1045 2230 1127 2257; x_wconf 84' lang='lat' dir='ltr'>tom.</span> <span class='ocrx_word' id='word_1_522' title='bbox 1145 2222 1184 2256; x_wconf 86' lang='lat'>11.</span> <span class='ocrx_word' id='word_1_523' title='bbox 1234 2224 1376 2270; x_wconf 86' lang='lat' dir='ltr'>Scriptus</span> <span class='ocrx_word' id='word_1_524' title='bbox 1403 2222 1448 2258; x_wconf 87' lang='lat' dir='ltr'>est</span> <span class='ocrx_word' id='word_1_525' title='bbox 1473 2223 1512 2257; x_wconf 79' lang='lat' dir='ltr'>ab</span> <span class='ocrx_word' id='word_1_526' title='bbox 1534 2237 1574 2259; x_wconf 90' lang='lat' dir='ltr'>eo</span> <span class='ocrx_word' id='word_1_527' title='bbox 1603 2224 1674 2273; x_wconf 82' lang='lat' dir='ltr'>post</span> <span class='ocrx_word' id='word_1_528' title='bbox 1699 2239 1776 2261; x_wconf 90' lang='lat' dir='ltr'>con·</span> 
     </span>
     <span class='ocr_line' id='line_1_40' title="bbox 66 2270 1775 2324; baseline 0.001 -14"><span class='ocrx_word' id='word_1_529' title='bbox 66 2272 202 2324; x_wconf 82' lang='lat' dir='ltr'>scriptos</span> <span class='ocrx_word' id='word_1_530' title='bbox 227 2274 326 2309; x_wconf 89' lang='lat' dir='ltr'>libros</span> <span class='ocrx_word' id='word_1_531' title='bbox 354 2272 394 2309; x_wconf 88' lang='lat' dir='ltr'>de</span> <span class='ocrx_word' id='word_1_532' title='bbox 420 2275 611 2308; x_wconf 84' lang='lat' dir='ltr'>anatomicis</span> <span class='ocrx_word' id='word_1_533' title='bbox 639 2271 967 2307; x_wconf 77' lang='lat' dir='ltr'>administrationibus</span> <span class='ocrx_word' id='word_1_534' title='bbox 995 2281 1026 2307; x_wconf 90' lang='lat' dir='ltr'>et</span> <span class='ocrx_word' id='word_1_535' title='bbox 1052 2271 1093 2307; x_wconf 81' lang='lat' dir='ltr'>de</span> <span class='ocrx_word' id='word_1_536' title='bbox 1121 2270 1176 2308; x_wconf 92' lang='lat' dir='ltr'>vsu</span> <span class='ocrx_word' id='word_1_537' title='bbox 1201 2276 1354 2323; x_wconf 84' lang='lat' dir='ltr'>partium.</span> <span class='ocrx_word' id='word_1_538' title='bbox 1419 2276 1542 2322; x_wconf 85' lang='lat' dir='ltr'>Scopus</span> <span class='ocrx_word' id='word_1_539' title='bbox 1566 2273 1627 2310; x_wconf 89' lang='lat' dir='ltr'>fuit</span> <span class='ocrx_word' id='word_1_540' title='bbox 1645 2275 1775 2317; x_wconf 81' lang='lat' dir='ltr'>addere,</span> 
     </span>
    </p>

    <p class='ocr_par' dir='ltr' id='par_1_8' title="bbox 46 2322 1776 2424">
     <span class='ocr_line' id='line_1_41' title="bbox 46 2322 1775 2375; baseline 0.001 -15"><span class='ocrx_word' id='word_1_541' title='bbox 46 2322 49 2326; x_wconf 56' lang='lat'>¹</span> <span class='ocrx_word' id='word_1_542' title='bbox 70 2338 152 2375; x_wconf 88' lang='lat' dir='ltr'>quae</span> <span class='ocrx_word' id='word_1_543' title='bbox 171 2327 277 2369; x_wconf 89' lang='lat' dir='ltr'>Lycus</span> <span class='ocrx_word' id='word_1_544' title='bbox 298 2322 567 2373; x_wconf 75' lang='lat' dir='ltr'>praetermisisset.</span> <span class='ocrx_word' id='word_1_545' title='bbox 623 2325 802 2359; x_wconf 89' lang='lat' dir='ltr'>Simiarum</span> <span class='ocrx_word' id='word_1_546' title='bbox 825 2333 1002 2357; x_wconf 84' lang='lat' dir='ltr'>anatomen</span> <span class='ocrx_word' id='word_1_547' title='bbox 1022 2323 1136 2369; x_wconf 83' lang='lat' dir='ltr'>tradit,</span> <span class='ocrx_word' id='word_1_548' title='bbox 1170 2326 1315 2360; x_wconf 78' lang='lat' dir='ltr'>humana</span> <span class='ocrx_word' id='word_1_549' title='bbox 1334 2335 1446 2360; x_wconf 84' lang='lat' dir='ltr'>tamen</span> <span class='ocrx_word' id='word_1_550' title='bbox 1467 2339 1535 2361; x_wconf 90' lang='lat' dir='ltr'>non</span> <span class='ocrx_word' id='word_1_551' title='bbox 1554 2326 1701 2374; x_wconf 67' lang='lat' dir='ltr'>neglec&#39;ia</span> <span class='ocrx_word' id='word_1_552' title='bbox 1723 2340 1775 2375; x_wconf 85' lang='lat' dir='ltr'>pe·</span> 
     </span>
     <span class='ocr_line' id='line_1_42' title="bbox 72 2371 1776 2424; baseline 0.001 -13"><span class='ocrx_word' id='word_1_553' title='bbox 72 2379 166 2411; x_wconf 76' lang='lat' dir='ltr'>nitus.</span> <span class='ocrx_word' id='word_1_554' title='bbox 217 2376 342 2412; x_wconf 86' lang='lat' dir='ltr'>Multos</span> <span class='ocrx_word' id='word_1_555' title='bbox 367 2379 398 2411; x_wconf 85' lang='lat' dir='ltr'>in</span> <span class='ocrx_word' id='word_1_556' title='bbox 422 2377 487 2411; x_wconf 88' lang='lat' dir='ltr'>hoc</span> <span class='ocrx_word' id='word_1_557' title='bbox 508 2376 595 2411; x_wconf 88' lang='lat' dir='ltr'>libro</span> <span class='ocrx_word' id='word_1_558' title='bbox 617 2372 780 2410; x_wconf 88' lang='lat' dir='ltr'>musculos</span> <span class='ocrx_word' id='word_1_559' title='bbox 804 2376 950 2421; x_wconf 88' lang='lat' dir='ltr'>primum</span> <span class='ocrx_word' id='word_1_560' title='bbox 971 2371 1145 2424; x_wconf 89' lang='lat' dir='ltr'>descriptos</span> <span class='ocrx_word' id='word_1_561' title='bbox 1165 2376 1308 2412; x_wconf 84' lang='lat' dir='ltr'>Galenus</span> <span class='ocrx_word' id='word_1_562' title='bbox 1331 2375 1388 2411; x_wconf 83' lang='lat' dir='ltr'>sibi</span> <span class='ocrx_word' id='word_1_563' title='bbox 1409 2376 1559 2411; x_wconf 84' lang='lat' dir='ltr'>vindicat.</span> <span class='ocrx_word' id='word_1_564' title='bbox 1583 2397 1632 2404; x_wconf 92' lang='lat'>—</span> <span class='ocrx_word' id='word_1_565' title='bbox 1660 2377 1776 2414; x_wconf 86' lang='lat' dir='ltr'>Codex</span> 
     </span>
    </p>
   </div>
   <div class='ocr_carea' id='block_1_7' title="bbox 71 2425 1777 2518">
    <p class='ocr_par' dir='ltr' id='par_1_9' title="bbox 71 2425 1777 2518">
     <span class='ocr_line' id='line_1_43' title="bbox 71 2425 1777 2515; baseline 0.001 -54"><span class='ocrx_word' id='word_1_566' title='bbox 71 2439 205 2476; x_wconf 76' lang='lat' dir='ltr'>graecus</span> <span class='ocrx_word' id='word_1_567' title='bbox 225 2427 270 2463; x_wconf 78' lang='lat' dir='ltr'>est</span> <span class='ocrx_word' id='word_1_568' title='bbox 291 2429 326 2464; x_wconf 79' lang='lat' dir='ltr'>iu</span> <span class='ocrx_word' id='word_1_569' title='bbox 348 2427 424 2465; x_wconf 86' lang='lat' dir='ltr'>bibl.</span> <span class='ocrx_word' id='word_1_570' title='bbox 446 2427 537 2478; x_wconf 80' lang='lat' dir='ltr'>publ.</span> <span class='ocrx_word' id='word_1_571' title='bbox 559 2425 684 2473; x_wconf 68' lang='lat' dir='ltr'>Parisin.</span> <span class='ocrx_word' id='word_1_572' title='bbox 703 2438 753 2464; x_wconf 86' lang='lat' dir='ltr'>nr.</span> <span class='ocrx_word' id='word_1_573' title='bbox 766 2426 972 2513; x_wconf 42' lang='lat' dir='ltr'>MMcxlxss</span> <span class='ocrx_word' id='word_1_574' title='bbox 980 2446 1045 2515; x_wconf 70' lang='lat' dir='ltr'>ff—</span> <span class='ocrx_word' id='word_1_575' title='bbox 1070 2427 1192 2465; x_wconf 83' lang='lat' dir='ltr'>Prodiit</span> <span class='ocrx_word' id='word_1_576' title='bbox 1207 2430 1381 2478; x_wconf 86' lang='lat' dir='ltr'>interprete</span> <span class='ocrx_word' id='word_1_577' title='bbox 1395 2427 1577 2477; x_wconf 79' lang='lat' dir='ltr'>Augustino</span> <span class='ocrx_word' id='word_1_578' title='bbox 1593 2428 1777 2488; x_wconf 63' lang='lat' dir='ltr'>Gadaldino</span> 
     </span>
     <span class='ocr_line' id='line_1_44' title="bbox 119 2485 1777 2518; baseline -0.001 0"><span class='ocrx_word' id='word_1_579' title='bbox 119 2485 186 2518; x_wconf 77' lang='lat' dir='ltr'>Vol.</span> <span class='ocrx_word' id='word_1_580' title='bbox 202 2485 239 2518; x_wconf 89' lang='lat' dir='ltr'>V.</span> <span class='ocrx_word' id='word_1_581' title='bbox 1740 2493 1777 2516; x_wconf 83' lang='lat' dir='ltr'>m</span> 
     </span>
    </p>
   </div>
  </div>
 </body>
</html>
