2049 2720
72 162 136 192 vot.
149 159 197 189 m.
212 165 238 194 μ·
247 164 297 194 414
644 157 866 195 CLAvmvs
898 155 1208 194 PTOLEMAEVS
1309 157 1381 193 Lib.
1395 157 1465 196 JV.
1483 170 1508 195 c.
1519 156 1630 195 XVI.
1730 160 1788 202 271'

68 255 237 291 libroVH.
255 265 394 302 magnae
410 249 536 298 syntax.
555 256 666 301 p.167.
681 250 822 295 testatur,
844 250 876 288 se
889 249 1130 287 obseruationes
1147 250 1379 287 astronomicas
1397 252 1452 298 [if]
1471 251 1632 289 instituisse
1648 252 1788 288 Alexan.

68 305 170 343 dri-ae,
194 303 296 350 (vnde
312 304 551 340 Alexandrinus
569 304 685 340 Suidae
699 306 836 354 aliisque
849 304 1054 353 adpellatur,)
1082 301 1222 338 secundo
1236 316 1324 338 anno
1340 307 1498 338 Antonini
1516 307 1596 351 imp.
1617 306 1681 348 (Pii
1693 330 1703 343 ‚
1729 305 1786 352 qui

69 355 247 406 respondet
270 370 359 391 anno
380 355 498 391 Chi-isli
515 368 581 402 139.
598 359 622 401 ‘)
648 359 680 392 in
703 360 752 392 cui
776 359 968 405 proximum
994 354 1104 389 incidit
1126 357 1224 390 etiam
1253 352 1436 390 obseruatio
1463 357 1658 403 aequinoctii
1684 357 1788 396 verni,

70 406 112 444 de
132 421 195 457 qua
215 407 271 442 lib.
288 409 342 442 lll.
366 420 438 456 pag.
456 411 522 453 62.)
548 409 621 456 post
642 407 878 444 obseruationes
896 408 1078 455 Hipparchi
1101 419 1190 441 anno
1204 407 1362 441 CCLXV.
1391 407 1638 454 olympiodorus
1654 402 1687 450 s)
1710 418 1789 440 vero

70 461 105 494 in
122 459 329 494 Phaedonem
347 461 487 494 Platonis
511 460 658 502 testatur,
689 460 915 495 Ptolemaeum
938 459 1028 492 hunc
1048 459 1082 492 in
1107 459 1233 492 Canobi
1258 460 1352 493 Pteris
1376 459 1427 503 [h.
1447 471 1474 493 e.
1498 458 1577 493 loco
1596 456 1733 492 editiore
1757 465 1788 491 et

70 513 107 546 in
128 509 184 544 illa
208 509 337 545 aedium
359 521 466 558 parte,
501 524 582 557 quae
603 511 751 559 Serapidi
779 510 965 546 consecrata
987 520 1074 552 erat,
1110 509 1173 544 vid.
1190 510 1305 543 Raidel
1327 521 1403 557 pag.
1420 510 1467 554 4.]
1489 522 1548 557 per
1573 508 1790 556 quadraginta

70 574 176 596 annor
200 559 370 603 habitasse,
408 572 440 596 et
458 564 605 597 inuentas
635 577 653 598 a
679 561 714 599 se
739 563 976 598 astronomicas
999 558 1226 596 conclusiones
1248 574 1286 594 ac
1308 559 1600 595 demonstrationes
1626 559 1790 594 columnis

70 612 138 648 illic
161 610 273 660 positis
294 610 417 648 curasse
443 611 678 661 insculpenda&
729 616 848 650 Canon
865 623 974 649 autem
994 612 1171 647 Ptolemaei
1190 622 1292 653 notat,
1309 614 1515 646 Antoninum
1534 613 1627 646 Pium
1643 606 1790 657 regnasse

71 676 175 699 annos
188 664 302 698 XXill.
323 663 408 699 vnde
431 666 459 699 ei
481 662 679 713 superstitem
702 663 794 700 fuiffe
821 665 1047 701 Ptolemaeum
1071 663 1195 698 constat
1211 666 1250 707 ²).

1302 664 1375 698 Dici
1396 675 1465 697 non
1487 662 1602 711 potest,
1626 670 1787 711 quantum

70 717 233 755 eionmes
255 712 324 750 fere
345 717 596 760 mathematicae
613 714 800 767 disciplinae
820 716 976 759 debcant,
1001 712 1057 750 sed
1070 716 1136 751 hoe
1151 718 1278 766 optime
1293 724 1381 765 patet
1397 727 1437 750 ex
1452 717 1521 750 eius
1537 711 1661 764 scriptis
1672 741 1682 756 ,
1709 725 1792 761 quae

69 768 137 802 iam
162 763 348 802 recensebo.

71 944 136 965 rum
156 935 212 964 hoc
234 936 376 966 recentius
398 935 488 975 longe
507 938 568 972 est,
595 944 623 968 et
644 937 760 968 ’rui-cas
783 947 904 979 quoque

70 979 245 1007 nominatim
269 987 413 1009 memorat
437 982 509 1009 Gen.
526 982 560 1010 X.
577 990 604 1009 2.
632 989 663 1010 vt
690 983 823 1010 omittam
846 981 904 1011 alia

71 1029 125 1060 per
140 1019 220 1049 illam
241 1022 426 1062 paraphrasin
444 1024 542 1063 inepta
566 1030 595 1052 et
610 1022 801 1052 Talmudicas
820 1023 903 1052 fabu-

55 1061 112 1099 ,tas
139 1063 320 1102 refipientia,
351 1075 426 1104 quae
449 1066 564 1095 notauit
588 1064 634 1096 Io.
649 1065 793 1096 Marinus
815 1067 906 1097 Exer-

70 1107 150 1135 citat.
166 1103 237 1136 bibl.
258 1116 323 1146 pag.
339 1105 447 1147 3451sq.

113 1157 148 1196 e)
170 1157 333 1186 Secundum
347 1157 474 1187 tabulam
488 1159 552 1188 VH.
569 1158 615 1194 (in
629 1157 693 1187 cod.
709 1158 826 1188 arabico
844 1160 904 1189 Na-

71 1200 180 1238 niano,
210 1200 278 1228 teste
297 1198 482 1240 Affemano,
517 1201 547 1228 in
573 1198 663 1229 Catal.
697 1200 782 1231 codd.
812 1202 904 1231 MSSt.

18 1267 24 1269 .
71 1243 179 1272 orient.
203 1241 273 1272 bibl.
302 1244 473 1277 Nanianae,
502 1241 599 1271 italice
626 1240 755 1282 scripto,
791 1244 906 1272 Patauii

62 1293 148 1318 ‘¹792-
164 1293 192 1319 4⁷.
212 1294 276 1324 pag.
293 1285 372 1317 106.)
391 1295 420 1315 a.
437 1285 507 1317 Chr.
524 1293 584 1320 132.
607 1283 674 1318 add.
688 1283 740 1315 La
752 1284 862 1317 Lande
884 1285 906 1317 l.

70 1335 94 1356 c.
112 1337 176 1368 pag.
195 1330 253 1363 156.
280 1327 369 1358 Harl.

75 1407 77 1409 v
107 1383 150 1426 s)
174 1385 298 1426 Menag.
313 1385 350 1416 ad
365 1387 473 1416 Laertii
490 1387 514 1417 1.
532 1396 596 1422 ¹09-
617 1384 742 1417 Fabric.
785 1386 819 1416 In
833 1385 907 1416 vrbe

72 1427 195 1468 Canopo
218 1427 439 1469 fuittemplum
458 1429 622 1469 Serapidis,
645 1439 729 1458 more
749 1430 907 1469 Acgyptio-

71 1480 138 1501 rum
159 1472 190 1500 in
212 1469 278 1500 loco
301 1471 426 1501 editiore
449 1472 634 1501 exstru&um.
676 1473 770 1512 Atque
793 1473 906 1512 Serapi·

73 1511 118 1542 dis
139 1523 240 1542 amore
267 1515 308 1543 ita
335 1514 504 1554 capiebatur
525 1514 626 1543 Claud.
643 1513 841 1549 Ptolemaeus,
873 1520 906 1543 vt

69 1557 171 1586 omnia
190 1566 280 1596 opera
300 1555 366 1592 sua,
387 1556 494 1586 litteris
514 1557 666 1592 mandata,
689 1555 733 1585 illi
757 1556 907 1586 dedicaret

70 1601 200 1628 numini:
223 1600 304 1628 cuius
319 1599 510 1629 dedicationis
528 1599 677 1641 exemplar
691 1598 763 1628 olim
789 1599 848 1629 fuit
863 1601 907 1628 in-

71 1646 117 1671 ter
142 1643 241 1671 MSSta
261 1641 388 1671 Eduarcn
419 1642 577 1678 Bemardi,
607 1642 702 1680 Angli.
740 1641 799 1671 vid.
823 1636 911 1671 catal.

14 1681 24 1688 ”
69 1685 164 1715 MSSt.
189 1683 307 1721 angliae
330 1692 358 1714 et
379 1684 555 1721 Hiberniae,
578 1692 648 1714 tom.
666 1687 705 1715 11.
727 1692 802 1725 part.
819 1686 840 1713 1.
862 1695 907 1713 nr.

70 1729 162 1764 7397.
218 1728 258 1756 Ιῖκ
289 1726 365 1761 Haly
393 1730 611 1757 commentariis
643 1735 672 1757 et
698 1729 768 1756 Luc.
786 1728 906 1756 Gaurici

62 1768 162 1810 praef,
183 1769 218 1798 ad
243 1769 399 1799 Ptolemaei
415 1769 626 1807 Almagestum,
649 1769 729 1799 Bam.
758 1777 829 1804 ιςςι.
852 1779 904 1798 no-

71 1818 112 1841 tat
136 1811 240 1841 Raidet
261 1810 281 1841 l.
304 1823 328 1841 c.
359 1811 560 1842 Ptolemaeum
588 1815 650 1844 vita
673 1811 815 1842 deceffiffe
837 1822 925 1842 ann..

70 1854 230 1886 Lxxvm.
247 1863 357 1884 natum.
379 1855 475 1885 Harl.

112 1915 149 1950 g>
180 1913 257 1940 Hinc
279 1912 396 1942 Saxius
416 1915 446 1942 in
468 1915 578 1943 Onom.
601 1912 690 1942 litter.
709 1916 729 1942 1.
751 1923 816 1952 pag.
835 1921 904 1947 3¹4.

72 1954 138 1991 (vbi
156 1953 252 1994 plures
268 1956 403 1987 citantur.
426 1957 478 1994 qui
493 1955 529 1983 de
543 1956 642 1984 nostro
655 1954 823 1984 Ptolemaeo
840 1965 904 1991 ege-

68 2001 165 2031 runt)
185 1995 352 2031 concludit,
373 1996 498 2029 Ptolem,
517 1999 576 2025 iam
598 1996 718 2037 quidem
741 2000 815 2025 circa
832 2007 856 2025 a.
873 1998 904 2028 C.

71 2048 119 2072 ης
135 2047 163 2068 et
180 2048 238 2075 ¹39-
260 2038 344 2068 fuisse
366 2039 494 2074 clarum,
515 2039 562 2068 sed
578 2041 726 2068 Antonino
741 2041 791 2068 Pio
809 2038 903 2078 super-

70 2083 183 2116 stitem,
207 2084 281 2111 circa
295 2092 319 2112 a.
337 2086 391 2112 161.
406 2083 501 2112 adhuc
516 2081 655 2111 floruisse.
700 2083 760 2118 Qi
777 2091 848 2110 vero
868 2081 906 2110 de

70 2125 238 2155 Ptolemaeo
260 2126 383 2165 eiusque
405 2127 517 2154 meritis
538 2124 730 2164 scientiaque,
753 2133 810 2153 tam
834 2134 903 2161 geo—

71 2169 209 2209 graphica
235 2178 321 2208 quam
350 2169 573 2203 mathematica,
603 2166 687 2207 plura
710 2166 782 2195 scire
807 2169 904 2207 cupit,

69 2213 180 2253 (neque
200 2213 277 2240 enim
304 2221 359 2240 nos
382 2211 533 2240 historiam
560 2209 721 2240 matheseos
735 2212 902 2249 ‘componi-

69 2257 164 2292 mus.)
197 2263 265 2283 eum
284 2253 451 2290 ablegamus
477 2253 515 2283 ad
543 2253 724 2284 Montuctae
751 2253 902 2282 historiam

38 2318 47 2323 .
72 2295 234 2327 matheseos
261 2302 333 2327 tom.
350 2297 373 2327 1.
405 2302 478 2337 part.
497 2299 517 2325 1.
547 2295 596 2325 lib.
611 2299 650 2326 V.-
675 2305 715 2324 m·-
739 2298 782 2325 111
805 2305 832 2324 et
851 2296 901 2325 IV.

68 2352 99 2383 p.
114 2343 169 2370 226
181 2347 290 2374 -309.
312 2339 362 2372 Io.
380 2339 463 2370 Frid.
484 2339 628 2372 lVeidleri
643 2339 793 2369 historiam
807 2339 896 2367 astro-

71 2378 194 2413 nomiae
215 2393 276 2422 cap.
289 2383 356 2412 vu.
380 2381 405 2422 ᾗ.
420 2391 462 2416 ¹3·
491 2394 558 2424 pag.
579 2385 634 2418 176
650 2381 711 2422 sqq.
750 2382 793 2411 Io.
809 2380 897 2411 Chri-

63 2426 164 2469 stoplt.
178 2425 390 2457 Ia‘ailbrouncri
402 2425 554 2458 historiam
569 2425 730 2458 matheseos
743 2423 896 2456 vuiuersae

1607 833 1648 867 11.
1674 833 1791 870 ΓΕΟ-

953 947 1019 979 pag.
1032 946 1080 974 343
1095 935 1155 977 sqq.
1176 937 1228 977 qui
1251 936 1339 966 etiam
1355 933 1390 965 de
1405 932 1692 968 commentatoribus,
1709 939 1794 962 vete·

954 980 1035 1010 ribus
1062 990 1154 1018 aeque
1182 989 1214 1007 ac
1244 979 1476 1011 recentioribus,
1511 977 1595 1007 codd.
1619 976 1713 1005 msstis
1734 981 1789 1004 etc.

955 1022 1053 1062 paffim
1081 1023 1158 1058 agit;
1195 1029 1257 1049 tum
1289 1020 1325 1049 ad
1353 1020 1389 1050 de
1410 1022 1441 1050 [a
1464 1019 1571 1050 Lande
1594 1019 1790 1050 Astronomie,

956 1071 1029 1094 tom.
1045 1066 1065 1093 Ι.
1085 1063 1153 1093 edit.
1170 1064 1209 1092 11.
1232 1061 1319 1094 Paris.
1335 1071 1417 1100 1771.
1435 1072 1466 1098 4.
1491 1072 1556 1102 pag.
1572 1069 1621 1095 ιςς
1636 1060 1696 1100 sqq.
1719 1059 1790 1101 (qui

959 1114 1035 1135 certe
1056 1108 1086 1135 in
1109 1105 1207 1142 lingua
1229 1104 1330 1142 gallica
1351 1105 1505 1134 secundum
1521 1104 1603 1134 vsum
1626 1111 1653 1132 et
1666 1103 1790 1143 popula·

957 1150 1036 1178 rium
1065 1148 1185 1176 suorum
1215 1146 1452 1176 consuetudinem
1484 1146 1655 1187 scripturam
1685 1145 1791 1175 Ptolo·

956 1198 1062 1219 maeus
1076 1192 1106 1218 in
1120 1196 1190 1218 nota
1207 1197 1236 1218 a.
1259 1187 1421 1222 defendit»
1444 1196 1471 1218 et
1486 1189 1520 1217 nd
1538 1186 1643 1230 Este've
1660 1188 1792 1217 Histoire

956 1230 1090 1269 generale
1115 1239 1143 1261 et
1163 1229 1351 1271 particuliere
1372 1230 1407 1259 de
1429 1230 1660 1269 l‘lAstronomim
1683 1238 1753 1261 totu.
1767 1231 1794 1261 1.

957 1273 1046 1305 Paris:
1073 1281 1152 1312 1755.
1184 1283 1224 1302 12.
1253 1283 1335 1313 capp.
1351 1275 1404 1303 XV
1419 1279 1448 1302 et
1460 1274 1539 1303 XVI.
1574 1281 1640 1313 pag.
1661 1275 1717 1302 166
1731 1271 1792 1314 sqq.

957 1319 1009 1357 qui
1031 1327 1112 1357 capp.
1128 1317 1196 1346 XIX
1212 1326 1244 1345 ac
1261 1318 1325 1346 XX.
1346 1315 1504 1345 admodum
1519 1325 1609 1355 pauca
1625 1317 1740 1346 notauit
1755 1318 1793 1346 de

957 1358 1249 1400 interpretationibus
1276 1358 1408 1388 arabicis.
1453 1360 1485 1387 In
1501 1356 1709 1388 Nachrichten
1730 1369 1792 1389 von

956 1401 1023 1432 dem
1037 1402 1134 1432 Leben
1150 1401 1210 1431 und
1225 1401 1283 1430 den
1291 1401 1488 1438 Erfindungen
1502 1400 1553 1431 der
1571 1400 1786 1432 beriihmtesten

957 1445 1202 1480 Maffiemafiker,
1224 1446 1255 1473 in
1270 1443 1499 1485 alphabetischer
1513 1443 1666 1480 Ordnung,
1682 1452 1755 1484 part.
1766 1445 1792 1475 1.

956 1498 1020 1528 pag.
1038 1497 1098 1523 224
1110 1487 1170 1527 sqq.
1192 1497 1282 1527 pauca
1307 1486 1411 1516 adtulit
1433 1487 1544 1516 auctor.
1571 1503 1614 1509 —
1640 1486 1673 1514 ln
1689 1486 1792 1526 Bailly

959 1531 1080 1560 historia
1103 1532 1196 1569 antiq.
1219 1531 1432 1564 astronomiae,
1469 1539 1485 1557 e
1513 1527 1613 1566 lingua
1638 1527 1739 1566 gallica
1760 1531 1792 1559 iu

958 1574 1151 1610 germanicam
1175 1572 1328 1608 translata,
1357 1573 1482 1601 tom.11.
1513 1572 1624 1612 Lipsiae
1652 1579 1738 1608 1777.
1765 1578 1792 1604 8.

960 1616 996 1645 de
1021 1614 1181 1645 Ptolemaei
1202 1614 1335 1654 placitis,
1355 1614 1655 1644 animaduersionibus
1676 1615 1794 1644 histori-

959 1661 999 1687 cis
1019 1658 1335 1697 obseruationibusque
1356 1657 1475 1697 paffim,
1501 1666 1563 1697 pag.
1580 1661 1636 1692 156.
1659 1666 1715 1693 159.
1733 1661 1793 1690 188.

959 1704 1022 1731 226.
1040 1709 1096 1736 240
1113 1700 1152 1740 sq.
1175 1703 1282 1737 agitur.
1325 1698 1521 1729 Probabiliter
1535 1707 1630 1730 tamen
1646 1700 1793 1740 copiosius

957 1743 994 1772 de
1017 1742 1180 1773 Ptolemaeo
1210 1742 1340 1772 disseruit
1369 1742 1446 1771 idem
1474 1741 1524 1771 ille
1549 1745 1579 1771 in
1604 1743 1732 1773 Histoire
1754 1742 1792 1772 de

956 1785 1171 1816 l’Astronomie
1197 1785 1339 1815 moderne
1359 1794 1412 1815 etc.
1449 1784 1535 1814 Paris.
1557 1794 1642 1822 ¹779·
1663 1787 1701 1816 11.
1717 1785 1791 1816 voli.

957 1829 1034 1865 (vid.
1051 1829 1164 1869 ephem.
1182 1826 1268 1865 litter.
1284 1829 1415 1865 Gotting.
1432 1837 1457 1857 a.
1475 1833 1554 1865 1780.
1573 1839 1616 1858 nr.
1632 1831 1694 1865 76.)
1736 1828 1792 1858 Sed

956 1871 1064 1900 librum
1088 1871 1123 1899 ad
1143 1881 1245 1899 manus
1266 1880 1325 1900 non
1342 1871 1447 1900 habeo.
1470 1886 1511 1891 ——
1534 1872 1566 1899 In
1583 1872 1686 1910 primis
1703 1870 1791 1908 digna

956 1915 995 1942 est
1022 1914 1302 1942 commemoratione
1334 1911 1479 1951 laudeque
1507 1911 1636 1952 Georgii
1654 1912 1793 1944 Martini

957 1954 1092 1985 Raidrlii
1111 1965 1216 1983 comm.
1238 1956 1339 1983 critico
1355 1953 1497 1984 litteraria
1512 1953 1548 1983 de
1563 1955 1679 1984 Claudii
1696 1955 1791 1986 Ptole-

956 2000 1032 2026 maei
1049 1998 1226 2036 geographia
1238 2018 1247 2030 ,
1269 1999 1389 2036 eiusque
1404 1997 1486 2026 codd.
1505 2004 1561 2026 tam
1577 1999 1684 2031 nisstis,
1701 2009 1791 2038 quam

956 2042 1031 2079 typis
1047 2040 1189 2079 expreslis.
1215 2039 1429 2077 Norimbergae
1448 2048 1523 2076 ¹737.
1542 2049 1569 2074 4.
1585 2040 1635 2070 vbi
1651 2043 1681 2070 in
1695 2051 1755 2080 cap.
1767 2051 1790 2072 1.

957 2081 1039 2122 plura
1056 2082 1090 2110 de
1108 2081 1292 2116 Ptolemaeo,
1314 2083 1344 2111 in
1365 2082 1410 2111 his
1431 2081 1628 2122 supplementa
1643 2085 1788 2123 quaedam

955 2124 991 2153 ad
1016 2124 1072 2153 hac
1094 2125 1217 2154 Fabricii
1241 2132 1327 2163 caput
1352 2127 1489 2164 reperies.
1515 2143 1554 2146 ——
1584 2127 1789 2164 Comparanda

955 2177 1072 2206 quoque
1089 2166 1167 2202 sunt,
1191 2177 1267 2207 quae
1285 2168 1311 2197 l.
1328 2167 1366 2196 G.
1383 2167 1496 2207 Hager
1509 2169 1542 2196 in
1559 2169 1787 2209 Geographisch.

954 2209 1142 2245 Buchersaal,
1164 2209 1273 2239 vol.11.
1297 2211 1439 2250 pamylV.
1462 2221 1505 2240 nr.
1526 2213 1559 2240 V.
1578 2222 1642 2251 pag.
1657 2206 1788 2251 284'sqq.

954 2260 982 2281 et
1005 2261 1079 2293 part.
1093 2255 1125 2282 V.
1149 2252 1185 2283 de
1204 2251 1370 2285 Ptolemaeo
1390 2255 1511 2294 eiusque
1531 2252 1630 2289 libris,
1650 2256 1786 2294 inprimis

954 2296 1147 2336 geographia,
1175 2295 1299 2333 collegit.
1329 2312 1371 2318 --
1401 2297 1461 2333 Ego
1482 2306 1601 2336 quoque
1621 2298 1652 2325 in
1672 2295 1786 2327 introd.

952 2340 983 2367 in
1010 2339 1108 2367 bilior.
1132 2340 1160 2367 L.
1177 2339 1228 2367 Gr.
1246 2340 1281 2368 11.
1297 2346 1369 2379 part.
1387 2342 1409 2368 1.
1430 2349 1494 2379 pag.
1514 2348 1564 2373 143
1581 2337 1640 2378 sqq.
1664 2338 1699 2367 de
1715 2340 1782 2369 Pto..

947 2379 1072 2416 lemaeo,
1095 2383 1251 2422 praecipue
1271 2381 1404 2421 pluribus
1419 2381 1596 2410 editionibus
1612 2383 1670 2410 iam
1690 2380 1784 2412 multe

946 2427 1106 2467 occupaui,
1125 2434 1199 2467 quae
1217 2427 1318 2455 omnia
1330 2425 1379 2455 hic
1393 2432 1526 2465 repetere
1540 2422 1626 2455 nolo.
1645 2423 1740 2456 Harl.
