2049 2720
50 166 366 213 Vot.m.P.594P39-3-
436 164 573 203 SEXTI
603 163 808 202 EMPIRICI
838 165 982 202 VERSS.
1017 163 1083 200 ET
1115 164 1278 202 EDITT.
1330 167 1402 204 Lib.
1416 169 1488 205 IV.
1508 183 1532 205 c.
1546 170 1655 207 XIX.
1709 183 1759 219 531

150 262 243 298 Liber
257 263 311 297 111.
339 258 491 298 aduersus
511 270 712 311 geometras,
739 273 838 310 quem
860 258 1080 296 refellendum
1101 258 1159 295 fibi
1179 259 1290 298 sumfit
1313 262 1491 299 Guilelmus
1505 266 1654 315 Langius
1675 266 1760 305 libro

47 313 90 351 de
104 313 289 350 veritatibus
301 316 509 363 geometricis
527 316 648 363 primo.
675 310 819 348 Hafniae
837 315 924 358 1656.
937 323 968 356 4.

147 381 242 418 Liber
256 383 313 418 lv.
340 379 490 417 aduersus
513 383 744 417 arithmeticos.
773 381 898 416 Fabrir.
925 400 977 407 —
1002 380 1069 414 Hic
1090 390 1166 428 pag.
1182 391 1248 425 337.
1269 390 1336 418 not.
1349 395 1383 430 y.
1411 382 1589 426 existimat,
1623 387 1759 424 Sextum

47 445 118 470 non
131 431 259 468 duobus
274 433 363 469 libris
381 431 585 484 οἱντιῤῥήσεις
599 430 669 470 suas
682 430 831 469 aduersus
847 432 1072 469 arithmeticos
1088 441 1119 467 et
1131 442 1318 481 geometras
1335 433 1491 481 diuififfe,
1516 434 1571 473 sed
1584 450 1649 475 vno
1665 436 1760 475 fuiss‘e

48 484 274 535 complexum.
298 485 399 521 Harl.

144 551 241 588 Liber
255 554 297 588 V.
319 549 470 588 aduersus
490 552 686 602 astrologos-

146 619 242 655 Liber
259 621 315 654 VI.
343 617 494 656 aduersus
509 619 662 656 musicos.
713 619 881 657 Hactenus
896 621 1031 670 proprie
1048 617 1198 658 aduersus
1212 621 1463 658 mathematicos
1481 620 1565 662 libri.
1615 624 1761 674 Sequun-

42 679 98 715 ραι·
119 667 268 706 aduersus
289 671 506 721 philosophos
527 672 758 722 οἱντιῤῥητικοί.

145 738 241 775 Liber
255 740 318 774 v11
334 748 365 775 et
379 741 464 776 vm.
489 737 639 776 aduersus
658 740 800 788 logicos.

146 806 300 843 Libet-tx
313 816 342 844 et
358 808 396 844 X.
422 806 574 843 aduersus
594 805 755 856 physicos.
808 807 912 842 Recte
929 816 1078 844 notatum
1098 807 1142 845 est
1159 823 1176 845 a
1193 809 1306 844 Iacobo
1328 809 1489 860 Thomqfio
1505 823 1582 860 pag.
1597 822 1661 855 373.
1683 822 1759 860 pro·

42 870 285 908 gratnmatum‚
312 859 414 908 vulgo
429 859 513 896 duos
531 861 643 902 libros,
669 859 788 908 logicis
803 858 986 908 oppositos,
1009 874 1072 910 pro
1088 875 1155 897 vno
1171 861 1256 897 libro
1276 865 1452 905 numerari,
1476 871 1590 897 contra
1609 873 1757 899 mentem

41 911 205 953 auctoris,
228 912 297 958 qui,
320 912 458 947 alterum
475 911 625 948 aduersus
647 912 774 959 logicos
796 911 915 946 librum
940 924 1013 960 pag.
1031 925 1094 948 221.
1116 916 1289 961 incipiens,
1314 916 1376 957 ait,
1401 911 1434 948 se
1459 913 1498 949 de
1520 917 1650 950 criterio
1677 917 1759 950 veri-

42 964 113 996 tatis
130 963 285 998 hactenus
305 960 402 1011 egisse
421 959 477 1001 dlx*
498 965 545 1003 τέ
563 963 838 1014 προανυσθέντος
860 962 932 1011 ἡμῖν
948 961 1203 1014 ὑπομνήματος.
1255 964 1333 1011 [Sed
1349 968 1383 1000 in
1402 968 1488 1001 notis
1504 979 1576 1014 pag.
1594 969 1664 1009 633.
1679 965 1757 1003 edit.

39 1012 130 1048 haud
152 1012 327 1050 adsentitur
347 1015 509 1051 Fabricius
527 1014 731 1057 Thomafio,
757 1015 939 1056 arbitranti,
965 1015 1053 1050 male
1075 1030 1112 1051 ac
1136 1026 1261 1065 praeter
1279 1019 1367 1051 Sexti
1388 1027 1533 1052 mentem
1556 1028 1758 1054 commenta-

41 1065 129 1100 rium
155 1064 306 1102 aduersus
328 1065 480 1116 physicos
503 1082 521 1103 a
543 1067 680 1102 librariis
702 1064 763 1102 effe
784 1064 978 1114 discerptum
998 1071 1033 1101 in
1061 1067 1128 1103 duo
1154 1069 1264 1103 libros.
1290 1068 1406 1114 Harl]
1467 1071 1543 1104 Sine
1564 1069 1623 1105 illo
1645 1083 1756 1106 errore

39 1124 151 1152 tamen
172 1118 274 1153 Sexto
302 1132 370 1154 non
396 1120 520 1155 constat
542 1132 698 1155 numerus
727 1117 1080 1160 librorum-denarius,
1114 1120 1163 1166 [in
1186 1118 1281 1155 codd.
1306 1119 1421 1155 obuius
1446 1122 1490 1167 et]
1516 1121 1632 1156 Suidae
1655 1124 1754 1157 etiam

38 1171 179 1215 agnitus.
207 1168 286 1216 [vid.
301 1171 438 1206 Fabricii
458 1182 526 1208 not.
543 1171 589 1208 A.
616 1172 694 1207 loco
710 1170 777 1215 cit.]

135 1236 230 1272 Liber
247 1238 303 1272 XI.
329 1237 479 1274 aduersus
501 1240 644 1280 ethicos,
683 1240 774 1272 cuius
799 1245 897 1284 caput
920 1233 1099 1271 secundum
1128 1234 1314 1272 inscribitur
1337 1237 1434 1277 τῖἒςι
1458 1236 1498 1276 τὲ
1524 1235 1669 1284 οἱγοιθόν
1694 1234 1753 1287 aaa}

36 1284 141 1324 καικδν
154 1285 213 1334 χρή
224 1284 420 1338 ἀδιάφορον.
456 1292 533 1325 Hoc
549 1294 557 1325 i
562 1287 665 1337 psum7
680 1287 793 1330 credo,
813 1301 917 1337 neque
934 1287 1022 1323 aliud
1037 1290 1122 1323 Sexti
1138 1285 1334 1337 opusculum
1349 1286 1454 1332 fuisse,
1478 1290 1567 1338 quod
1585 1288 1641 1324 sub
1656 1290 1751 1326 titulo

36 1338 112 1389 nee)
132 1337 266 1385 ω’«γοιθέ
286 1339 344 1388 seqq*
363 1342 456 1381 κακὲ
472 1336 494 1388 ι”)
520 1344 553 1377 in
575 1341 769 1376 bibliotheca
790 1337 954 1375 Bremenfi
978 1337 1126 1375 exstitisse
1146 1354 1245 1376 manu
1268 1352 1436 1376 exaratum
1458 1342 1589 1377 testatur
1603 1341 1751 1378 Gerhard

6 1407 11 1411 ·
35 1402 101 1425 van
115 1390 285 1427 Mastricht
312 1393 446 1442 epistola
474 1392 512 1428 ad
537 1392 786 1430 Burchhardum
807 1390 949 1428 Gothelf
963 1393 1142 1427 Struuium.
1165 1393 1291 1428 Fabric.
1327 1395 1384 1441 qui
1411 1395 1446 1428 in
1471 1391 1527 1429 sua
1554 1392 1629 1430 edit.
1649 1394 1750 1431 libros

33 1440 178 1492 fingulos
196 1441 348 1480 aduersus
370 1447 620 1481 mathematicos
636 1444 851 1494 peculiaribus
867 1443 932 1478 illis
952 1444 1144 1481 nominibus
1163 1443 1316 1479 distinxit.
1343 1445 1442 1479 Harl.

138 1512 265 1546 Primus
289 1510 390 1548 libros
408 1514 463 1549 ΧΙ.
488 1510 640 1549 aduersus
663 1513 914 1549 mathematicos
942 1510 1043 1547 latine
1070 1513 1165 1546 vertit
1188 1510 1352 1561 ediditque
1373 1513 1555 1548 Gentianus
1572 1514 1749 1564 Hetjuetus,

32 1559 206 1611 ¹Autwerp.
222 1561 251 1608 ²)
272 1562 358 1612 apud
381 1563 585 1608 Plautinum,
613 1567 702 1611 1569.
724 1562 785 1600 fol.
812 1561 952 1599 subiecta
974 1563 1018 1598 H.
1034 1564 1189 1611 Stephani
1217 1561 1366 1599 versione
1390 1563 1647 1613 hypotyposeon
1670 1567 1749 1610 Pyr.

33 1614 279 1650 rhonianarum.
344 1617 478 1652 Sextum
508 1616 641 1666 quidem
669 1618 765 1652 vertit
785 1618 947 1651 Heruetus
976 1628 1046 1650 non
1070 1628 1171 1664 vsque
1193 1629 1322 1665 quaque
1343 1614 1498 1659 feliciter,
1537 1629 1598 1652 nec
1618 1621 1748 1666 integro

30 1664 149 1714 'codice
171 1666 227 1714 [if]
248 1667 368 1716 vbique
388 1665 459 1703 vsus
480 1669 544 1712 est,
568 1672 612 1705 ita
634 1679 668 1704 vt
685 1671 762 1704 hine
781 1667 857 1703 inde
879 1666 1016 1702 lacunae
1034 1665 1217 1715 adpareant.
1271 1665 1393 1703 Recusa
1407 1668 1507 1703 latina
1519 1670 1748 1717 AntWerpien-

33 1715 74 1753 fis
93 1716 192 1752 editio
210 1717 234 1763 ¹)
257 1717 349 1754 Paris.
370 1721 457 1755 1601.
479 1718 540 1755 fol.
591 1722 745 1769 Denique
769 1729 941 1768 vtrumque
961 1720 1047 1753 Sexti
1069 1732 1152 1768 opus
1175 1721 1377 1763 Pyrrhoniae
1398 1719 1648 1769 hypotyposeos
1671 1734 1749 1759 cum

31 1768 78 1805 H.
97 1771 251 1816 Stephani
272 1780 304 1805 et
322 1770 397 1805 libri
420 1769 570 1807 aduersus
599 1773 849 1808 mathematicos
877 1783 955 1805 cum
977 1771 1115 1806 Herueti
1138 1769 1284 1807 verfione
1306 1785 1424 1820 graece
1442 1771 1552 1807 lucem
1576 1770 1749 1820 adspexere

34 1822 204 1862 Geneuae,
243 1821 397 1869 (quidam
428 1822 512 1857 tituli
539 1823 725 1864 Aureliam,
758 1822 811 1858 alii
841 1820 976 1858 Parisios
1007 1820 1217 1869 praeferunt‚)
1259 1822 1346 1871 apud
1373 1826 1500 1858 Petrum
1529 1833 1561 1858 et
1590 1826 1747 1862 iacobum

0 1884 1 1895 ¹
34 1873 168 1908 Chouet
187 1886 215 1906 a.
233 1875 315 1909 1621.
329 1871 390 1908 fol.
415 1872 532 1909 additis
558 1877 654 1910 variis
674 1874 866 1909 lectionibus
888 1886 927 1908 ex
944 1874 1017 1909 MS.
1038 1873 1151 1909 codice
1173 1884 1204 1909 et
1219 1876 1357 1909 Henriei
1373 1876 1528 1923 Stephani
1551 1877 1585 1910 in
1601 1876 1748 1925 hypory.

30 1920 128 1974 poses
150 1924 236 1960 notis
251 1926 301 1970 ⁹⁸).
369 1925 499 1974 Operae
517 1927 661 1975 pretium
682 1923 758 1962 esset
778 1938 904 1962 nouam
929 1924 1090 1972 ingeniofi
1110 1927 1206 1962 huius
1229 1936 1260 1962 et
1283 1925 1415 1969 eruditi,
1442 1938 1665 1976 quamquam,
1699 1930 1750 1964 vbi

889 1977 979 2012 Xxx
1006 1989 1024 2011 2
1635 1983 1748 2016 omnia

76 2079 104 2117 ἰ)
126 2079 257 2109 Omnino
279 2075 428 2109 diuersum
448 2086 477 2110 et
497 2079 626 2120 primum
648 2085 733 2120 caput
753 2077 869 2120 disputt.
913 2079 1033 2109 vberius
1057 2077 1220 2114 recensuit,
1241 2085 1270 2109 et
1291 2079 1327 2109 de
1348 2081 1481 2111 Herueto
1503 2079 1646 2122 librisque
1668 2084 1747 2114 Sexti

33 2121 305 2162 Antiscepticarum,
327 2121 399 2151 alius
415 2124 509 2155 Sexti,
532 2121 629 2152 forsan
645 2123 869 2158 Chaeronenfis,
912 2123 1052 2163 Empirici
1067 2122 1151 2162 plura
1166 2122 1318 2152 adnotauit
1333 2123 1426 2154 Stolle
1439 2125 1484 2154 in:
1510 2125 1671 2154 Nachricht
1687 2137 1747 2156 von

33 2163 86 2201 (de
107 2175 165 2205 quo
186 2163 271 2204 supra
292 2165 328 2194 ad
349 2164 376 2205 §.
399 2176 421 2194 ι.
443 2172 503 2194 not.
524 2166 666 2205 quaedam
688 2165 753 2194 sunt
777 2165 867 2194 adno·
911 2165 967 2194 den
989 2165 1122 2194 Btichem
1143 2181 1185 2187 —
1206 2167 1237 2195 in
1259 2165 1311 2196 dex·
1330 2166 1471 2197 Stollisch.
1486 2166 1626 2199 Biblioth.
1647 2167 1706 2200 vol.
1722 2171 1746 2201 1.

32 2208 120 2246 tata,)
140 2202 196 2237 effe
219 2207 344 2236 videtur.
365 2208 442 2237 conf.
455 2207 532 2237 infra
551 2209 582 2237 in
604 2209 708 2237 notitia
730 2207 813 2237 codd.
831 2207 867 2236 de
908 2218 976 2249 pag.
989 2216 1021 2244 75
1038 2207 1098 2248 sqq.
1123 2207 1218 2240 Harl,

35 2249 98 2280 eod.
112 2250 306 2285 Taurinenfi,
328 2258 356 2280 et
377 2251 441 2281 cod.
459 2253 532 2279 Ven.
553 2252 584 2279 in
601 2261 661 2290 quo
678 2258 792 2291 praeter
807 2252 866 2292 pri-

34 2301 113 2323 mum
139 2291 210 2322 illud
238 2300 323 2333 caput
351 2295 407 2323 tria
433 2292 583 2335 sequentia
605 2295 808 2334 reperiuntur,
839 2299 868 2323 et
954 2284 985 2334 l).
1004 2287 1084 2315 H³e⁰
1100 2284 1191 2314 “3³⁶0
1207 2286 1236 2314 5¹¹
1251 2284 1424 2335 quspmdam
1440 2286 1578 2326 02‘210813
1591 2297 1746 2330 perperam

31 2334 115 2365 codd.
133 2326 208 2365 Fini.
231 2334 324 2366 Harl.
911 2327 1037 2358 traditur
1058 2327 1114 2357 effe
1136 2327 1370 2366 graeco-launa.

6 2387 9 2422 l
74 2391 106 2430 k)
128 2395 221 2424 Etiam
246 2394 356 2423 Parisiis
379 2393 483 2423 eodem
509 2402 586 2422 anno
609 2396 686 2428 ¹569.
707 2392 759 2423 fol.
789 2393 866 2435 apud
951 2396 999 2435 m)
1029 2395 1114 2425 Conf.
1136 2395 1242 2427 Simon
1270 2396 1410 2429 Biblioth.
1440 2398 1565 2433 choifie,
1593 2408 1652 2440 cap.
1668 2398 1747 2429 XVI.

7 2438 10 2467 !
31 2437 191 2469 nannum
206 2439 354 2470 quenem.
367 2435 489 2469 Fabric.
510 2436 675 2468 Editionem
690 2438 763 2468 hauc
777 2437 865 2470 Paris.
909 2448 974 2480 pag.
989 2447 1024 2475 97
1039 2438 1099 2481 sqq.
1120 2438 1215 2470 Harl.
