2049 2720
43 123 103 148 Vol·
119 122 169 149 IX·
184 118 370 153 9-700P701
700 116 761 152 DE
789 117 946 166 Qllssvs
971 118 1138 155 SVIDAS.
1366 120 1440 156 Lib.
1457 118 1502 157 V.
1524 132 1548 155 c.
1565 121 1641 157 XL.
1690 133 1752 167 459

37 213 211 256 Eudoxus,
238 211 400 249 Aeschinis
413 212 446 248 F.
467 211 623 252 Cnidius,
647 209 882 260 philosophus,
910 211 1053 249 Platonis
1066 211 1226 263 aequalis,
1251 215 1306 248 cui
1327 211 1419 250 fuere
1441 223 1505 250 tres
1521 214 1624 255 filiae,
1647 215 1748 256 Actia,

135 267 294 314 Delphis,
323 265 444 300 Philtis.
497 264 700 310 Astrologiae
722 261 888 311 insigniter
908 263 1034 311 deditus
1056 263 1117 299 suit
1140 263 1327 315 scripsitque
1345 265 1436 315 plura
1456 268 1526 302 eius
1544 268 1691 315 generis,
1716 274 1750 300 et

140 317 377 356 offiib'teridem,
406 329 464 350 nec
479 329 551 351 non
575 314 810 360 Astwnomiam
829 317 868 360 ⁸³)
898 318 1034 365 vcrfibus
1059 317 1199 352 heroicis.

37 371 186 410 Euenos,
214 368 296 403 duos
318 370 408 402 aiunt
429 366 520 402 fuisse
540 367 703 414 elegiacos
728 377 858 414 poetas,
882 379 1007 415 eosque
1029 368 1144 402 ambos
1163 370 1284 403 Parios.

38 416 165 461 Εόεςῶ,
191 422 287 454 mimi
306 420 573 466 tranquillitatem
593 421 820 459 Democritus,
845 418 1020 458 Abderita,
1039 417 1156 454 docuit
1175 418 1277 454 finem
1294 417 1354 455 esse
1375 430 1406 456 et
1428 417 1595 456 summum
1616 417 1748 455 felicita-

139 470 194 512 tis,
218 482 277 506 etc.

36 524 223 562 Eucterius,
265 524 425 557 louiniani
451 523 530 569 imp.
556 521 759 569 temporibus
784 518 930 556 doctrina
954 519 1089 569 quidem
1109 531 1143 557 et
1164 524 1286 569 ingenii
1311 522 1500 570 praestantia
1521 524 1660 571 antiquis
1681 535 1751 557 non

143 572 297 615 infe1ior,
343 571 397 608 sed
425 575 483 621 qui
512 585 552 608 ex
584 572 685 608 molli
719 571 928 620 simplicitate
962 573 1086 608 multos
1116 571 1260 608 insontes
1285 572 1393 620 patius
1419 574 1461 609 est
1491 574 1601 609 iudicii
1629 574 1750 622 laqueis

138 636 265 662 irretio.

38 676 224 725 Eugenffls,
250 677 476 723 TrophimiF.
499 673 833 721 Augustopo'litanus,
855 675 985 719 Phryx,
1010 678 1264 722 grammaticus,
1297 674 1411 710 docuit
1428 674 1555 717 CPoli,
1583 675 1636 710 vbi
1659 674 1752 710 valde

138 727 242 763 clarus
264 725 324 761 suit
346 731 407 760 iam
426 724 525 760 senex
550 736 700 773 tempore
732 723 885 760 Auaslafii
916 729 993 774 imp.
1051 726 1182 775 Scripsit
1203 726 1243 762 de
1265 725 1471 761 dimensione
1486 724 1637 761 versuum
1660 726 1750 761 meli-

137 792 254 815 corutn
280 775 449 821 Aeschyli,
477 777 649 824 Sophoclis
671 788 704 812 et
726 776 891 825 Euripidis
912 780 948 812 in
969 775 1086 813 fabulis
1102 780 1172 813 XV.
1223 781 1275 813 De
1292 780 1436 827 paeonio
1458 788 1489 812 et
1511 777 1751 826 palimbacchio

137 841 269 873 metr03
293 829 333 864 de
350 829 537 864 nominibus
547 828 751 877 templorum
763 824 981 878 etquomodo
998 843 1034 863 ea
1045 829 1186 876 proferri
1200 829 1348 868 debeant,
1364 841 1396 865 vt
1406 827 1595 871 Διονύσασν,
1610 828 1752 873 'Acunu-

136 884 250 921 πἰἐτον.
301 879 472 915 Vocabula
496 879 701 915 miscellanea
724 880 840 915 ordine
861 880 1085 928 alphabetico,
1112 885 1145 916 in
1167 895 1235 930 quo
1257 894 1357 929 opere
1369 884 1470 916 etiam
1484 895 1574 916 noua
1592 881 1751 930 quaedam

134 945 175 969 ·et
198 932 370 981 singularia
394 932 489 966 habet
504 931 550 966 ad
577 942 765 972 accentum,
793 929 960 980 spiritum,
988 929 1194 977 scripturam,
1219 931 1361 967 fabulam
1382 943 1438 967 aut
1452 934 1665 981 prouerbium
1683 945 1752 980 per-

139 987 294 1023 tinentia
317 983 356 1018 de
383 984 591 1024 nominibus,
631 985 663 1017 in
681 999 706 1019 οι
727 981 961 1023 desinentibus,
988 994 1024 1017 vt
1043 980 1150 1022 ἔνδεια.
1177 983 1227 1019 vel
1250 980 1338 1021 ἐνδέοι
1357 995 1388 1019 et
1404 983 1536 1033 quando
1553 997 1589 1018 ea
1602 982 1753 1019 bifariam

46 1065 67 1078 ⁴
131 1034 321 1072 efferantur.
370 1038 456 1070 {tem
476 1034 538 1068 alia
562 1033 721 1082 quaedam
746 1035 886 1069 iambica
910 1037 1066 1070 trimetra.

39 1082 188 1134 Εῧλογον
207 1085 366 1137 ἀξίωμα,
398 1088 524 1120 axioma
538 1087 720 1132 probabile,
750 1083 861 1121 differt
885 1100 903 1120 a
917 1086 1174 1130 καταληπτικῆ
1196 1087 1384 1136 φαντασίᾳ
1408 1082 1431 1119 s.
1455 1084 1755 1133 comprehendente

140 1137 319 1189 phantasia.
372 1137 558 1178 Cleanthes,
582 1134 810 1185 philosophus,
837 1135 992 1186 appositis
1007 1136 1065 1185 ipsi
1082 1136 1163 1171 iussu
1183 1136 1376 1180 Ptolemaei,
1397 1139 1493 1184 regis,
1515 1137 1613 1172 malis
1628 1140 1753 1186 punicis

142 1193 258 1230 cereis,
276 1190 434 1237 negauit,
456 1186 488 1223 se
501 1186 583 1223 falso
599 1187 667 1223 viso
687 1185 869 1229 assensum,
903 1186 956 1223 sed
976 1198 1100 1223 tantum
1124 1187 1292 1236 probabile
1319 1186 1438 1235 putasse
1459 1198 1522 1223 etc.

38 1240 256 1291 Eumolpidae
272 1241 311 1275 ab
325 1239 506 1286 Eumolpo,
528 1241 674 1287 Thrace,
698 1241 752 1287 qui
765 1242 929 1275 rationem
945 1239 1092 1275 initiandi
1106 1241 1244 1281 inuenit,
1270 1238 1322 1274 vel
1340 1253 1357 1274 a
1374 1235 1504 1274 Musaei
1520 1239 1603 1281 filio,
1621 1242 1679 1289 qui
1693 1238 1755 1275 suit

131 1307 159 1328 a
183 1290 324 1328 secundo
350 1293 493 1339 quintus.

38 1343 242 1393 Eumolpus,
268 1341 520 1379 Eleufiniusrvel
537 1339 760 1382 Atheniensis,
787 1338 1033 1387 filius‘Musaei,
1057 1351 1190 1389 poetae,
1217 1349 1265 1383 et,
1292 1350 1327 1376 vt
1341 1341 1474 1390 quidam
1488 1341 1639 1386 tradunt,
1662 1340 1756 1378 disci-

140 1395 400 1444 pulustrp'hei,
427 1395 656 1443 poeta.epicus
679 1395 979 1429 ante'Homerum.
1038 1394 1124 1428 Vicit
1149 1396 1248 1429 etiarn
1269 1395 1396 1437 Pythia.
1449 1393 1501 1429 Ad
1529 1394 1639 1439 lyram
1666 1396 1755 1429 enim

138 1456 256 1496 poetae
277 1445 552 1493 derpalma-inter
572 1442 604 1479 se
617 1445 788 1480 certabant.
832 1444 972 1493 Scripsit
987 1444 1144 1484 τελεταῖς
1160 1440 1355 1494 Δήμητρος,
1383 1447 1487 1480 Initia
1505 1446 1648 1487 Cereris,
1676 1448 1755 1480 eius·

143 1511 205 1548 que
218 1497 258 1533 ad
274 1497 414 1532 Celeum
437 1495 687 1542 aduentumslf]
716 1507 747 1530 et
768 1496 956 1534 ministeria,
981 1495 1108 1531 filiabus
1123 1498 1190 1531 eius
1207 1496 1320 1531 tradita
1331 1521 1341 1537 ,
1361 1508 1469 1546 caque
1485 1500 1600 1533 omnia
1616 1497 1754 1533 versibus

141 1551 280 1585 heroicis
298 1549 430 1584 MMM.
459 1547 746 1593 Clziroscopicorum
768 1548 887 1583 librum
911 1560 1032 1588 vnum,
1062 1546 1156 1595 prosa
1179 1550 1338 1583 oratione.

39 1600 187 1636 Eunidae
211 1599 298 1649 apud
321 1597 525 1634 Athenienses
549 1597 673 1633 familia
695 1599 982 1644 citharoedorum,
1020 1597 1113 1633 saeris
1136 1596 1392 1634 inseruientium.

40 1653 244 1694 Eunomus,
271 1661 420 1699 tempore
441 1649 585 1685 Valentis
607 1653 687 1697 imp.
708 1648 878 1698 episcopus
899 1652 1103 1694 Cyzicenus,
1139 1652 1287 1685 notarius
1311 1650 1421 1691 ΑΑὲτίἰὶ,
1452 1662 1552 1697 quem
1583 1650 1756 1698 cognomi-

135 1713 222 1740 nant
241 1704 393 1742 atheum,
426 1714 503 1736 cum
526 1713 593 1750 quo
615 1700 672 1736 diu
688 1699 852 1743 versatus,
877 1699 1090 1750 sophisticum
1107 1703 1181 1736 -eius
1204 1699 1373 1736 differendi
1384 1700 1529 1736 modum
1548 1704 1688 1737 imitatus
1703 1699 1757 1736 est.

137 1757 220 1790 Eius
236 1754 359 1801 septem
384 1755 512 1788 libriin
542 1752 698 1798 epistolam
729 1755 773 1787 ad
802 1754 963 1788 Romanos
995 1763 1025 1788 et
1056 1753 1160 1794 aliae,
1202 1766 1293 1802 vquae
1327 1750 1617 1793 circumferuntur,
1666 1752 1756 1786 lucu-

143 1806 328 1847 brationes,
353 1805 528 1838 verborum
552 1803 685 1852 quidem
706 1806 802 1852 copia
825 1803 1040 1842 abundantes,
1076 1814 1107 1838 at
1129 1802 1361 1840 sententiarum
1384 1806 1515 1853 inopes,
1574 1804 1624 1838 Ex
1643 1806 1757 1838 Socra·

145 1858 189 1892 tis
209 1855 279 1891 hist.
301 1853 413 1890 eccles.
432 1856 488 1890 lv.
506 1852 539 1897 ’7.

42 1905 197 1949 Euodus,
222 1906 392 1947 Rhodius,
418 1912 516 1954 poeta
535 1906 664 1953 epicuS,
683 1904 1006 1953 ‘Neronistempore
1030 1907 1129 1946 vixit,
1153 1903 1611 1954 poetalatinusadmirabilis.
1648 1905 1755 1940 Huius

145 1957 322 1995 librirnulli
344 1957 477 1992 exstant.
885 1994 888 1995 ⁷

44 2012 262 2062 Euphorion,
296 2009 382 2044 filius
410 2005 583 2052 Aeschyli,
611 2007 741 2054 tragici,
769 2004 1152 2054 Athenienfis,.tragicus
1173 2014 1204 2041 et
1227 2004 1310 2055 ipse:
1328 2009 1391 2055 ‘qui
1412 2005 1548 2050 fabulis,
1576 2020 1652 2057 quas
1667 2017 1756 2056 pater

146 2072 222 2098 ante
243 2064 277 2096 in
298 2061 405 2097 lucem
429 2072 497 2095 non
516 2056 678 2095 ediderat,
705 2066 829 2092 certans
854 2068 968 2106 quater
984 2060 1079 2096 vicit,
1107 2055 1231 2105 scripsit
1252 2068 1283 2093 et
1302 2056 1370 2106 ipse
1384 2058 1554 2107 quaedam
1575 2060 1731 2094 dramata.

46 2115 265 2164 Euphorion,
303 2110 506 2156 Polymnesti
531 2110 564 2144 F.
587 2122 626 2144 ex
646 2107 803 2144 Chalcide
834 2109 1006 2150 Euboeae,
1047 2106 1225 2156 discipulus
1247 2112 1280 2144 in
1303 2109 1539 2157 philosophicis
1562 2110 1701 2155 Lacydis
1724 2118 1756 2144 et

147 2162 337 2201 Pritanidis:
364 2167 397 2197 in
419 2163 556 2210 poeticis
580 2172 659 2195 vero
686 2160 881 2203 Archebuli,
904 2162 1068 2202 Theraei,
1095 2169 1233 2208 poetae,
1260 2163 1351 2196 cuius
1373 2165 1470 2196 etiam
1503 2162 1636 2197 deliciae
1664 2158 1756 2196 fuisse

147 2214 259 2252 fertur.
313 2215 417 2249 Natus
445 2213 488 2248 est
514 2210 714 2260 Olympiade
731 2213 878 2246 CXXVI.
911 2225 978 2261 quo
1011 2222 1161 2261 tempore
1193 2222 1224 2247 et
1254 2214 1395 2257 Pyrrhus
1423 2227 1441 2247 a
1469 2216 1626 2249 Romanis
1655 2215 1755 2248 victus

147 2267 203 2304 est.
253 2269 341 2302 Eum
355 2268 451 2302 Nicia
465 2262 663 2307 Alexandri,
684 2266 769 2312 regis
785 2265 955 2306 Euboeae,
990 2265 1114 2299 Crateri
1136 2263 1215 2307 filii,
1247 2277 1332 2301 vxor
1353 2267 1497 2310 amauit3
1535 2266 1612 2301 hinc
1633 2263 1758 2314 praedi-

957 2317 1082 2351 Mmm
1107 2328 1131 2351 2
1701 2327 1757 2351 ven

93 2387 138 2425 ss)
156 2387 228 2416 Non
239 2384 377 2416 Eudoxus
392 2382 490 2415 versus
505 2381 634 2424 scripsit,
654 2380 705 2412 sed
717 2383 822 2412 Aratus
837 2380 951 2413 Eudoxi
964 2380 1061 2423 prosa.
