2013 2725
204 160 258 193 ις,
356 148 428 183 Lib.
446 146 513 183 JV.
531 159 553 185 c.
569 145 660 182 ΧΠ.
814 145 968 181 DIONIS
1002 143 1335 184 CHRYsosTOMt
1622 151 1739 179 voum
1757 162 1780 185 p.
1795 155 1923 185 mem
1945 119 1948 121 ’

1621 188 1924 201 ——-—-n--—

308 242 404 276 LXX.
430 241 508 285 (53.)
537 240 856 289 Περὶφιλσσοφίας.
908 239 1157 290 Philosophiam
1182 256 1251 279 non
1278 242 1450 280 consistere
1473 245 1505 279 in
1523 241 1697 293 splendidis
1712 245 1924 286 sermonibus.

205 288 261 328 sed
276 294 308 328 in
323 295 389 328 vita
404 302 434 328 et
447 295 574 329 ac'tione
590 290 735 341 serioque
749 290 920 340 sapientiae
936 292 1049 331 studio.

310 361 421 396 LXXI.
446 361 528 406 (54.)
555 358 633 410 Περὶ
651 356 839 408 φιλοσόφε.
873 358 1111 409 Philosophum
1128 358 1208 404 effe,
1233 364 1288 411 qui
1303 362 1473 399 antecellat
1491 362 1632 411 reliquos
1649 363 1799 399 homines
1815 366 1928 412 cogni-

207 413 296 447 tione
313 423 342 447 et
360 410 415 447 vsu
432 425 562 453 rerum,
589 425 658 448 non
676 424 965 461 quarumcunque,
991 410 1042 447 sed
1061 412 1303 461 praeclararum
1318 425 1349 450 et
1367 415 1497 451 vtilium
1513 414 1553 450 ad
1571 417 1668 450 vitam
1684 412 1815 451 felicem
1830 426 1927 466 atque

208 462 392 498 honestam.

311 531 438 565 LXXII.
463 532 545 575 (55.)
572 530 649 579 Περὶ
665 530 711 569 rs}
728 527 928 579 σχήματος.
985 531 1141 565 Habitum
1158 529 1346 580 philosophi
1363 532 1508 575 multos,
1533 546 1602 568 rem
1619 529 1721 582 ipsam
1736 545 1857 581 paucos
1873 533 1928 568 ha-

205 580 300 622 bere,
325 581 398 616 licet
414 582 455 617 ob
474 583 600 631 σχῆμα
618 582 698 616 istud
713 583 828 630 vulgus
847 582 887 617 ad
901 581 973 616 illos
989 581 1076 617 velut
1098 593 1221 618 ceterae
1243 596 1317 618 aues
1335 584 1375 620 ad
1396 586 1553 621 norstuam
1569 584 1762 620 aduolitent.

309 649 454 685 LXXIII.
481 650 563 694 (56.)
591 649 669 699 Περὶ
690 651 823 689 πίςεως.
876 648 974 697 Qod
992 650 1103 686 multis
1125 653 1225 686 exitio
1247 648 1359 693 fuerit,
1381 665 1430 688 res
1451 665 1588 701 magnas
1611 651 1684 702 ipsis
1702 651 1836 688 creditas
1855 650 1928 687 infi-

207 712 374 750 gnemque
396 699 497 749 fidem
522 703 553 735 in
569 700 629 736 illis
644 699 783 750 positam
797 698 902 736 fuisse.

311 760 454 803 LXXW.
477 768 558 814 (57.)
587 769 663 819 Περὶ
690 767 856 811 vinicius,
882 767 919 802 de
942 768 1173 804 incredulitate.
1225 769 1408 819 Dialogus,
1431 770 1624 813 ostendens,
1651 783 1752 820 quam
1771 767 1930 819 periculo-

208 815 280 855 sum
295 818 344 860 fit,
367 819 436 854 aliis
451 820 568 855 habere
585 830 707 855 temere
726 820 844 861 fidem,
873 829 903 854 et
919 823 1043 855 amicos
1059 818 1246 856 adsciscere:
1274 835 1379 872 neque
1403 826 1580 873 quicquam
1603 821 1666 859 esse
1688 832 1754 858 tam
1771 819 1930 857 sacrosan-

210 872 301 906 <lum
317 873 350 905 in
366 873 450 912 vita,
477 871 565 920 quod
582 885 648 906 non
667 870 789 919 perfida
803 873 981 906 hominum
1003 873 1125 907 malitia
1147 872 1256 908 violet.

312 939 440 973 LXXV.
468 940 548 983 (58.)
578 939 656 988 Περὶ
678 936 769 986 νέμε.
823 941 950 985 Legum
967 941 1179 981 encomium,
1205 938 1294 987 quod
1312 942 1343 974 in
1359 939 1502 976 editione
1524 941 1744 988 graecolatina
1759 937 1853 975 Paris.
1877 950 1931 974 ex-

208 988 353 1030 hibetur,
380 1001 449 1022 non
466 999 498 1023 vt
516 990 640 1036 reliqua
656 1003 731 1023 cum
746 988 893 1023 versione
910 991 1100 1037 Naogeorgi
1111 1017 1122 1032 ‚
1148 988 1201 1025 sed
1218 1004 1295 1025 cum
1311 991 1388 1026 Fed.
1403 992 1540 1028 Morelli
1555 993 1832 1041 interpretatione,
1853 1002 1930 1025 cum

209 1052 272 1090 qua
294 1036 466 1088 separatim
489 1038 653 1087 prodierat
678 1039 755 1075 ibid.
775 1047 862 1086 1598.
879 1047 911 1080 8.

286 1107 457 1193 fLXXVI.
497 1107 578 1153 (59.)
613 1107 691 1157 Περὶ
712 1107 817 1148 ἔθες,
853 1108 889 1141 de
917 1106 1154 1154 consuetudine,
1188 1122 1288 1158 quam
1311 1107 1439 1147 confert
1460 1123 1537 1146 cum
1558 1110 1630 1159 lege
1651 1106 1784 1158 scripta,
1806 1110 1876 1144 imo
1900 1109 1931 1145 ei

205 1170 283 1209 prae
301 1168 358 1194 ert.

312 1225 460 1260 LXXVII
481 1221 526 1273 sq.
561 1227 632 1271 (60.
652 1224 716 1272 61.)
748 1225 828 1275 Περὶ
850 1223 966 1274 φθὲνε
986 1222 1083 1272 λέγω
1099 1223 1147 1269 β’.
1207 1226 1353 1275 Dialogo
1376 1230 1484 1276 priore
1501 1226 1607 1270 docet,
1625 1227 1764 1276 figulum
1782 1225 1886 1274 figulo
1901 1234 1932 1260 et

209 1275 292 1311 alios
307 1277 444 1311 artifices
458 1286 575 1311 mutuo
592 1275 754 1319 inuidere3
782 1290 871 1320 non,
898 1282 1060 1326 genuinos
1086 1275 1322 1326 philosophos:
1350 1280 1547 1328 posteriore,
1575 1276 1763 1329 philosophi
1786 1279 1931 1313 hominis

207 1329 447 1363 humanitatem
461 1336 492 1362 et
507 1326 647 1363 studium
664 1327 773 1376 plures
793 1329 925 1364 iuuandi
942 1344 959 1364 a
974 1329 1082 1365 liuore
1097 1329 1241 1364 alienum
1258 1331 1385 1365 vberius
1406 1329 1615 1380 persequitur.
1643 1330 1698 1378 [lf]

307 1395 451 1430 LXXIX.
479 1395 566 1439 (62.)
594 1395 673 1444 Περὶ
689 1391 813 1435 πλέτε
828 1394 912 1440 (τῶν
929 1400 959 1435 ἐν
978 1399 1112 1449 Κιλικίᾳ
1127 1395 1203 1445 “D-
1254 1399 1392 1433 Diuitias
1410 1411 1517 1447 neque
1530 1407 1663 1447 gentem
1683 1408 1790 1446 neque
1804 1395 1931 1440 vrbem,

206 1458 312 1496 neque
327 1447 500 1482 hominem
525 1443 658 1481 felicem
673 1446 809 1483 reddere
832 1446 932 1496 posse.

307 1514 433 1548 LXXX.
460 1512 545 1560 (63.)
572 1513 651 1564 Περὶ
673 1514 882 1565 ἐλευθερίοις.
934 1515 1114 1564 Plerosque
1129 1514 1169 1552 de
1186 1515 1331 1552 libertate
1347 1516 1494 1566 gloriari,
1521 1518 1590 1566 qui,
1613 1516 1802 1565 voluptatis,
1827 1516 1929 1550 auari-

208 1565 271 1601 tiae
285 1574 338 1600 aut
354 1564 541 1600 ambitionis
562 1566 778 1615 compedibus
796 1568 907 1608 vineti,
928 1564 1117 1603 seruitutem
1139 1565 1289 1604 seruiant.

451 1668 509 1704 111.
562 1667 720 1703 Dionis
759 1669 1031 1719 Chrysostomi
1070 1670 1181 1706 codd.
1217 1671 1359 1706 MSSti
1396 1678 1433 1706 et
1473 1671 1685 1706 editiones.

311 1742 465 1790 [Codices
479 1745 606 1788 Mssti‚
634 1758 777 1794 quorum
803 1745 956 1795 equidem
973 1749 1122 1782 notitiam
1138 1747 1255 1790 habui,
1281 1748 1315 1782 hi
1330 1744 1397 1782 fere
1410 1744 1491 1782 sunt.
1545 1749 1583 1782 ln
1599 1745 1673 1782 bibl.
1691 1746 1932 1782 Madian-Flo.

210 1800 286 1832 rent.
305 1795 380 1830 teste
397 1796 557 1830 Bandinio
575 1799 608 1831 in
629 1797 719 1835 catal,
742 1797 838 1833 codd.
861 1811 909 1846 gr.
930 1808 1015 1834 tom.
1034 1799 1056 1834 Ι.
1072 1811 1147 1846 pag.
1166 1810 1225 1844 555.
1242 1797 1323 1846 plut.
1340 1798 1397 1832 IV.
1415 1798 1486 1833 cod.
1501 1799 1601 1833 XXII.
1617 1811 1664 1836 nr.
1680 1807 1716 1842 4³
1731 1797 1844 1834 decem
1862 1811 1935 1833 ora-

210 1849 324 1882 tiones.
352 1867 401 1874 —-
426 1857 509 1883 tom.
525 1849 566 1883 11.
595 1852 756 1897 pag.126.
780 1849 861 1896 plut.
878 1850 1009 1884 XXXII.
1035 1849 1108 1884 cod.
1124 1852 1179 1884 lV.
1206 1863 1282 1885 cum
1307 1851 1463 1885 Homero
1486 1851 1602 1884 Dionis
1627 1859 1706 1884 orat.
1725 1861 1769 1894 53.
1798 1848 1840 1884 de
1859 1850 1932 1884 Ho-

210 1910 316 1936 mero,
346 1918 397 1926 ——
430 1897 545 1934 eadem
576 1899 651 1934 ibid.
673 1912 747 1948 pag.
764 1903 842 1944 604.
869 1914 919 1935 nr.
934 1915 965 1945 4.
988 1900 1069 1950 plut.
1083 1902 1149 1940 LX,
1172 1900 1246 1937 cod.
1265 1902 1352 1936 XIV.
1382 1921 1435 1928 —
1466 1900 1542 1936 ibid.
1567 1913 1638 1949 pag.
1656 1913 1717 1946 352.
1739 1901 1817 1948 plut.
1831 1901 1932 1936 LVII.

213 1949 288 1985 cod.
304 1951 373 1985 ΧΠ.
396 1963 444 1984 nr.
460 1962 504 1986 21.
531 1952 649 1985 Dionis
674 1953 818 2000 quinque
837 1951 998 1998 epistolae,
1025 1965 1105 2000 quae
1129 1966 1197 1988 non
1221 1962 1394 1987 occurrunt
1414 1954 1447 1987 in
1465 1951 1663 1987 collectione
1684 1954 1874 1994 Cuiaciana,
1901 1961 1937 1987 et

213 2013 292 2049 quas
315 2000 488 2037 Bandinius
512 2004 664 2050 opinatur
679 2001 740 2038 effe
759 2004 877 2038 Dionis
899 2001 1147 2049 Chrysossomi,
1179 2007 1268 2038 cuius
1290 2003 1440 2053 epistolae
1466 2003 1506 2038 ad
1529 2001 1676 2050 Rufum,
1701 2001 1876 2038 Eusebium
1901 2013 1933 2039 et

211 2052 422 2087 Sabinianum
439 2057 643 2100 reperiuntur
663 2056 698 2089 in
720 2053 833 2090 codice
850 2053 1016 2092 MMMH.
1032 2055 1243 2090 bibliothecae
1259 2053 1352 2090 Paris.
1371 2055 1463 2090 catal.
1482 2064 1563 2090 tom.
1578 2056 1616 2089 11.
1641 2067 1792 2103 pag.591.
1822 2075 1870 2081 —
1897 2056 1932 2091 in

212 2103 331 2138 eodem
357 2102 431 2139 cod.
449 2104 573 2140 Medio.
593 2118 643 2141 nr.
659 2117 711 2148 30.
736 2105 812 2141 ibid.
829 2119 904 2154 pag.
921 2112 996 2150 353?
1014 2103 1120 2142 sermo
1138 2108 1302 2146 Troicus,
1329 2105 1418 2155 quod
1437 2106 1534 2141 Ilium
1558 2119 1627 2141 non
1651 2105 1688 2140 sit
1711 2116 1854 2153 captum.
1880 2126 1931 2134 --

209 2154 288 2190 ibid.
305 2168 380 2204 pag.
397 2163 452 2200 538
470 2153 538 2204 sqq.
555 2156 635 2204 plut.
650 2158 733 2192 LlX.
750 2157 824 2192 cod.
842 2159 942 2193 XXII.
969 2159 1128 2207 Μελέτοι]
1141 2157 1205 2194 ssue
1223 2160 1386 2193 orationes
1405 2158 1529 2192 LXXX.
1551 2154 1719 2206 praemissa
1734 2159 1849 2193 Dionis
1864 2159 1931 2192 vita

211 2215 242 2241 et
259 2219 384 2242 comm.
399 2206 440 2242 de
453 2207 513 2243 illo
533 2211 665 2256 eiusque
680 2208 830 2257 operibus
849 2221 886 2244 ac
901 2207 942 2244 de
955 2209 1043 2245 illius
1061 2213 1217 2246 orationis
1235 2205 1306 2260 ἰδέᾳ
1322 2206 1345 2244 s.
1360 2208 1452 2250 stilo,
1480 2219 1550 2244 tum
1569 2208 1703 2258 singulis
1718 2206 1823 2244 ferme
1839 2210 1931 2244 breui

1753 2258 1929 2309 praemisso

251 2332 305 2372 kk)
327 2334 423 2364 verba
440 2333 523 2365 tituli,
532 2336 581 2363 τῶν
597 2336 622 2363 ἕν
632 2336 745 2369 Κιλικίᾳ
760 2334 807 2363 hic
823 2333 923 2366 desunt
939 2338 968 2366 in
983 2336 1040 2367 Ve-
1094 2336 1156 2369 κίᾳ·
1185 2336 1246 2375 mys*
1265 2337 1437 2377 ἐλευθερίοις,
1469 2342 1497 2366 et
1518 2337 1574 2366 hoc
1594 2346 1660 2366 cum
1680 2336 1786 2366 Photio
1807 2346 1926 2377 quoque

209 2383 285 2406 neta.
330 2379 440 2407 Contra
461 2377 580 2407 titulum
601 2380 741 2408 orationis
765 2376 900 2413 vltimae‚
931 2385 966 2411 80
982 2378 1040 2410 scil.
1094 2381 1245 2417 congruit:
1267 2376 1418 2411 Reiskein
1433 2387 1502 2410 nota
1525 2390 1554 2421 p.
1572 2389 1637 2417 432.
1655 2385 1726 2410 tom.
1741 2381 1779 2411 11.
1802 2379 1900 2411 Harl.

208 2418 391 2460 auspicantur
405 2421 459 2456 ibi,
473 2421 530 2452 hoc
544 2420 634 2452 modo
649 2427 834 2462 conceptum:
857 2423 906 2451 τῶν
921 2423 946 2451 ἐν
960 2424 1040 2452 Ka...
