2049 2720
176 151 256 188 los.
289 146 537 186 EDITIONES
570 145 796 188 GRAECAE,
829 144 896 182 ET
928 141 1314 182 GRAECOLATINAE
1367 142 1438 178 Lib.
1452 139 1562 180 IVJ.
1579 137 1694 176 VIII.
1745 149 1786 185 39

824 243 944 276 Aetas
980 240 1037 274 111.

696 300 747 336 Ab
783 313 871 336 anno
904 303 1160 344 1700—-1788‘,

487 377 706 414 Editiones
729 388 924 425 graecae,
976 383 1015 411 et
1041 370 1371 423 graecolatinum

173 438 316 476 Pluribus
338 439 453 475 abhinc
474 440 566 474 annis
589 435 693 472 inulta
716 436 907 472 excellentia
928 438 1058 483 ingenia
1081 447 1222 485 operum
1247 432 1408 483 Iosephin.
1432 428 1611 467 editionem
1632 425 1789 477 parturie.

73 500 168 535 runt3
193 488 247 526 sed
261 487 388 537 nescio,
417 503 482 539 quo
503 487 574 524 fato
590 486 715 524 facium
733 486 787 531 fit,
813 499 846 523 vt
860 486 1001 530 foetum,
1020 489 1132 522 animo
1151 498 1350 534 conceptum
1367 495 1398 520 et
1412 481 1504 532 saepe
1519 485 1582 516 iam
1598 482 1702 530 partui
1720 493 1788 514 ma-

73 552 198 585 turum,
213 545 246 577 in
259 542 367 578 lucem
382 541 478 577 edere
492 554 561 576 non
580 542 756 589 potuerint.
808 540 973 574 Omnibus
990 541 1090 577 enim,
1117 541 1173 588 qui
1189 536 1353 573 vtilissimo
1369 538 1446 571 huic
1460 535 1567 570 labori
1582 545 1719 568 manum
1736 529 1792 566 ad·-

72 602 265 635 mouerunt,
291 593 342 628 vel
358 604 482 636 morte,
508 604 682 640 antequam
701 588 925 633 absumerent,
953 593 1154 639 praeuentis,
1181 589 1232 625 vel
1248 590 1290 625 ob
1307 589 1383 624 alias
1401 585 1507 622 causas
1521 600 1539 620 a
1557 594 1674 631 coepto
1695 595 1788 617 reuo-

73 647 168 688 catis,
192 644 347 681 litteratus
369 645 453 680 orbis
473 644 626 684 diuturna
647 640 886 692 exspediatione
905 640 1071 691 suspensus
1093 653 1124 677 et
1146 644 1229 677 noui
1253 638 1381 690 Iosephi
1400 636 1560 674 desiderio
1581 648 1682 685 paene
1699 632 1788 669 adfli-

72 697 162 740 clus,
186 694 277 746 spem
291 695 421 732 tandem
439 705 470 731 et
485 706 560 731 vota
576 693 630 730 sua
645 708 703 743 per
715 697 880 743 integrum
894 692 1058 730 saeculum
1079 691 1190 729 delusa
1212 690 1317 728 sensit.

173 776 271 809 Anno
292 781 377 818 1588.
400 774 578 809 Bonauent.
594 772 763 808 Cornelius
786 772 977 815 Rern-amus
1000 774 1032 805 in
1057 769 1336 806 lucubrationibus
1361 765 1422 804 suis
1441 760 1788 803 Frankenthalensibus

73 838 143 875 cap.
160 826 216 859 ΙΙΙ.
239 837 315 873 pag.
330 838 377 869 53.
392 824 623 872 profitebatur,
652 822 683 859 se
702 825 769 857 iam
787 822 917 870 pridem
940 825 973 858 in
997 835 1113 857 omnes
1137 819 1266 869 Iosephi
1288 821 1386 856 libros
1408 829 1500 854 notas
1516 815 1734 857 meditatum,
1760 823 1791 847 et

74 875 250 925 aliquando
278 876 443 912 editurum
469 874 540 911 effe.
601 877 728 910 Verum
750 873 902 910 sexennio
919 873 988 923 poss
1009 871 1186 914 Lausanni,
1211 886 1278 921 quo
1299 887 1316 906 a
1332 874 1505 906 Bernatum
1530 866 1692 917 republica
1714 877 1790 899 euo-

73 939 160 964 catus
175 925 299 970 fuerat,
327 938 475 963 mortuus
488 955 497 971 ,
525 925 617 975 spem
633 924 755 963 faciam
773 923 902 961 fefellit.
954 927 1050 960 Hanc
1067 926 1225 959 iac'lurarn
1242 923 1394 970 Iosephus
1410 921 1484 967 Just.
1501 921 1644 966 Scaliger
1663 915 1789 952 abunde

71 980 277 1028 reparaturus
293 978 468 1015 videbatur.
521 980 588 1013 Vix
603 980 693 1014 enim
710 974 898 1013 thesaurum
917 987 1109 1024 temporum
1126 979 1157 1010 in
1180 976 1287 1011 lucem
1308 974 1472 1022 publicam
1493 969 1659 1012 emiserat,
1687 980 1790 1017 quum

72 1031 224 1080 plerique
240 1029 462 1072 eruditorum,
486 1028 698 1072 casaubono,
724 1032 758 1064 in
774 1028 864 1077 epist.
881 1031 960 1073 496.
977 1027 1049 1062 edit.
1070 1029 1187 1062 Graeu.
1214 1026 1302 1068 teste,
1327 1039 1397 1060 non
1417 1023 1617 1066 dubitarent,
1644 1023 1721 1069 quin
1741 1021 1791 1054 10-

71 1080 208 1131 sephum
223 1083 261 1116 ab
278 1083 430 1117 omnibus
448 1080 574 1117 mendis
589 1090 822 1129 expurgaturus
833 1107 843 1121 ,
870 1078 1038 1126 doiliaque
1055 1076 1114 1113 suis
1131 1075 1460 1113 animaduersionibus
1477 1074 1688 1110 illustraturus
1705 1067 1794 1106 effer.

71 1131 267 1170 Promiserat
283 1135 372 1168 enim
390 1132 513 1167 Carolo
528 1132 656 1167 Labbeo
674 1145 732 1179 per
747 1132 880 1173 litteras,
901 1132 1000 1165 nonis
1016 1131 1107 1164 Febr.
1127 1132 1217 1172 1607.
1232 1126 1382 1177 scriptas,
1408 1124 1439 1161 se
1455 1125 1495 1161 de
1510 1124 1667 1174 Iosepho,
1695 1121 1793 1157 duma

73 1184 179 1222 modo
203 1188 388 1220 amicorum
410 1197 474 1232 ope
489 1185 582 1219 MSS.
601 1182 695 1218 codd.
720 1183 878 1218 lec‘liones
901 1178 1042 1215 nancisci
1067 1179 1182 1229 poffit,
1210 1181 1291 1214 bene
1313 1181 1527 1219 meriturum3
1554 1187 1583 1211 et
1604 1176 1702 1210 morti
1725 1177 1790 1207 iam

71 1238 214 1276 vicinus,
239 1235 278 1270 ad
293 1233 534 1284 exsequendum
552 1236 620 1269 hoc
635 1232 838 1283 propositum
850 1261 859 1276 ,
886 1234 981 1267 aetati
995 1229 1067 1266 suae
1083 1233 1212 1266 triennii
1233 1228 1373 1280 spatium
1394 1226 1566 1278 superaddi
1582 1233 1795 1273 exoptauerat·

73 1287 137 1324 vid.
154 1289 267 1322 Patina·
281 1287 369 1336 epist.
385 1291 438 1330 67.
455 1285 530 1322 edit.
550 1284 642 1321 Paris.
696 1287 822 1321 Verum
838 1297 928 1319 mors
946 1282 1039 1318 istam
1056 1281 1186 1332 Iosephi
1209 1281 1433 1318 recensionem
1457 1282 1502 1315 rei
1523 1279 1692 1314 litterariae
1707 1277 1794 1311 inui«

73 1338 129 1375 dit.
181 1339 290 1374 Exstat
303 1352 380 1374 vero
394 1341 428 1372 in
445 1337 641 1373 bibliotheca
657 1335 839 1372 Vinarienfi
856 1335 955 1371 editio
972 1333 1103 1383 Iosephi
1121 1333 1212 1370 Bafil.
1231 1336 1356 1384 prima,
1382 1335 1434 1368 cui
1458 1329 1622 1380 adpositae
1644 1327 1717 1363 sunt
1731 1339 1793 1362 nos

72 1401 126 1427 tae
149 1403 250 1426 manu
273 1390 446 1439 Scaligeri,
473 1389 550 1424 teste
571 1387 762 1438 Villoffom‘o
788 1391 822 1424 in
841 1388 929 1436 epist.
943 1389 1058 1422 Vinar.
1074 1400 1108 1435 p.
1126 1395 1178 1427 80.
1232 1385 1305 1422 Post
1330 1383 1484 1433 Scaligeri
1508 1393 1650 1418 mortem
1673 1391 1793 1429 parum

74 1443 200 1484 aberat,
215 1444 306 1491 ·quin
330 1456 397 1477 non
418 1440 650 1490 poenitendam
674 1438 804 1490 losephi
831 1438 1053 1474 recensionem
1077 1439 1211 1485 Isaacus
1230 1438 1435 1484 Casaubonus
1464 1432 1613 1475 dediffet,
1646 1435 1701 1481 qui
1723 1433 1791 1465 iam

74 1493 188 1529 Caroli
204 1493 323 1528 Labbei
339 1507 440 1542 opera
457 1492 585 1528 adiutus
602 1496 708 1540 regios
725 1490 817 1527 Paris.
834 1490 931 1525 codd.
947 1489 989 1525 ad
1004 1489 1170 1538 vulgatam
1186 1488 1315 1536 losephi
1330 1487 1510 1523 editionem
1534 1483 1684 1520 conferre
1706 1482 1795 1517 inssi-

74 1555 195 1585 tuerat,
222 1555 255 1579 vt
271 1546 428 1593 Scaligeri
445 1555 581 1579 conatus
598 1543 779 1579 adiuuaret.
831 1546 976 1584 Verum,
1001 1555 1104 1590 quum
1126 1554 1231 1590 neque
1251 1551 1335 1576 aetas
1356 1539 1545 1588 prouediior
1569 1546 1674 1571 tantae
1694 1533 1793 1570 molis

75 1599 168 1645 operi
183 1593 320 1631 ferendo
337 1610 414 1645 par,
438 1609 544 1643 neque
565 1595 651 1637 loci,
679 1596 731 1630 vbi
757 1605 902 1631 extrema
923 1596 1008 1629 vitae
1030 1602 1181 1642 tempora
1202 1591 1354 1637 ducebat,
1388 1589 1534 1625 conditio
1556 1591 1632 1624 huic
1653 1588 1790 1634 negotio

73 1646 146 1696 satis
166 1646 346 1683 commoda
366 1647 550 1690 videretur,
577 1647 660 1682 nihil
685 1657 769 1682 certa
795 1647 859 1682 fide
884 1645 924 1681 de
948 1644 1089 1694 Iosepho
1117 1645 1308 1692 promittere
1330 1642 1373 1678 est
1393 1639 1496 1677 ausus.
1523 1639 1598 1675 vid.
1615 1637 1705 1687 epist.
1722 1648 1791 1680 717.

73 1701 111 1734 In
125 1701 301 1747 apothecae
314 1698 576 1735 Casaubouianae
592 1697 794 1740 excussione,
822 1709 954 1733 curante
962 1697 1122 1732 Rimas-do
1133 1697 1290 1741 Parkcro,
1307 1695 1467 1730 habentur
1481 1695 1548 1728 eius
1566 1695 1598 1727 in
1614 1688 1793 1737 Iosephum

75 1764 115 1786 ex
129 1750 268 1791 codicis,
295 1764 362 1798 quo
385 1749 455 1785 vsus
471 1750 533 1793 est,
560 1752 624 1785 oris
640 1761 797 1797 excerpta.
823 1748 897 1784 Vid.
918 1750 1010 1784 catal.
1028 1747 1103 1783 bibl.
1120 1747 1243 1783 Bodlei.
1276 1749 1400 1782 Petrus
1417 1746 1563 1780 Cunafuf
1578 1746 1610 1777 in
1627 1741 1736 1776 litteris
1753 1739 1792 1774 ad

73 1803 276 1838 Frauconem
297 1803 489 1846 Duykimn,
517 1801 582 1837 fiue
598 1805 629 1836 in
648 1800 783 1851 praefat.
800 1801 838 1836 ad
855 1801 924 1836 libr.
939 1802 994 1835 111.
1015 1799 1055 1835 de
1069 1799 1210 1846 Republ.
1226 1800 1326 1833 Hebr.
1342 1798 1600 1833 commentarios
1618 1797 1649 1828 in
1666 1794 1794 1827 vniuer·

74 1851 108 1889 sa
123 1851 250 1902 losephi
268 1867 368 1902 opera
382 1854 530 1902 polliceri
546 1857 685 1889 minime
700 1854 877 1896 dubitauit,
903 1855 993 1887 cuius
1009 1849 1204 1899 exspedlatio
1219 1853 1383 1885 maximos
1399 1852 1497 1884 etiam
1514 1850 1611 1885 viros,
1641 1842 1795 1879 domesti-

75 1917 151 1951 cos,
177 1916 433 1954 extraneosun
461 1905 538 1940 teste
552 1905 711 1954 Adolpho
728 1905 883 1947 Vorssio,
909 1907 942 1938 in
959 1914 1040 1939 orat.
1056 1901 1183 1938 funebri
1204 1904 1339 1937 Cunaeo
1362 1900 1465 1941 dic‘la,
1491 1895 1656 1945 suspensos
1680 1896 1793 1930 tenuit.

74 1958 201 1991 Verum
219 1967 292 1991 ante
308 1970 407 2005 quam
426 1956 527 1991 fidem
543 1955 720 1998 liberasset,
749 1958 830 1991 viuis
846 1954 990 1997 excessit,
1015 1955 1166 1990 omnibus
1183 1952 1265 1988 adeo
1283 1951 1357 1992 suis,
1384 1951 1631 1996 Hauercarnpio
1648 1946 1736 1989 teste,
1759 1948 1793 1980 in

74 2005 253 2055 Iosephum
267 2007 530 2042 adnotationibus
555 2008 706 2043 comburi
729 2006 824 2042 iuffis.
876 2006 967 2042 Ldem
984 2007 1118 2040 Snmueli
1138 2006 1243 2038 Petito
1267 2002 1402 2044 accidit3
1429 2005 1496 2051 qui,
1519 2004 1609 2043 1643.
1625 2009 1731 2034 morte
1748 2000 1794 2032 in-

74 2069 236 2106 terceptus
248 2059 418 2108 polluinas
435 2071 581 2099 tanturn,
609 2056 881 2107 imperfeclasque
896 2071 956 2092 nec
980 2056 1019 2091 ad
1043 2055 1233 2091 vmbilicurn
1261 2054 1430 2103 perduc‘ias
1453 2056 1487 2088 in
1506 2052 1680 2100 loseplium
1705 2050 1796 2084 lucu·

75 2110 237 2146 brationes
254 2111 400 2159 reliquit,
429 2109 641 2158 postmodum
672 2113 704 2144 in
729 2109 801 2143 bibl.
818 2108 1032 2144 Bodleianam
1057 2121 1096 2142 ex
1113 2107 1221 2143 Gallia
1238 2109 1432 2141 transuec'ias
1449 2107 1512 2148 ‘'³);
1536 2116 1653 2152 parum
1671 2111 1792 2141 tamen,

74 2171 108 2197 vt
131 2162 202 2210 post
225 2163 348 2197 multos
370 2161 470 2202 alim,
503 2166 558 2210 qui
586 2159 773 2209 inspexere,
807 2162 960 2195 Thomas
984 2160 1129 2195 Sinithus
1163 2160 1195 2193 in
1224 2161 1287 2192 vita
1316 2155 1458 2192 quardi
1485 2154 1634 2190 bernardi
1662 2152 1792 2191 iudicat,

76 2212 116 2248 ad
140 2212 364 2249 illustrandum
389 2211 565 2260 iosephum
589 2212 716 2248 subsidii
741 2212 911 2248 adlaturas.
973 2214 1127 2252 Interim,
1160 2220 1192 2244 vt
1216 2219 1282 2243 erat
1304 2206 1567 2248 litteratissimus,
1600 2218 1675 2241 curn
1702 2202 1791 2238 fama

34 2287 37 2290 -
74 2262 190 2312 paffim
204 2262 385 2313 spargeret,
413 2278 488 2301 eum
502 2269 535 2300 in
549 2278 638 2301 noua
660 2263 822 2314 scriptoris
845 2265 941 2299 huius
964 2264 1249 2312 interpretatione,
1273 2270 1304 2295 et
1324 2259 1471 2300 edendis,
1500 2271 1582 2307 quae
1604 2260 1792 2303 interpreta-

0 2479 3 2542 t
33 2520 37 2523 ,

1664 2311 1790 2342 tionem

117 2384 174 2420 yy)
201 2382 268 2411 vid.
290 2382 410 2424 praefat.
433 2384 468 2413 ad
490 2384 682 2423 Sorberiana,
711 2390 739 2414 et
762 2382 913 2426 epistolam
928 2381 1068 2415 Sorberii
1089 2381 1124 2413 ad
1140 2379 1309 2420 Barlaeum,
1332 2381 1363 2410 iu
1385 2375 1619 2410 calceamina
1633 2385 1677 2406 nr.
1693 2383 1740 2412 59-
1763 2379 1793 2401 et

79 2423 166 2458 Bayle
180 2426 260 2466 epist.
283 2437 347 2469 pag.
364 2437 424 2457 120.
446 2426 539 2458 Harl.

186 2573 201 2583 ο
