<?xml version="1.0" encoding="UTF-8"?>
<!DOCTYPE html PUBLIC "-//W3C//DTD XHTML 1.0 Transitional//EN"
    "http://www.w3.org/TR/xhtml1/DTD/xhtml1-transitional.dtd">
<html xmlns="http://www.w3.org/1999/xhtml" xml:lang="en" lang="en">
 <head>
  <title>
</title>
<meta http-equiv="Content-Type" content="text/html;charset=utf-8" />
  <meta name='ocr-system' content='tesseract 3.04.00' />
  <meta name='ocr-capabilities' content='ocr_page ocr_carea ocr_par ocr_line ocrx_word'/>
</head>
<body>
  <div class='ocr_page' id='page_1' title='image "./bibliothecagraec05fabruoft_0417.png"; bbox 0 0 2049 2720; ppageno 0'>
   <div class='ocr_carea' id='block_1_1' title="bbox 547 112 1778 195">
    <p class='ocr_par' dir='ltr' id='par_1_1' title="bbox 547 112 1778 195">
     <span class='ocr_line' id='line_1_1' title="bbox 547 112 1778 195; baseline 0.006 -18"><span class='ocrx_word' id='word_1_1' title='bbox 547 112 550 113; x_wconf 32' lang='lat'><em>⁷</em></span> <span class='ocrx_word' id='word_1_2' title='bbox 593 139 806 178; x_wconf 65' lang='lat' dir='ltr'>sxsTEMA</span> <span class='ocrx_word' id='word_1_3' title='bbox 836 140 1000 178; x_wconf 74' lang='lat' dir='ltr'>GALENI</span> <span class='ocrx_word' id='word_1_4' title='bbox 1031 142 1258 181; x_wconf 69' lang='lat' dir='ltr'>MrmcvM</span> <span class='ocrx_word' id='word_1_5' title='bbox 1347 146 1497 185; x_wconf 78' lang='lat' dir='ltr'>Lib.1V.</span> <span class='ocrx_word' id='word_1_6' title='bbox 1510 146 1653 183; x_wconf 40' lang='lat' dir='ltr'>AXJK</span> <span class='ocrx_word' id='word_1_7' title='bbox 1717 161 1778 195; x_wconf 73' lang='lat'>395</span> 
     </span>
    </p>
   </div>
   <div class='ocr_carea' id='block_1_2' title="bbox 65 234 1779 336">
    <p class='ocr_par' dir='ltr' id='par_1_2' title="bbox 65 234 1779 336">
     <span class='ocr_line' id='line_1_2' title="bbox 65 234 1779 323; baseline 0.003 -51"><span class='ocrx_word' id='word_1_8' title='bbox 65 237 209 323; x_wconf 51' lang='lat' dir='ltr'>partit-iim</span> <span class='ocrx_word' id='word_1_9' title='bbox 228 234 381 272; x_wconf 79' lang='lat' dir='ltr'>statuebat</span> <span class='ocrx_word' id='word_1_10' title='bbox 401 235 434 281; x_wconf 80' lang='grc' dir='ltr'>ι)</span> <span class='ocrx_word' id='word_1_11' title='bbox 449 237 576 273; x_wconf 80' lang='lat' dir='ltr'>ratione</span> <span class='ocrx_word' id='word_1_12' title='bbox 596 236 739 286; x_wconf 85' lang='lat' dir='ltr'>figurae,</span> <span class='ocrx_word' id='word_1_13' title='bbox 760 237 794 283; x_wconf 91' lang='lat'>2)</span> <span class='ocrx_word' id='word_1_14' title='bbox 810 239 936 274; x_wconf 83' lang='lat' dir='ltr'>ratione</span> <span class='ocrx_word' id='word_1_15' title='bbox 958 241 1087 274; x_wconf 87' lang='lat' dir='ltr'>numeri</span> <span class='ocrx_word' id='word_1_16' title='bbox 1106 239 1363 288; x_wconf 86' lang='lat' dir='ltr'>particularum,</span> <span class='ocrx_word' id='word_1_17' title='bbox 1390 241 1424 287; x_wconf 84' lang='lat'>3)</span> <span class='ocrx_word' id='word_1_18' title='bbox 1439 243 1566 278; x_wconf 83' lang='lat' dir='ltr'>ratione</span> <span class='ocrx_word' id='word_1_19' title='bbox 1586 244 1779 291; x_wconf 72' lang='lat' dir='ltr'>quantitatis,</span> 
     </span>
     <span class='ocr_line' id='line_1_3' title="bbox 65 291 291 336; baseline 0.013 -14"><span class='ocrx_word' id='word_1_20' title='bbox 65 291 102 334; x_wconf 83' lang='lat'>4)</span> <span class='ocrx_word' id='word_1_21' title='bbox 120 300 166 336; x_wconf 89' lang='lat' dir='ltr'>po</span> <span class='ocrx_word' id='word_1_22' title='bbox 181 298 291 325; x_wconf 75' lang='lat' dir='ltr'>iturae.</span> 
     </span>
    </p>
   </div>
   <div class='ocr_carea' id='block_1_3' title="bbox 53 370 1781 1194">
    <p class='ocr_par' dir='ltr' id='par_1_3' title="bbox 53 370 1781 1194">
     <span class='ocr_line' id='line_1_4' title="bbox 167 370 1781 426; baseline 0.004 -18"><span class='ocrx_word' id='word_1_23' title='bbox 167 373 281 408; x_wconf 86' lang='lat' dir='ltr'>Morbi</span> <span class='ocrx_word' id='word_1_24' title='bbox 303 370 421 409; x_wconf 76' lang='lat' dir='ltr'>caussas</span> <span class='ocrx_word' id='word_1_25' title='bbox 441 375 476 409; x_wconf 86' lang='lat' dir='ltr'>in</span> <span class='ocrx_word' id='word_1_26' title='bbox 496 376 635 409; x_wconf 89' lang='lat' dir='ltr'>internas</span> <span class='ocrx_word' id='word_1_27' title='bbox 659 383 690 409; x_wconf 92' lang='lat' dir='ltr'>et</span> <span class='ocrx_word' id='word_1_28' title='bbox 712 382 857 410; x_wconf 84' lang='lat' dir='ltr'>externas</span> <span class='ocrx_word' id='word_1_29' title='bbox 879 371 997 409; x_wconf 78' lang='lat' dir='ltr'>diuisit.</span> <span class='ocrx_word' id='word_1_30' title='bbox 1048 375 1204 411; x_wconf 81' lang='lat' dir='ltr'>Externas</span> <span class='ocrx_word' id='word_1_31' title='bbox 1229 374 1501 420; x_wconf 83' lang='lat' dir='ltr'>occafionalium,</span> <span class='ocrx_word' id='word_1_32' title='bbox 1529 376 1596 413; x_wconf 67' lang='lat' dir='ltr'>siue</span> <span class='ocrx_word' id='word_1_33' title='bbox 1616 387 1781 426; x_wconf 84' lang='lat' dir='ltr'>procatar-</span> 
     </span>
     <span class='ocr_line' id='line_1_5' title="bbox 64 422 1779 478; baseline 0.002 -17"><span class='ocrx_word' id='word_1_34' title='bbox 64 422 224 461; x_wconf 57' lang='lat' dir='ltr'>&amp;icarum</span> <span class='ocrx_word' id='word_1_35' title='bbox 251 428 390 461; x_wconf 88' lang='lat' dir='ltr'>nomine</span> <span class='ocrx_word' id='word_1_36' title='bbox 416 428 543 475; x_wconf 84' lang='lat' dir='ltr'>primus</span> <span class='ocrx_word' id='word_1_37' title='bbox 567 425 750 474; x_wconf 68' lang='lat' dir='ltr'>insignitur,</span> <span class='ocrx_word' id='word_1_38' title='bbox 793 437 914 474; x_wconf 88' lang='lat' dir='ltr'>eosque</span> <span class='ocrx_word' id='word_1_39' title='bbox 940 429 974 462; x_wconf 88' lang='lat' dir='ltr'>in</span> <span class='ocrx_word' id='word_1_40' title='bbox 995 423 1049 462; x_wconf 87' lang='lat' dir='ltr'>sex</span> <span class='ocrx_word' id='word_1_41' title='bbox 1070 428 1165 463; x_wconf 90' lang='lat' dir='ltr'>rebus</span> <span class='ocrx_word' id='word_1_42' title='bbox 1186 440 1256 462; x_wconf 90' lang='lat' dir='ltr'>non</span> <span class='ocrx_word' id='word_1_43' title='bbox 1275 427 1490 473; x_wconf 76' lang='lat' dir='ltr'>naturalibus,</span> <span class='ocrx_word' id='word_1_44' title='bbox 1531 442 1614 478; x_wconf 88' lang='lat' dir='ltr'>quae</span> <span class='ocrx_word' id='word_1_45' title='bbox 1642 442 1779 478; x_wconf 88' lang='lat' dir='ltr'>quoque</span> 
     </span>
     <span class='ocr_line' id='line_1_6' title="bbox 65 473 1777 526; baseline 0.002 -15"><span class='ocrx_word' id='word_1_46' title='bbox 65 486 190 511; x_wconf 88' lang='lat' dir='ltr'>nomen</span> <span class='ocrx_word' id='word_1_47' title='bbox 210 473 306 513; x_wconf 90' lang='lat' dir='ltr'>suum</span> <span class='ocrx_word' id='word_1_48' title='bbox 329 478 368 513; x_wconf 88' lang='lat' dir='ltr'>ab</span> <span class='ocrx_word' id='word_1_49' title='bbox 388 491 428 513; x_wconf 91' lang='lat' dir='ltr'>eo</span> <span class='ocrx_word' id='word_1_50' title='bbox 451 488 662 525; x_wconf 84' lang='lat' dir='ltr'>acceperunt,</span> <span class='ocrx_word' id='word_1_51' title='bbox 697 475 768 512; x_wconf 83' lang='lat' dir='ltr'>fitas</span> <span class='ocrx_word' id='word_1_52' title='bbox 788 475 994 526; x_wconf 79' lang='lat' dir='ltr'>potissimum</span> <span class='ocrx_word' id='word_1_53' title='bbox 1015 476 1078 513; x_wconf 90' lang='lat' dir='ltr'>esse</span> <span class='ocrx_word' id='word_1_54' title='bbox 1101 478 1304 514; x_wconf 86' lang='lat' dir='ltr'>existimauit.</span> <span class='ocrx_word' id='word_1_55' title='bbox 1362 481 1432 515; x_wconf 86' lang='lat' dir='ltr'>Has</span> <span class='ocrx_word' id='word_1_56' title='bbox 1454 482 1487 515; x_wconf 90' lang='lat' dir='ltr'>in</span> <span class='ocrx_word' id='word_1_57' title='bbox 1510 483 1675 517; x_wconf 62' lang='lat' dir='ltr'>actionem</span> <span class='ocrx_word' id='word_1_58' title='bbox 1697 494 1777 516; x_wconf 85' lang='lat' dir='ltr'>con.</span> 
     </span>
     <span class='ocr_line' id='line_1_7' title="bbox 64 526 1778 579; baseline 0.003 -18"><span class='ocrx_word' id='word_1_59' title='bbox 64 529 163 562; x_wconf 86' lang='lat' dir='ltr'>citare</span> <span class='ocrx_word' id='word_1_60' title='bbox 191 530 330 564; x_wconf 82' lang='lat' dir='ltr'>internas</span> <span class='ocrx_word' id='word_1_61' title='bbox 359 526 478 564; x_wconf 76' lang='lat' dir='ltr'>caussas</span> <span class='ocrx_word' id='word_1_62' title='bbox 505 528 645 573; x_wconf 77' lang='lat' dir='ltr'>docuit‚&#39;</span> <span class='ocrx_word' id='word_1_63' title='bbox 670 540 810 577; x_wconf 90' lang='lat' dir='ltr'>quarum</span> <span class='ocrx_word' id='word_1_64' title='bbox 841 527 963 579; x_wconf 84' lang='lat' dir='ltr'>duplex</span> <span class='ocrx_word' id='word_1_65' title='bbox 992 542 1094 578; x_wconf 89' lang='lat' dir='ltr'>genus</span> <span class='ocrx_word' id='word_1_66' title='bbox 1121 530 1497 577; x_wconf 71' lang='lat' dir='ltr'>statuit„antecedentis</span> <span class='ocrx_word' id='word_1_67' title='bbox 1519 532 1693 575; x_wconf 75' lang='lat' dir='ltr'>morbum,</span> <span class='ocrx_word' id='word_1_68' title='bbox 1721 530 1778 567; x_wconf 79' lang='lat' dir='ltr'>seu</span> 
     </span>
     <span class='ocr_line' id='line_1_8' title="bbox 63 579 1778 629; baseline 0.001 -13"><span class='ocrx_word' id='word_1_69' title='bbox 63 581 316 628; x_wconf 64' lang='grc' dir='ltr'>προηγεμένης,</span> <span class='ocrx_word' id='word_1_70' title='bbox 345 590 377 616; x_wconf 92' lang='lat' dir='ltr'>et</span> <span class='ocrx_word' id='word_1_71' title='bbox 397 593 475 616; x_wconf 84' lang='lat' dir='ltr'>cum</span> <span class='ocrx_word' id='word_1_72' title='bbox 496 580 618 615; x_wconf 88' lang='lat' dir='ltr'>morbo</span> <span class='ocrx_word' id='word_1_73' title='bbox 639 582 845 617; x_wconf 64' lang='lat' dir='ltr'>coniunctae.</span> <span class='ocrx_word' id='word_1_74' title='bbox 906 582 1050 617; x_wconf 89' lang='lat' dir='ltr'>Internas</span> <span class='ocrx_word' id='word_1_75' title='bbox 1070 583 1128 617; x_wconf 89' lang='lat' dir='ltr'>has</span> <span class='ocrx_word' id='word_1_76' title='bbox 1153 579 1262 617; x_wconf 83' lang='lat' dir='ltr'>causas</span> <span class='ocrx_word' id='word_1_77' title='bbox 1284 580 1449 629; x_wconf 89' lang='lat' dir='ltr'><strong>duplicem</strong></span> <span class='ocrx_word' id='word_1_78' title='bbox 1474 593 1623 618; x_wconf 83' lang='lat' dir='ltr'>naturam</span> <span class='ocrx_word' id='word_1_79' title='bbox 1648 580 1778 624; x_wconf 82' lang='lat' dir='ltr'>habere,</span> 
     </span>
     <span class='ocr_line' id='line_1_9' title="bbox 63 630 1779 682; baseline 0.003 -18"><span class='ocrx_word' id='word_1_80' title='bbox 63 632 172 665; x_wconf 85' lang='lat' dir='ltr'>autin</span> <span class='ocrx_word' id='word_1_81' title='bbox 196 630 356 680; x_wconf 83' lang='lat' dir='ltr'>inaequali</span> <span class='ocrx_word' id='word_1_82' title='bbox 378 630 623 668; x_wconf 83' lang='lat' dir='ltr'>elementorum</span> <span class='ocrx_word' id='word_1_83' title='bbox 645 634 787 667; x_wconf 81' lang='lat' dir='ltr'>mixtura</span> <span class='ocrx_word' id='word_1_84' title='bbox 812 632 852 666; x_wconf 88' lang='lat' dir='ltr'>ab</span> <span class='ocrx_word' id='word_1_85' title='bbox 880 645 982 682; x_wconf 86' lang='lat' dir='ltr'>eaque</span> <span class='ocrx_word' id='word_1_86' title='bbox 1010 632 1172 681; x_wconf 79' lang='lat' dir='ltr'><strong>pendente</strong></span> <span class='ocrx_word' id='word_1_87' title='bbox 1199 633 1363 681; x_wconf 87' lang='lat' dir='ltr'>inaequali</span> <span class='ocrx_word' id='word_1_88' title='bbox 1387 636 1559 681; x_wconf 79' lang='lat' dir='ltr'>temperie,</span> <span class='ocrx_word' id='word_1_89' title='bbox 1600 633 1652 669; x_wconf 84' lang='lat' dir='ltr'>vel</span> <span class='ocrx_word' id='word_1_90' title='bbox 1680 637 1779 670; x_wconf 88' lang='lat' dir='ltr'>etiam</span> 
     </span>
     <span class='ocr_line' id='line_1_10' title="bbox 63 679 1779 734; baseline 0.003 -19"><span class='ocrx_word' id='word_1_91' title='bbox 63 682 102 715; x_wconf 83' lang='lat' dir='ltr'>in</span> <span class='ocrx_word' id='word_1_92' title='bbox 119 679 243 717; x_wconf 86' lang='lat' dir='ltr'>exceffu</span> <span class='ocrx_word' id='word_1_93' title='bbox 266 682 318 719; x_wconf 88' lang='lat' dir='ltr'>vel</span> <span class='ocrx_word' id='word_1_94' title='bbox 337 680 465 719; x_wconf 67' lang='lat' dir='ltr'>defectu</span> <span class='ocrx_word' id='word_1_95' title='bbox 487 683 729 719; x_wconf 84' lang='lat' dir='ltr'>elementorum</span> <span class='ocrx_word' id='word_1_96' title='bbox 749 692 781 719; x_wconf 87' lang='lat' dir='ltr'>et</span> <span class='ocrx_word' id='word_1_97' title='bbox 802 683 994 732; x_wconf 70' lang='lat' dir='ltr'>qualitatum</span> <span class='ocrx_word' id='word_1_98' title='bbox 1006 710 1016 725; x_wconf 84' lang='lat'>,</span> <span class='ocrx_word' id='word_1_99' title='bbox 1043 697 1121 733; x_wconf 87' lang='lat' dir='ltr'>quas</span> <span class='ocrx_word' id='word_1_100' title='bbox 1139 685 1256 720; x_wconf 86' lang='lat' dir='ltr'>habere</span> <span class='ocrx_word' id='word_1_101' title='bbox 1274 683 1410 723; x_wconf 83' lang='lat' dir='ltr'>debent:</span> <span class='ocrx_word' id='word_1_102' title='bbox 1435 694 1489 720; x_wconf 87' lang='lat' dir='ltr'>aut</span> <span class='ocrx_word' id='word_1_103' title='bbox 1509 688 1543 720; x_wconf 90' lang='lat' dir='ltr'>in</span> <span class='ocrx_word' id='word_1_104' title='bbox 1559 695 1700 734; x_wconf 87' lang='lat' dir='ltr'>quatuor</span> <span class='ocrx_word' id='word_1_105' title='bbox 1716 684 1779 721; x_wconf 70' lang='lat' dir='ltr'>istis</span> 
     </span>
     <span class='ocr_line' id='line_1_11' title="bbox 62 732 1779 785; baseline 0.002 -17"><span class='ocrx_word' id='word_1_106' title='bbox 62 732 278 776; x_wconf 79' lang='lat' dir='ltr'>humoribus,</span> <span class='ocrx_word' id='word_1_107' title='bbox 318 747 401 782; x_wconf 87' lang='lat' dir='ltr'>quos</span> <span class='ocrx_word' id='word_1_108' title='bbox 422 733 519 785; x_wconf 82' lang='lat' dir='ltr'>supra</span> <span class='ocrx_word' id='word_1_109' title='bbox 541 733 702 778; x_wconf 82' lang='lat' dir='ltr'>diximus,</span> <span class='ocrx_word' id='word_1_110' title='bbox 744 747 826 784; x_wconf 80' lang='lat' dir='ltr'>quos</span> <span class='ocrx_word' id='word_1_111' title='bbox 854 736 972 784; x_wconf 88' lang='lat' dir='ltr'>triplici</span> <span class='ocrx_word' id='word_1_112' title='bbox 998 738 1078 771; x_wconf 87' lang='lat' dir='ltr'>vitio</span> <span class='ocrx_word' id='word_1_113' title='bbox 1105 734 1193 784; x_wconf 71' lang='lat' dir='ltr'>posse</span> <span class='ocrx_word' id='word_1_114' title='bbox 1216 735 1365 771; x_wconf 87' lang='lat' dir='ltr'>laborare</span> <span class='ocrx_word' id='word_1_115' title='bbox 1387 734 1531 778; x_wconf 86' lang='lat' dir='ltr'>dicebat,</span> <span class='ocrx_word' id='word_1_116' title='bbox 1571 735 1779 780; x_wconf 85' lang='lat' dir='ltr'>abundantia,</span> 
     </span>
     <span class='ocr_line' id='line_1_12' title="bbox 64 781 1780 835; baseline 0.003 -17"><span class='ocrx_word' id='word_1_117' title='bbox 64 781 215 827; x_wconf 70' lang='lat' dir='ltr'>defectu,</span> <span class='ocrx_word' id='word_1_118' title='bbox 239 788 470 832; x_wconf 76' lang='lat' dir='ltr'>eacoehymia.</span> <span class='ocrx_word' id='word_1_119' title='bbox 522 785 765 822; x_wconf 79' lang='lat' dir='ltr'>Abundantiam</span> <span class='ocrx_word' id='word_1_120' title='bbox 788 796 820 821; x_wconf 93' lang='lat' dir='ltr'>et</span> <span class='ocrx_word' id='word_1_121' title='bbox 838 784 1005 823; x_wconf 61' lang='lat' dir='ltr'>defectum</span> <span class='ocrx_word' id='word_1_122' title='bbox 1023 786 1064 822; x_wconf 89' lang='lat' dir='ltr'>ad</span> <span class='ocrx_word' id='word_1_123' title='bbox 1086 785 1278 835; x_wconf 87' lang='lat' dir='ltr'>sanguinem</span> <span class='ocrx_word' id='word_1_124' title='bbox 1299 789 1443 823; x_wconf 82' lang='lat' dir='ltr'>maxime</span> <span class='ocrx_word' id='word_1_125' title='bbox 1464 787 1592 831; x_wconf 88' lang='lat' dir='ltr'>retulit,</span> <span class='ocrx_word' id='word_1_126' title='bbox 1619 789 1780 832; x_wconf 81' lang='lat' dir='ltr'>cacochy-</span> 
     </span>
     <span class='ocr_line' id='line_1_13' title="bbox 64 835 1780 888; baseline 0.002 -17"><span class='ocrx_word' id='word_1_127' title='bbox 64 836 168 871; x_wconf 88' lang='lat' dir='ltr'>miam</span> <span class='ocrx_word' id='word_1_128' title='bbox 193 835 233 871; x_wconf 86' lang='lat' dir='ltr'>ad</span> <span class='ocrx_word' id='word_1_129' title='bbox 254 846 317 873; x_wconf 85' lang='lat' dir='ltr'>tres</span> <span class='ocrx_word' id='word_1_130' title='bbox 341 838 486 888; x_wconf 82' lang='lat' dir='ltr'>reliquos</span> <span class='ocrx_word' id='word_1_131' title='bbox 511 838 679 874; x_wconf 84' lang='lat' dir='ltr'>humores.</span> <span class='ocrx_word' id='word_1_132' title='bbox 731 839 815 873; x_wconf 86' lang='lat' dir='ltr'>Earn</span> <span class='ocrx_word' id='word_1_133' title='bbox 838 836 881 872; x_wconf 84' lang='lat' dir='ltr'>fic</span> <span class='ocrx_word' id='word_1_134' title='bbox 904 839 1097 888; x_wconf 82' lang='lat' dir='ltr'>explicauit‚</span> <span class='ocrx_word' id='word_1_135' title='bbox 1128 847 1162 875; x_wconf 88' lang='lat' dir='ltr'>vt</span> <span class='ocrx_word' id='word_1_136' title='bbox 1183 838 1317 888; x_wconf 79' lang='lat' dir='ltr'>singulis</span> <span class='ocrx_word' id='word_1_137' title='bbox 1338 839 1550 880; x_wconf 84' lang='lat' dir='ltr'>humoribus,</span> <span class='ocrx_word' id='word_1_138' title='bbox 1577 852 1616 875; x_wconf 89' lang='lat' dir='ltr'>ex</span> <span class='ocrx_word' id='word_1_139' title='bbox 1635 837 1697 874; x_wconf 90' lang='lat' dir='ltr'>suis</span> <span class='ocrx_word' id='word_1_140' title='bbox 1718 839 1780 874; x_wconf 88' lang='lat' dir='ltr'>ele-</span> 
     </span>
     <span class='ocr_line' id='line_1_14' title="bbox 63 888 1778 939; baseline 0.001 -16"><span class='ocrx_word' id='word_1_141' title='bbox 63 888 184 923; x_wconf 85' lang='lat' dir='ltr'>mentis</span> <span class='ocrx_word' id='word_1_142' title='bbox 206 888 419 937; x_wconf 78' lang='lat' dir='ltr'>compositis,</span> <span class='ocrx_word' id='word_1_143' title='bbox 452 903 516 939; x_wconf 91' lang='lat' dir='ltr'>pro</span> <span class='ocrx_word' id='word_1_144' title='bbox 535 891 657 926; x_wconf 85' lang='lat' dir='ltr'>horum</span> <span class='ocrx_word' id='word_1_145' title='bbox 681 892 807 924; x_wconf 87' lang='lat' dir='ltr'>ratione</span> <span class='ocrx_word' id='word_1_146' title='bbox 831 889 1019 938; x_wconf 82' lang='lat' dir='ltr'>qualitatem</span> <span class='ocrx_word' id='word_1_147' title='bbox 1042 888 1154 936; x_wconf 89' lang='lat' dir='ltr'>suam,</span> <span class='ocrx_word' id='word_1_148' title='bbox 1183 903 1254 925; x_wconf 87' lang='lat' dir='ltr'>non</span> <span class='ocrx_word' id='word_1_149' title='bbox 1277 904 1357 925; x_wconf 90' lang='lat' dir='ltr'>vero</span> <span class='ocrx_word' id='word_1_150' title='bbox 1379 890 1579 938; x_wconf 73' lang='lat' dir='ltr'>simplicem,</span> <span class='ocrx_word' id='word_1_151' title='bbox 1611 888 1666 926; x_wconf 70' lang='lat' dir='ltr'>sed</span> <span class='ocrx_word' id='word_1_152' title='bbox 1686 903 1778 926; x_wconf 90' lang='lat' dir='ltr'>com-</span> 
     </span>
     <span class='ocr_line' id='line_1_15' title="bbox 62 936 1778 989; baseline 0.002 -18"><span class='ocrx_word' id='word_1_153' title='bbox 62 936 225 987; x_wconf 69' lang='lat' dir='ltr'>positam,</span> <span class='ocrx_word' id='word_1_154' title='bbox 255 941 419 976; x_wconf 86' lang='lat' dir='ltr'>tribueret.</span> <span class='ocrx_word' id='word_1_155' title='bbox 476 941 579 976; x_wconf 87' lang='lat' dir='ltr'>Bilem</span> <span class='ocrx_word' id='word_1_156' title='bbox 602 939 741 976; x_wconf 85' lang='lat' dir='ltr'>calidam</span> <span class='ocrx_word' id='word_1_157' title='bbox 764 949 795 975; x_wconf 88' lang='lat' dir='ltr'>et</span> <span class='ocrx_word' id='word_1_158' title='bbox 815 939 951 983; x_wconf 84' lang='lat' dir='ltr'>ficcam,</span> <span class='ocrx_word' id='word_1_159' title='bbox 985 951 1088 976; x_wconf 86' lang='lat' dir='ltr'>atram</span> <span class='ocrx_word' id='word_1_160' title='bbox 1111 941 1208 976; x_wconf 85' lang='lat' dir='ltr'>bilem</span> <span class='ocrx_word' id='word_1_161' title='bbox 1231 939 1386 989; x_wconf 78' lang='lat' dir='ltr'>frigidam</span> <span class='ocrx_word' id='word_1_162' title='bbox 1408 951 1438 976; x_wconf 92' lang='lat' dir='ltr'>et</span> <span class='ocrx_word' id='word_1_163' title='bbox 1459 940 1594 982; x_wconf 76' lang='lat' dir='ltr'>siccam,</span> <span class='ocrx_word' id='word_1_164' title='bbox 1624 944 1778 989; x_wconf 78' lang='lat' dir='ltr'>pituitam</span> 
     </span>
     <span class='ocr_line' id='line_1_16' title="bbox 62 987 1778 1039; baseline 0.002 -15"><span class='ocrx_word' id='word_1_165' title='bbox 62 987 223 1036; x_wconf 77' lang='lat' dir='ltr'>frigidam</span> <span class='ocrx_word' id='word_1_166' title='bbox 245 999 276 1025; x_wconf 90' lang='lat' dir='ltr'>et</span> <span class='ocrx_word' id='word_1_167' title='bbox 297 991 488 1032; x_wconf 84' lang='lat' dir='ltr'>humidam,</span> <span class='ocrx_word' id='word_1_168' title='bbox 532 990 724 1039; x_wconf 79' lang='lat' dir='ltr'>sanguinem</span> <span class='ocrx_word' id='word_1_169' title='bbox 746 990 887 1027; x_wconf 85' lang='lat' dir='ltr'>calidum</span> <span class='ocrx_word' id='word_1_170' title='bbox 909 1002 941 1027; x_wconf 90' lang='lat' dir='ltr'>et</span> <span class='ocrx_word' id='word_1_171' title='bbox 964 991 1139 1027; x_wconf 90' lang='lat' dir='ltr'>humidum</span> <span class='ocrx_word' id='word_1_172' title='bbox 1160 991 1233 1027; x_wconf 80' lang='lat' dir='ltr'>effe.</span> <span class='ocrx_word' id='word_1_173' title='bbox 1295 994 1560 1035; x_wconf 87' lang='lat' dir='ltr'>Cacochymiam</span> <span class='ocrx_word' id='word_1_174' title='bbox 1584 991 1687 1033; x_wconf 83' lang='lat' dir='ltr'>nasci,</span> <span class='ocrx_word' id='word_1_175' title='bbox 1722 993 1778 1028; x_wconf 81' lang='lat' dir='ltr'>vbi</span> 
     </span>
     <span class='ocr_line' id='line_1_17' title="bbox 55 1041 1778 1092; baseline 0.001 -15"><span class='ocrx_word' id='word_1_176' title='bbox 55 1041 183 1077; x_wconf 69' lang='lat' dir='ltr'>*harum</span> <span class='ocrx_word' id='word_1_177' title='bbox 205 1041 398 1090; x_wconf 83' lang='lat' dir='ltr'>qualitatum</span> <span class='ocrx_word' id='word_1_178' title='bbox 420 1045 455 1078; x_wconf 88' lang='lat' dir='ltr'>in</span> <span class='ocrx_word' id='word_1_179' title='bbox 475 1044 670 1078; x_wconf 87' lang='lat' dir='ltr'>humoribus</span> <span class='ocrx_word' id='word_1_180' title='bbox 692 1041 851 1091; x_wconf 85' lang='lat' dir='ltr'>quaedam</span> <span class='ocrx_word' id='word_1_181' title='bbox 873 1042 924 1078; x_wconf 87' lang='lat' dir='ltr'>vel</span> <span class='ocrx_word' id='word_1_182' title='bbox 949 1042 1100 1086; x_wconf 77' lang='lat' dir='ltr'>excedat,</span> <span class='ocrx_word' id='word_1_183' title='bbox 1139 1042 1191 1078; x_wconf 84' lang='lat' dir='ltr'>vel</span> <span class='ocrx_word' id='word_1_184' title='bbox 1213 1042 1351 1079; x_wconf 73' lang='lat' dir='ltr'>deficiat.</span> <span class='ocrx_word' id='word_1_185' title='bbox 1417 1044 1646 1092; x_wconf 82' lang='lat' dir='ltr'>Symptomata</span> <span class='ocrx_word' id='word_1_186' title='bbox 1670 1042 1778 1079; x_wconf 77' lang='lat' dir='ltr'>diuisit</span> 
     </span>
     <span class='ocr_line' id='line_1_18' title="bbox 61 1091 1776 1144; baseline 0.003 -17"><span class='ocrx_word' id='word_1_187' title='bbox 61 1093 98 1128; x_wconf 82' lang='lat' dir='ltr'>in</span> <span class='ocrx_word' id='word_1_188' title='bbox 118 1101 180 1127; x_wconf 72' lang='lat' dir='ltr'>tres</span> <span class='ocrx_word' id='word_1_189' title='bbox 200 1091 327 1129; x_wconf 77' lang='lat' dir='ltr'>classes:</span> <span class='ocrx_word' id='word_1_190' title='bbox 353 1097 380 1140; x_wconf 88' lang='lat'>1)</span> <span class='ocrx_word' id='word_1_191' title='bbox 396 1097 429 1129; x_wconf 86' lang='lat' dir='ltr'>in</span> <span class='ocrx_word' id='word_1_192' title='bbox 451 1091 674 1142; x_wconf 87' lang='lat' dir='ltr'>symptomata</span> <span class='ocrx_word' id='word_1_193' title='bbox 693 1094 828 1128; x_wconf 62' lang='lat' dir='ltr'>adrionis</span> <span class='ocrx_word' id='word_1_194' title='bbox 851 1093 974 1139; x_wconf 70' lang='lat' dir='ltr'>laesae3</span> <span class='ocrx_word' id='word_1_195' title='bbox 1000 1096 1032 1140; x_wconf 90' lang='lat'>2)</span> <span class='ocrx_word' id='word_1_196' title='bbox 1047 1097 1082 1130; x_wconf 90' lang='lat' dir='ltr'>in</span> <span class='ocrx_word' id='word_1_197' title='bbox 1097 1093 1319 1144; x_wconf 67' lang='lat' dir='ltr'>symptomata</span> <span class='ocrx_word' id='word_1_198' title='bbox 1339 1094 1499 1144; x_wconf 83' lang='lat' dir='ltr'>qualitatis</span> <span class='ocrx_word' id='word_1_199' title='bbox 1518 1097 1665 1140; x_wconf 80' lang='lat' dir='ltr'>vitiatae3</span> <span class='ocrx_word' id='word_1_200' title='bbox 1692 1096 1725 1142; x_wconf 88' lang='lat'>3)</span> <span class='ocrx_word' id='word_1_201' title='bbox 1743 1097 1776 1132; x_wconf 80' lang='lat' dir='ltr'>in</span> 
     </span>
     <span class='ocr_line' id='line_1_19' title="bbox 53 1140 807 1194; baseline 0.003 -15"><span class='ocrx_word' id='word_1_202' title='bbox 53 1140 288 1194; x_wconf 59' lang='lat' dir='ltr'>‘symptomata</span> <span class='ocrx_word' id='word_1_203' title='bbox 311 1148 504 1182; x_wconf 83' lang='lat' dir='ltr'>excretionis</span> <span class='ocrx_word' id='word_1_204' title='bbox 529 1145 581 1181; x_wconf 91' lang='lat' dir='ltr'>vel</span> <span class='ocrx_word' id='word_1_205' title='bbox 605 1146 807 1181; x_wconf 54' lang='lat' dir='ltr'>retentionis,</span> 
     </span>
    </p>
   </div>
   <div class='ocr_carea' id='block_1_4' title="bbox 38 1228 1794 2412">
    <p class='ocr_par' dir='ltr' id='par_1_4' title="bbox 54 1228 1776 2102">
     <span class='ocr_line' id='line_1_20' title="bbox 165 1228 1776 1280; baseline 0 -13"><span class='ocrx_word' id='word_1_206' title='bbox 165 1232 206 1266; x_wconf 81' lang='lat' dir='ltr'>In</span> <span class='ocrx_word' id='word_1_207' title='bbox 234 1233 402 1267; x_wconf 80' lang='lat' dir='ltr'>curatione</span> <span class='ocrx_word' id='word_1_208' title='bbox 431 1230 628 1267; x_wconf 87' lang='lat' dir='ltr'>morborum</span> <span class='ocrx_word' id='word_1_209' title='bbox 658 1233 808 1280; x_wconf 80' lang='lat' dir='ltr'>princeps</span> <span class='ocrx_word' id='word_1_210' title='bbox 831 1229 957 1266; x_wconf 81' lang='lat' dir='ltr'>Galeno</span> <span class='ocrx_word' id='word_1_211' title='bbox 981 1228 1092 1279; x_wconf 81' lang='lat' dir='ltr'>regula</span> <span class='ocrx_word' id='word_1_212' title='bbox 1120 1239 1205 1274; x_wconf 85' lang='lat' dir='ltr'>erat,</span> <span class='ocrx_word' id='word_1_213' title='bbox 1243 1241 1394 1268; x_wconf 78' lang='lat' dir='ltr'>naturam</span> <span class='ocrx_word' id='word_1_214' title='bbox 1419 1233 1685 1269; x_wconf 81' lang='lat' dir='ltr'>conuenientium</span> <span class='ocrx_word' id='word_1_215' title='bbox 1711 1243 1776 1280; x_wconf 79' lang='lat' dir='ltr'>ope</span> 
     </span>
     <span class='ocr_line' id='line_1_21' title="bbox 61 1271 1776 1332; baseline 0.001 -15"><span class='ocrx_word' id='word_1_216' title='bbox 61 1279 340 1325; x_wconf 74' lang='lat' dir='ltr'>conseruandam,</span> <span class='ocrx_word' id='word_1_217' title='bbox 363 1285 532 1319; x_wconf 86' lang='lat' dir='ltr'>contrariis</span> <span class='ocrx_word' id='word_1_218' title='bbox 549 1297 626 1319; x_wconf 91' lang='lat' dir='ltr'>vero</span> <span class='ocrx_word' id='word_1_219' title='bbox 646 1281 815 1318; x_wconf 88' lang='lat' dir='ltr'>medicinis</span> <span class='ocrx_word' id='word_1_220' title='bbox 834 1282 970 1317; x_wconf 84' lang='lat' dir='ltr'>morbos</span> <span class='ocrx_word' id='word_1_221' title='bbox 990 1282 1150 1318; x_wconf 87' lang='lat' dir='ltr'>curandos</span> <span class='ocrx_word' id='word_1_222' title='bbox 1167 1280 1238 1318; x_wconf 80' lang='lat' dir='ltr'>effe.</span> <span class='ocrx_word' id='word_1_223' title='bbox 1288 1285 1326 1318; x_wconf 90' lang='lat' dir='ltr'>In</span> <span class='ocrx_word' id='word_1_224' title='bbox 1343 1287 1436 1320; x_wconf 86' lang='lat' dir='ltr'>omni</span> <span class='ocrx_word' id='word_1_225' title='bbox 1456 1285 1577 1320; x_wconf 88' lang='lat' dir='ltr'>morbo</span> <span class='ocrx_word' id='word_1_226' title='bbox 1592 1271 1776 1332; x_wconf 55' lang='lat' dir='ltr'>crispe—‹flan-</span> 
     </span>
     <span class='ocr_line' id='line_1_22' title="bbox 61 1330 1774 1384; baseline -0.001 -15"><span class='ocrx_word' id='word_1_227' title='bbox 61 1333 143 1369; x_wconf 86' lang='lat' dir='ltr'>dum</span> <span class='ocrx_word' id='word_1_228' title='bbox 163 1332 226 1370; x_wconf 85' lang='lat' dir='ltr'>esse</span> <span class='ocrx_word' id='word_1_229' title='bbox 248 1332 411 1377; x_wconf 84' lang='lat' dir='ltr'>censebat,</span> <span class='ocrx_word' id='word_1_230' title='bbox 437 1345 471 1371; x_wconf 87' lang='lat' dir='ltr'>vt</span> <span class='ocrx_word' id='word_1_231' title='bbox 491 1334 624 1370; x_wconf 85' lang='lat' dir='ltr'>morbus</span> <span class='ocrx_word' id='word_1_232' title='bbox 648 1335 851 1382; x_wconf 82' lang='lat' dir='ltr'>abigeretur,</span> <span class='ocrx_word' id='word_1_233' title='bbox 877 1335 958 1368; x_wconf 78' lang='lat' dir='ltr'>vires</span> <span class='ocrx_word' id='word_1_234' title='bbox 980 1345 1059 1369; x_wconf 86' lang='lat' dir='ltr'>vero</span> <span class='ocrx_word' id='word_1_235' title='bbox 1081 1330 1358 1370; x_wconf 88' lang='lat' dir='ltr'>conseruarentur.</span> <span class='ocrx_word' id='word_1_236' title='bbox 1411 1335 1497 1371; x_wconf 88' lang='lat' dir='ltr'>lllud</span> <span class='ocrx_word' id='word_1_237' title='bbox 1516 1349 1576 1384; x_wconf 86' lang='lat' dir='ltr'>per</span> <span class='ocrx_word' id='word_1_238' title='bbox 1599 1337 1774 1377; x_wconf 83' lang='lat' dir='ltr'>contraria,</span> 
     </span>
     <span class='ocr_line' id='line_1_23' title="bbox 60 1383 1775 1435; baseline 0 -15"><span class='ocrx_word' id='word_1_239' title='bbox 60 1386 129 1421; x_wconf 78' lang='lat' dir='ltr'>hoc</span> <span class='ocrx_word' id='word_1_240' title='bbox 149 1399 209 1435; x_wconf 86' lang='lat' dir='ltr'>per</span> <span class='ocrx_word' id='word_1_241' title='bbox 230 1388 456 1422; x_wconf 87' lang='lat' dir='ltr'>conuenientia</span> <span class='ocrx_word' id='word_1_242' title='bbox 477 1384 539 1422; x_wconf 77' lang='lat' dir='ltr'>effe</span> <span class='ocrx_word' id='word_1_243' title='bbox 561 1384 796 1435; x_wconf 85' lang='lat' dir='ltr'>peragendum.</span> <span class='ocrx_word' id='word_1_244' title='bbox 855 1384 1035 1429; x_wconf 86' lang='lat' dir='ltr'>Omnibus,</span> <span class='ocrx_word' id='word_1_245' title='bbox 1064 1398 1146 1434; x_wconf 90' lang='lat' dir='ltr'>quae</span> <span class='ocrx_word' id='word_1_246' title='bbox 1166 1385 1308 1421; x_wconf 87' lang='lat' dir='ltr'>curanda</span> <span class='ocrx_word' id='word_1_247' title='bbox 1332 1386 1441 1421; x_wconf 87' lang='lat' dir='ltr'>morbi</span> <span class='ocrx_word' id='word_1_248' title='bbox 1463 1386 1659 1429; x_wconf 84' lang='lat' dir='ltr'>indicarent,</span> <span class='ocrx_word' id='word_1_249' title='bbox 1689 1383 1775 1421; x_wconf 75' lang='lat' dir='ltr'>satis-</span> 
     </span>
     <span class='ocr_line' id='line_1_24' title="bbox 61 1434 1775 1487; baseline 0.001 -15"><span class='ocrx_word' id='word_1_250' title='bbox 61 1434 170 1472; x_wconf 72' lang='lat' dir='ltr'>{acere</span> <span class='ocrx_word' id='word_1_251' title='bbox 192 1436 401 1483; x_wconf 73' lang='lat' dir='ltr'>diaeteticen‚</span> <span class='ocrx_word' id='word_1_252' title='bbox 435 1439 735 1485; x_wconf 88' lang='lat' dir='ltr'>pharmaceuticen,</span> <span class='ocrx_word' id='word_1_253' title='bbox 767 1438 981 1484; x_wconf 84' lang='lat' dir='ltr'>chirurgicen.</span> <span class='ocrx_word' id='word_1_254' title='bbox 1049 1439 1088 1473; x_wconf 86' lang='lat' dir='ltr'>In</span> <span class='ocrx_word' id='word_1_255' title='bbox 1108 1436 1212 1473; x_wconf 89' lang='lat' dir='ltr'>diaeta</span> <span class='ocrx_word' id='word_1_256' title='bbox 1234 1439 1491 1487; x_wconf 84' lang='lat' dir='ltr'>Hippocratem,</span> <span class='ocrx_word' id='word_1_257' title='bbox 1523 1441 1556 1473; x_wconf 90' lang='lat' dir='ltr'>in</span> <span class='ocrx_word' id='word_1_258' title='bbox 1578 1436 1775 1485; x_wconf 86' lang='lat' dir='ltr'>quibusdam</span> 
     </span>
     <span class='ocr_line' id='line_1_25' title="bbox 60 1486 1775 1538; baseline 0 -15"><span class='ocrx_word' id='word_1_259' title='bbox 60 1491 160 1524; x_wconf 81' lang='lat' dir='ltr'>etiam</span> <span class='ocrx_word' id='word_1_260' title='bbox 174 1486 401 1537; x_wconf 77' lang='lat' dir='ltr'>Asclepiadem</span> <span class='ocrx_word' id='word_1_261' title='bbox 421 1486 571 1538; x_wconf 88' lang='lat' dir='ltr'>sequutus</span> <span class='ocrx_word' id='word_1_262' title='bbox 593 1487 646 1524; x_wconf 84' lang='lat' dir='ltr'>est.</span> <span class='ocrx_word' id='word_1_263' title='bbox 695 1491 734 1523; x_wconf 83' lang='lat' dir='ltr'>In</span> <span class='ocrx_word' id='word_1_264' title='bbox 756 1486 1002 1523; x_wconf 81' lang='lat' dir='ltr'>medicamentis</span> <span class='ocrx_word' id='word_1_265' title='bbox 1025 1499 1102 1524; x_wconf 87' lang='lat' dir='ltr'>vero</span> <span class='ocrx_word' id='word_1_266' title='bbox 1127 1488 1316 1524; x_wconf 83' lang='lat' dir='ltr'>adhibendis</span> <span class='ocrx_word' id='word_1_267' title='bbox 1340 1491 1405 1525; x_wconf 88' lang='lat' dir='ltr'>hoc</span> <span class='ocrx_word' id='word_1_268' title='bbox 1425 1491 1598 1525; x_wconf 89' lang='lat' dir='ltr'>ratiocinio</span> <span class='ocrx_word' id='word_1_269' title='bbox 1619 1487 1689 1524; x_wconf 88' lang='lat' dir='ltr'>vsus</span> <span class='ocrx_word' id='word_1_270' title='bbox 1712 1487 1775 1524; x_wconf 83' lang='lat' dir='ltr'>est:</span> 
     </span>
     <span class='ocr_line' id='line_1_26' title="bbox 58 1537 1774 1589; baseline -0.001 -14"><span class='ocrx_word' id='word_1_271' title='bbox 58 1540 220 1575; x_wconf 78' lang='lat' dir='ltr'>naturalia</span> <span class='ocrx_word' id='word_1_272' title='bbox 243 1552 382 1589; x_wconf 90' lang='lat' dir='ltr'>corpora</span> <span class='ocrx_word' id='word_1_273' title='bbox 404 1542 517 1575; x_wconf 88' lang='lat' dir='ltr'>omnia</span> <span class='ocrx_word' id='word_1_274' title='bbox 538 1553 577 1576; x_wconf 86' lang='lat' dir='ltr'>ex</span> <span class='ocrx_word' id='word_1_275' title='bbox 595 1549 734 1589; x_wconf 85' lang='lat' dir='ltr'>quatuor</span> <span class='ocrx_word' id='word_1_276' title='bbox 755 1537 812 1574; x_wconf 76' lang='lat' dir='ltr'>suis</span> <span class='ocrx_word' id='word_1_277' title='bbox 833 1539 1002 1574; x_wconf 82' lang='lat' dir='ltr'>elementis</span> <span class='ocrx_word' id='word_1_278' title='bbox 1025 1538 1206 1589; x_wconf 74' lang='lat' dir='ltr'>composita</span> <span class='ocrx_word' id='word_1_279' title='bbox 1229 1537 1308 1581; x_wconf 87' lang='lat' dir='ltr'>esse,</span> <span class='ocrx_word' id='word_1_280' title='bbox 1336 1542 1412 1575; x_wconf 88' lang='lat' dir='ltr'>hinc</span> <span class='ocrx_word' id='word_1_281' title='bbox 1425 1543 1523 1576; x_wconf 88' lang='lat' dir='ltr'>etiam</span> <span class='ocrx_word' id='word_1_282' title='bbox 1539 1550 1681 1589; x_wconf 91' lang='lat' dir='ltr'>quatuor</span> <span class='ocrx_word' id='word_1_283' title='bbox 1699 1552 1774 1589; x_wconf 84' lang='lat' dir='ltr'>qua-</span> 
     </span>
     <span class='ocr_line' id='line_1_27' title="bbox 61 1588 1773 1641; baseline -0.001 -14"><span class='ocrx_word' id='word_1_284' title='bbox 61 1591 184 1634; x_wconf 86' lang='lat' dir='ltr'>litates,</span> <span class='ocrx_word' id='word_1_285' title='bbox 210 1591 324 1641; x_wconf 83' lang='lat' dir='ltr'>quibus</span> <span class='ocrx_word' id='word_1_286' title='bbox 347 1590 583 1640; x_wconf 84' lang='lat' dir='ltr'>distinguantur</span> <span class='ocrx_word' id='word_1_287' title='bbox 601 1592 782 1633; x_wconf 77' lang='lat' dir='ltr'>elementa,</span> <span class='ocrx_word' id='word_1_288' title='bbox 808 1591 925 1625; x_wconf 88' lang='lat' dir='ltr'>habere</span> <span class='ocrx_word' id='word_1_289' title='bbox 946 1590 1079 1633; x_wconf 79' lang='lat' dir='ltr'>debere,</span> <span class='ocrx_word' id='word_1_290' title='bbox 1105 1591 1269 1631; x_wconf 82' lang='lat' dir='ltr'>calorem,</span> <span class='ocrx_word' id='word_1_291' title='bbox 1298 1590 1491 1632; x_wconf 73' lang='lat' dir='ltr'>siccitatem,</span> <span class='ocrx_word' id='word_1_292' title='bbox 1518 1588 1643 1640; x_wconf 57' lang='lat' dir='ltr'>frigus}</span> <span class='ocrx_word' id='word_1_293' title='bbox 1664 1592 1773 1627; x_wconf 79' lang='lat' dir='ltr'>humi-</span> 
     </span>
     <span class='ocr_line' id='line_1_28' title="bbox 57 1640 1773 1692; baseline 0 -15"><span class='ocrx_word' id='word_1_294' title='bbox 57 1640 208 1678; x_wconf 82' lang='lat' dir='ltr'>ditatem.</span> <span class='ocrx_word' id='word_1_295' title='bbox 259 1644 373 1691; x_wconf 82' lang='lat' dir='ltr'>Qum</span> <span class='ocrx_word' id='word_1_296' title='bbox 391 1656 470 1679; x_wconf 92' lang='lat' dir='ltr'>vero</span> <span class='ocrx_word' id='word_1_297' title='bbox 494 1641 622 1691; x_wconf 76' lang='lat' dir='ltr'>singula</span> <span class='ocrx_word' id='word_1_298' title='bbox 643 1655 784 1692; x_wconf 87' lang='lat' dir='ltr'>corpora</span> <span class='ocrx_word' id='word_1_299' title='bbox 801 1641 959 1677; x_wconf 86' lang='lat' dir='ltr'>naturalia</span> <span class='ocrx_word' id='word_1_300' title='bbox 980 1641 1084 1678; x_wconf 89' lang='lat' dir='ltr'>modo</span> <span class='ocrx_word' id='word_1_301' title='bbox 1105 1641 1232 1678; x_wconf 86' lang='lat' dir='ltr'>diuerso</span> <span class='ocrx_word' id='word_1_302' title='bbox 1251 1642 1313 1678; x_wconf 83' lang='lat' dir='ltr'>lint</span> <span class='ocrx_word' id='word_1_303' title='bbox 1327 1641 1529 1692; x_wconf 82' lang='lat' dir='ltr'>composita,</span> <span class='ocrx_word' id='word_1_304' title='bbox 1554 1640 1678 1678; x_wconf 84' lang='lat' dir='ltr'>necesse</span> <span class='ocrx_word' id='word_1_305' title='bbox 1698 1640 1773 1684; x_wconf 85' lang='lat' dir='ltr'>effe,</span> 
     </span>
     <span class='ocr_line' id='line_1_29' title="bbox 62 1692 1774 1743; baseline -0.001 -15"><span class='ocrx_word' id='word_1_306' title='bbox 62 1704 97 1729; x_wconf 90' lang='lat' dir='ltr'>vt</span> <span class='ocrx_word' id='word_1_307' title='bbox 118 1695 151 1728; x_wconf 88' lang='lat' dir='ltr'>in</span> <span class='ocrx_word' id='word_1_308' title='bbox 174 1693 277 1730; x_wconf 82' lang='lat' dir='ltr'>altero</span> <span class='ocrx_word' id='word_1_309' title='bbox 303 1697 403 1737; x_wconf 77' lang='lat' dir='ltr'>haec,</span> <span class='ocrx_word' id='word_1_310' title='bbox 437 1697 470 1730; x_wconf 74' lang='lat' dir='ltr'>In</span> <span class='ocrx_word' id='word_1_311' title='bbox 495 1694 597 1730; x_wconf 85' lang='lat' dir='ltr'>altero</span> <span class='ocrx_word' id='word_1_312' title='bbox 617 1694 679 1729; x_wconf 84' lang='lat' dir='ltr'>alia</span> <span class='ocrx_word' id='word_1_313' title='bbox 703 1693 838 1743; x_wconf 86' lang='lat' dir='ltr'>qualitas</span> <span class='ocrx_word' id='word_1_314' title='bbox 861 1696 1012 1729; x_wconf 82' lang='lat' dir='ltr'>emineat.</span> <span class='ocrx_word' id='word_1_315' title='bbox 1071 1697 1195 1729; x_wconf 86' lang='lat' dir='ltr'>Sanum</span> <span class='ocrx_word' id='word_1_316' title='bbox 1221 1697 1326 1743; x_wconf 85' lang='lat' dir='ltr'>itaque</span> <span class='ocrx_word' id='word_1_317' title='bbox 1344 1696 1490 1730; x_wconf 88' lang='lat' dir='ltr'>hominis</span> <span class='ocrx_word' id='word_1_318' title='bbox 1510 1695 1626 1730; x_wconf 84' lang='lat' dir='ltr'>statum</span> <span class='ocrx_word' id='word_1_319' title='bbox 1652 1692 1774 1730; x_wconf 87' lang='lat' dir='ltr'>seruari</span> 
     </span>
     <span class='ocr_line' id='line_1_30' title="bbox 59 1743 1774 1795; baseline -0.001 -14"><span class='ocrx_word' id='word_1_320' title='bbox 59 1748 189 1794; x_wconf 86' lang='lat' dir='ltr'>optime</span> <span class='ocrx_word' id='word_1_321' title='bbox 216 1759 275 1794; x_wconf 89' lang='lat' dir='ltr'>per</span> <span class='ocrx_word' id='word_1_322' title='bbox 303 1745 478 1789; x_wconf 85' lang='lat' dir='ltr'>alimenta,</span> <span class='ocrx_word' id='word_1_323' title='bbox 511 1759 593 1795; x_wconf 84' lang='lat' dir='ltr'>quae</span> <span class='ocrx_word' id='word_1_324' title='bbox 613 1746 775 1786; x_wconf 80' lang='lat' dir='ltr'>efficiant,</span> <span class='ocrx_word' id='word_1_325' title='bbox 807 1758 847 1780; x_wconf 92' lang='lat' dir='ltr'>ne</span> <span class='ocrx_word' id='word_1_326' title='bbox 869 1743 902 1779; x_wconf 86' lang='lat' dir='ltr'>id</span> <span class='ocrx_word' id='word_1_327' title='bbox 925 1747 1024 1780; x_wconf 87' lang='lat' dir='ltr'>nimis</span> <span class='ocrx_word' id='word_1_328' title='bbox 1045 1743 1236 1788; x_wconf 80' lang='lat' dir='ltr'>incalescat,</span> <span class='ocrx_word' id='word_1_329' title='bbox 1268 1744 1434 1793; x_wconf 83' lang='lat' dir='ltr'>frigescat,</span> <span class='ocrx_word' id='word_1_330' title='bbox 1467 1745 1622 1787; x_wconf 80' lang='lat' dir='ltr'>siccetur,</span> <span class='ocrx_word' id='word_1_331' title='bbox 1656 1747 1774 1781; x_wconf 85' lang='lat' dir='ltr'>hume-</span> 
     </span>
     <span class='ocr_line' id='line_1_31' title="bbox 54 1794 1772 1846; baseline -0.001 -14"><span class='ocrx_word' id='word_1_332' title='bbox 54 1797 174 1832; x_wconf 58' lang='grc' dir='ltr'>ἄξαις.</span> <span class='ocrx_word' id='word_1_333' title='bbox 224 1798 400 1846; x_wconf 77' lang='lat' dir='ltr'>Quinque</span> <span class='ocrx_word' id='word_1_334' title='bbox 416 1799 623 1846; x_wconf 83' lang='lat' dir='ltr'>inaequalitas</span> <span class='ocrx_word' id='word_1_335' title='bbox 645 1796 806 1846; x_wconf 86' lang='lat' dir='ltr'>quaedam</span> <span class='ocrx_word' id='word_1_336' title='bbox 830 1799 863 1831; x_wconf 89' lang='lat' dir='ltr'>in</span> <span class='ocrx_word' id='word_1_337' title='bbox 887 1800 1044 1844; x_wconf 88' lang='lat' dir='ltr'>temperie</span> <span class='ocrx_word' id='word_1_338' title='bbox 1064 1794 1220 1832; x_wconf 89' lang='lat' dir='ltr'>sanorum</span> <span class='ocrx_word' id='word_1_339' title='bbox 1238 1799 1336 1832; x_wconf 87' lang='lat' dir='ltr'>etiam</span> <span class='ocrx_word' id='word_1_340' title='bbox 1358 1797 1474 1833; x_wconf 92' lang='lat' dir='ltr'>locum</span> <span class='ocrx_word' id='word_1_341' title='bbox 1497 1797 1630 1837; x_wconf 75' lang='lat' dir='ltr'>habeat,</span> <span class='ocrx_word' id='word_1_342' title='bbox 1657 1797 1772 1844; x_wconf 87' lang='lat' dir='ltr'>quibus</span> 
     </span>
     <span class='ocr_line' id='line_1_32' title="bbox 61 1845 1773 1897; baseline 0.002 -16"><span class='ocrx_word' id='word_1_343' title='bbox 61 1846 169 1882; x_wconf 82' lang='lat' dir='ltr'>calida</span> <span class='ocrx_word' id='word_1_344' title='bbox 179 1849 260 1883; x_wconf 85' lang='lat' dir='ltr'>haec</span> <span class='ocrx_word' id='word_1_345' title='bbox 274 1848 338 1890; x_wconf 87' lang='lat' dir='ltr'>est,</span> <span class='ocrx_word' id='word_1_346' title='bbox 364 1846 618 1897; x_wconf 87' lang='lat' dir='ltr'>frigefacientia,</span> <span class='ocrx_word' id='word_1_347' title='bbox 644 1849 757 1897; x_wconf 88' lang='lat' dir='ltr'>quibus</span> <span class='ocrx_word' id='word_1_348' title='bbox 777 1846 916 1895; x_wconf 83' lang='lat' dir='ltr'>frigida,</span> <span class='ocrx_word' id='word_1_349' title='bbox 943 1845 1181 1889; x_wconf 86' lang='lat' dir='ltr'>calefacientia,</span> <span class='ocrx_word' id='word_1_350' title='bbox 1207 1849 1322 1897; x_wconf 87' lang='lat' dir='ltr'>quibus</span> <span class='ocrx_word' id='word_1_351' title='bbox 1341 1847 1497 1894; x_wconf 83' lang='lat' dir='ltr'>humida,</span> <span class='ocrx_word' id='word_1_352' title='bbox 1523 1847 1688 1893; x_wconf 84' lang='lat' dir='ltr'>ficcantia‚</span> <span class='ocrx_word' id='word_1_353' title='bbox 1716 1848 1773 1884; x_wconf 86' lang='lat' dir='ltr'>rel.</span> 
     </span>
     <span class='ocr_line' id='line_1_33' title="bbox 64 1898 1775 1947; baseline 0.001 -14"><span class='ocrx_word' id='word_1_354' title='bbox 64 1900 260 1944; x_wconf 85' lang='lat' dir='ltr'>conuenire,</span> <span class='ocrx_word' id='word_1_355' title='bbox 297 1912 421 1947; x_wconf 85' lang='lat' dir='ltr'>perque</span> <span class='ocrx_word' id='word_1_356' title='bbox 441 1913 515 1934; x_wconf 89' lang='lat' dir='ltr'>eam</span> <span class='ocrx_word' id='word_1_357' title='bbox 536 1898 678 1934; x_wconf 86' lang='lat' dir='ltr'>diaetam</span> <span class='ocrx_word' id='word_1_358' title='bbox 700 1908 1037 1946; x_wconf 83' lang='lat' dir='ltr'>temperamentorum</span> <span class='ocrx_word' id='word_1_359' title='bbox 1056 1901 1135 1934; x_wconf 86' lang='lat' dir='ltr'>vitia</span> <span class='ocrx_word' id='word_1_360' title='bbox 1157 1903 1281 1946; x_wconf 86' lang='lat' dir='ltr'>optime</span> <span class='ocrx_word' id='word_1_361' title='bbox 1306 1902 1436 1947; x_wconf 85' lang='lat' dir='ltr'>corrigi.</span> <span class='ocrx_word' id='word_1_362' title='bbox 1493 1898 1654 1934; x_wconf 85' lang='lat' dir='ltr'>Eamdem</span> <span class='ocrx_word' id='word_1_363' title='bbox 1676 1902 1775 1934; x_wconf 82' lang='lat' dir='ltr'>ratio·</span> 
     </span>
     <span class='ocr_line' id='line_1_34' title="bbox 62 1947 1774 1997; baseline 0 -12"><span class='ocrx_word' id='word_1_364' title='bbox 62 1962 142 1985; x_wconf 88' lang='lat' dir='ltr'>nem</span> <span class='ocrx_word' id='word_1_365' title='bbox 163 1949 483 1986; x_wconf 84' lang='lat' dir='ltr'>medicamentorum</span> <span class='ocrx_word' id='word_1_366' title='bbox 508 1951 541 1984; x_wconf 90' lang='lat' dir='ltr'>in</span> <span class='ocrx_word' id='word_1_367' title='bbox 565 1951 688 1984; x_wconf 84' lang='lat' dir='ltr'>morbis</span> <span class='ocrx_word' id='word_1_368' title='bbox 708 1948 788 1990; x_wconf 85' lang='lat' dir='ltr'>effe,</span> <span class='ocrx_word' id='word_1_369' title='bbox 821 1947 941 1997; x_wconf 82' lang='lat' dir='ltr'>frigida</span> <span class='ocrx_word' id='word_1_370' title='bbox 964 1947 1093 1992; x_wconf 88' lang='lat' dir='ltr'>calidis,</span> <span class='ocrx_word' id='word_1_371' title='bbox 1126 1949 1262 1984; x_wconf 87' lang='lat' dir='ltr'>humida</span> <span class='ocrx_word' id='word_1_372' title='bbox 1282 1949 1390 1992; x_wconf 77' lang='lat' dir='ltr'>siccis,</span> <span class='ocrx_word' id='word_1_373' title='bbox 1422 1952 1590 1985; x_wconf 85' lang='lat' dir='ltr'>contrariis</span> <span class='ocrx_word' id='word_1_374' title='bbox 1612 1951 1774 1986; x_wconf 82' lang='lat' dir='ltr'>contraria</span> 
     </span>
     <span class='ocr_line' id='line_1_35' title="bbox 64 1999 1775 2049; baseline -0.001 -13"><span class='ocrx_word' id='word_1_375' title='bbox 64 2006 182 2038; x_wconf 84' lang='lat' dir='ltr'>curari.</span> <span class='ocrx_word' id='word_1_376' title='bbox 248 2003 408 2037; x_wconf 87' lang='lat' dir='ltr'>Omnium</span> <span class='ocrx_word' id='word_1_377' title='bbox 432 2004 508 2036; x_wconf 89' lang='lat' dir='ltr'>hinc</span> <span class='ocrx_word' id='word_1_378' title='bbox 529 2001 846 2036; x_wconf 85' lang='lat' dir='ltr'>medicamentorum</span> <span class='ocrx_word' id='word_1_379' title='bbox 874 2003 1016 2046; x_wconf 87' lang='lat' dir='ltr'>primam</span> <span class='ocrx_word' id='word_1_380' title='bbox 1038 2000 1226 2049; x_wconf 87' lang='lat' dir='ltr'>qualitatem</span> <span class='ocrx_word' id='word_1_381' title='bbox 1251 2000 1290 2036; x_wconf 89' lang='lat' dir='ltr'>ad</span> <span class='ocrx_word' id='word_1_382' title='bbox 1314 2000 1477 2042; x_wconf 81' lang='lat' dir='ltr'>calidum,</span> <span class='ocrx_word' id='word_1_383' title='bbox 1509 2000 1654 2047; x_wconf 75' lang='lat' dir='ltr'>ficeum,</span> <span class='ocrx_word' id='word_1_384' title='bbox 1683 1999 1775 2049; x_wconf 86' lang='lat' dir='ltr'>frigi-</span> 
     </span>
     <span class='ocr_line' id='line_1_36' title="bbox 63 2051 1774 2102; baseline -0.001 -14"><span class='ocrx_word' id='word_1_385' title='bbox 63 2051 163 2095; x_wconf 81' lang='lat' dir='ltr'>dum,</span> <span class='ocrx_word' id='word_1_386' title='bbox 193 2052 389 2096; x_wconf 83' lang='lat' dir='ltr'>humidum,</span> <span class='ocrx_word' id='word_1_387' title='bbox 419 2051 533 2088; x_wconf 79' lang='lat' dir='ltr'>redire.</span> <span class='ocrx_word' id='word_1_388' title='bbox 597 2054 776 2100; x_wconf 78' lang='lat' dir='ltr'>Quinque</span> <span class='ocrx_word' id='word_1_389' title='bbox 804 2051 993 2086; x_wconf 79' lang='lat' dir='ltr'>similarium</span> <span class='ocrx_word' id='word_1_390' title='bbox 1023 2054 1167 2099; x_wconf 88' lang='lat' dir='ltr'>partium</span> <span class='ocrx_word' id='word_1_391' title='bbox 1198 2063 1231 2088; x_wconf 93' lang='lat' dir='ltr'>et</span> <span class='ocrx_word' id='word_1_392' title='bbox 1258 2051 1551 2088; x_wconf 83' lang='lat' dir='ltr'>instrumentorum</span> <span class='ocrx_word' id='word_1_393' title='bbox 1582 2054 1690 2088; x_wconf 88' lang='lat' dir='ltr'>morbi</span> <span class='ocrx_word' id='word_1_394' title='bbox 1715 2064 1774 2102; x_wconf 89' lang='lat' dir='ltr'>per</span> 
     </span>
    </p>

    <p class='ocr_par' dir='ltr' id='par_1_5' title="bbox 38 2102 1794 2412">
     <span class='ocr_line' id='line_1_37' title="bbox 38 2102 1776 2153; baseline -0.001 -13"><span class='ocrx_word' id='word_1_395' title='bbox 38 2150 41 2152; x_wconf 21' lang='grc' dir='ltr'>Ι</span> <span class='ocrx_word' id='word_1_396' title='bbox 64 2103 194 2140; x_wconf 84' lang='lat' dir='ltr'>easdem</span> <span class='ocrx_word' id='word_1_397' title='bbox 219 2105 407 2153; x_wconf 87' lang='lat' dir='ltr'>qualitates,</span> <span class='ocrx_word' id='word_1_398' title='bbox 431 2115 485 2139; x_wconf 87' lang='lat' dir='ltr'>aut</span> <span class='ocrx_word' id='word_1_399' title='bbox 508 2103 685 2151; x_wconf 72' lang='lat' dir='ltr'>simpliceS,</span> <span class='ocrx_word' id='word_1_400' title='bbox 711 2114 765 2138; x_wconf 89' lang='lat' dir='ltr'>aut</span> <span class='ocrx_word' id='word_1_401' title='bbox 788 2102 1003 2150; x_wconf 74' lang='lat' dir='ltr'>compositas,</span> <span class='ocrx_word' id='word_1_402' title='bbox 1032 2103 1222 2140; x_wconf 87' lang='lat' dir='ltr'>excedentes</span> <span class='ocrx_word' id='word_1_403' title='bbox 1245 2104 1341 2146; x_wconf 83' lang='lat' dir='ltr'>fiant,</span> <span class='ocrx_word' id='word_1_404' title='bbox 1367 2103 1539 2153; x_wconf 73' lang='lat' dir='ltr'>adparere,</span> <span class='ocrx_word' id='word_1_405' title='bbox 1563 2103 1703 2140; x_wconf 84' lang='lat' dir='ltr'>calidam</span> <span class='ocrx_word' id='word_1_406' title='bbox 1726 2106 1776 2138; x_wconf 89' lang='lat' dir='ltr'>in·</span> 
     </span>
     <span class='ocr_line' id='line_1_38' title="bbox 65 2153 1773 2205; baseline -0.002 -14"><span class='ocrx_word' id='word_1_407' title='bbox 65 2159 259 2205; x_wconf 79' lang='lat' dir='ltr'>temperiem</span> <span class='ocrx_word' id='word_1_408' title='bbox 284 2169 341 2205; x_wconf 86' lang='lat' dir='ltr'>per</span> <span class='ocrx_word' id='word_1_409' title='bbox 361 2154 480 2204; x_wconf 78' lang='lat' dir='ltr'>frigus,</span> <span class='ocrx_word' id='word_1_410' title='bbox 515 2155 686 2190; x_wconf 84' lang='lat' dir='ltr'>humidam</span> <span class='ocrx_word' id='word_1_411' title='bbox 709 2168 768 2203; x_wconf 87' lang='lat' dir='ltr'>per</span> <span class='ocrx_word' id='word_1_412' title='bbox 790 2153 964 2189; x_wconf 79' lang='lat' dir='ltr'>siccitatem</span> <span class='ocrx_word' id='word_1_413' title='bbox 987 2153 1153 2190; x_wconf 59' lang='lat' dir='ltr'>indueram</span> <span class='ocrx_word' id='word_1_414' title='bbox 1183 2158 1308 2197; x_wconf 80' lang='lat' dir='ltr'>curat-i,</span> <span class='ocrx_word' id='word_1_415' title='bbox 1346 2166 1377 2191; x_wconf 88' lang='lat' dir='ltr'>et</span> <span class='ocrx_word' id='word_1_416' title='bbox 1405 2165 1539 2191; x_wconf 88' lang='lat' dir='ltr'>contra:</span> <span class='ocrx_word' id='word_1_417' title='bbox 1577 2154 1773 2204; x_wconf 80' lang='lat' dir='ltr'>compositas</span> 
     </span>
     <span class='ocr_line' id='line_1_39' title="bbox 67 2204 1794 2256; baseline -0.001 -14"><span class='ocrx_word' id='word_1_418' title='bbox 67 2219 146 2242; x_wconf 81' lang='lat' dir='ltr'>vero</span> <span class='ocrx_word' id='word_1_419' title='bbox 169 2205 367 2244; x_wconf 69' lang='lat' dir='ltr'>adfec&#39;iiones</span> <span class='ocrx_word' id='word_1_420' title='bbox 387 2221 446 2256; x_wconf 89' lang='lat' dir='ltr'>per</span> <span class='ocrx_word' id='word_1_421' title='bbox 466 2206 726 2246; x_wconf 81' lang='lat' dir='ltr'>medicamenta,</span> <span class='ocrx_word' id='word_1_422' title='bbox 754 2206 869 2253; x_wconf 86' lang='lat' dir='ltr'>quibus</span> <span class='ocrx_word' id='word_1_423' title='bbox 891 2208 1070 2241; x_wconf 85' lang='lat' dir='ltr'>contrariae</span> <span class='ocrx_word' id='word_1_424' title='bbox 1093 2206 1357 2255; x_wconf 78' lang='lat' dir='ltr'>compofitacque</span> <span class='ocrx_word' id='word_1_425' title='bbox 1378 2206 1440 2242; x_wconf 86' lang='lat' dir='ltr'>fint</span> <span class='ocrx_word' id='word_1_426' title='bbox 1463 2207 1642 2255; x_wconf 83' lang='lat' dir='ltr'>qualitates.</span> <span class='ocrx_word' id='word_1_427' title='bbox 1694 2204 1794 2256; x_wconf 36' lang='lat' dir='ltr'>Inde-</span> 
     </span>
     <span class='ocr_line' id='line_1_40' title="bbox 68 2256 1774 2307; baseline -0.001 -14"><span class='ocrx_word' id='word_1_428' title='bbox 68 2260 145 2306; x_wconf 85' lang='lat' dir='ltr'>quia</span> <span class='ocrx_word' id='word_1_429' title='bbox 165 2259 359 2294; x_wconf 86' lang='lat' dir='ltr'>morborum</span> <span class='ocrx_word' id='word_1_430' title='bbox 377 2273 497 2307; x_wconf 88' lang='lat' dir='ltr'>genera</span> <span class='ocrx_word' id='word_1_431' title='bbox 522 2258 731 2293; x_wconf 68' lang='lat' dir='ltr'>constituerat</span> <span class='ocrx_word' id='word_1_432' title='bbox 753 2259 958 2304; x_wconf 77' lang='lat' dir='ltr'>intemperiei</span> <span class='ocrx_word' id='word_1_433' title='bbox 979 2256 1135 2306; x_wconf 45' lang='lat' dir='ltr'>simplicis</span> <span class='ocrx_word' id='word_1_434' title='bbox 1157 2268 1187 2293; x_wconf 90' lang='lat' dir='ltr'>et</span> <span class='ocrx_word' id='word_1_435' title='bbox 1207 2257 1428 2306; x_wconf 86' lang='lat' dir='ltr'>compositae,</span> <span class='ocrx_word' id='word_1_436' title='bbox 1455 2258 1620 2293; x_wconf 85' lang='lat' dir='ltr'>constituit</span> <span class='ocrx_word' id='word_1_437' title='bbox 1641 2269 1774 2305; x_wconf 83' lang='lat' dir='ltr'>quoque</span> 
     </span>
     <span class='ocr_line' id='line_1_41' title="bbox 69 2304 1774 2360; baseline -0.002 -15"><span class='ocrx_word' id='word_1_438' title='bbox 69 2309 308 2345; x_wconf 83' lang='lat' dir='ltr'>medicamenta</span> <span class='ocrx_word' id='word_1_439' title='bbox 334 2311 494 2360; x_wconf 70' lang='lat' dir='ltr'>qualitatis</span> <span class='ocrx_word' id='word_1_440' title='bbox 516 2309 688 2357; x_wconf 73' lang='lat' dir='ltr'>simplicis,</span> <span class='ocrx_word' id='word_1_441' title='bbox 723 2308 865 2354; x_wconf 64' lang='lat' dir='ltr'>calidae,</span> <span class='ocrx_word' id='word_1_442' title='bbox 891 2304 1248 2357; x_wconf 65' lang='lat' dir='ltr'>f·-igidae,‘&#39;humidae,</span> <span class='ocrx_word' id='word_1_443' title='bbox 1273 2309 1392 2353; x_wconf 80' lang='lat' dir='ltr'>siccae,</span> <span class='ocrx_word' id='word_1_444' title='bbox 1419 2319 1450 2345; x_wconf 82' lang='lat' dir='ltr'>et</span> <span class='ocrx_word' id='word_1_445' title='bbox 1471 2308 1689 2358; x_wconf 74' lang='lat' dir='ltr'>compositae,</span> <span class='ocrx_word' id='word_1_446' title='bbox 1716 2309 1774 2342; x_wconf 87' lang='lat' dir='ltr'>hu·</span> 
     </span>
     <span class='ocr_line' id='line_1_42' title="bbox 70 2359 942 2412; baseline -0.003 -15"><span class='ocrx_word' id='word_1_447' title='bbox 70 2359 180 2397; x_wconf 85' lang='lat' dir='ltr'>midae</span> <span class='ocrx_word' id='word_1_448' title='bbox 196 2375 224 2398; x_wconf 86' lang='lat' dir='ltr'>v.</span> <span class='ocrx_word' id='word_1_449' title='bbox 239 2373 273 2411; x_wconf 84' lang='lat' dir='ltr'>g.</span> <span class='ocrx_word' id='word_1_450' title='bbox 292 2371 323 2398; x_wconf 88' lang='lat' dir='ltr'>et</span> <span class='ocrx_word' id='word_1_451' title='bbox 344 2361 484 2404; x_wconf 82' lang='lat' dir='ltr'>calidae,</span> <span class='ocrx_word' id='word_1_452' title='bbox 508 2360 663 2398; x_wconf 84' lang='lat' dir='ltr'>humidae</span> <span class='ocrx_word' id='word_1_453' title='bbox 684 2371 716 2395; x_wconf 88' lang='lat' dir='ltr'>et</span> <span class='ocrx_word' id='word_1_454' title='bbox 729 2359 856 2412; x_wconf 70' lang='lat' dir='ltr'>ficeae,</span> <span class='ocrx_word' id='word_1_455' title='bbox 882 2368 942 2395; x_wconf 87' lang='lat' dir='ltr'>cet.</span> 
     </span>
    </p>
   </div>
   <div class='ocr_carea' id='block_1_5' title="bbox 920 2452 1777 2492">
    <p class='ocr_par' dir='ltr' id='par_1_6' title="bbox 920 2452 1777 2492">
     <span class='ocr_line' id='line_1_43' title="bbox 920 2452 1777 2492; baseline -0.002 -1"><span class='ocrx_word' id='word_1_456' title='bbox 920 2452 1013 2492; x_wconf 89' lang='lat' dir='ltr'>Ddd</span> <span class='ocrx_word' id='word_1_457' title='bbox 1040 2466 1059 2490; x_wconf 86' lang='lat'>2</span> <span class='ocrx_word' id='word_1_458' title='bbox 1612 2455 1777 2489; x_wconf 79' lang='lat' dir='ltr'>Virtutem</span> 
     </span>
    </p>
   </div>
  </div>
 </body>
</html>
