2049 2720
723 59 1084 98 GRAMMATICVS.
1295 61 1368 97 Lib.
1385 61 1454 98 IV.
1473 59 1685 100 τζΧΧΧΙΧ,
1737 71 1794 105 281

175 166 208 193 et
225 153 369 206 spiritus,
396 156 462 195 τῶν
484 153 585 196 κατ-οὶ
607 151 828 205 οἰλφοὶβητον
848 149 1089 205 ε’πιμερισμῶν,
1120 165 1153 191 et
1172 168 1221 192 nr.
1239 168 1288 201 25.
1312 158 1535 195 continuatio,
1570 153 1610 191 de
1633 155 1786 193 differen-

175 211 218 244 tia
240 207 479 256 fignificatuum
504 208 670 243 similium*
685 219 775 242 voce.
802 206 982 242 secundum
1004 208 1232 253 alphabetum,
1259 209 1334 258 'negti
1356 209 1422 246 τῶν
1439 204 1652 256 διφῧᾶγγων.
1679 210 1784 256 (Ban-

171 261 238 295 dt'n.
256 262 295 295 11.
316 259 379 294 col.
397 264 466 295 262.
482 257 542 308 sq.)
568 280 619 288 ——
670 260 707 294 In
729 257 803 294 cod.
820 259 903 294 XIX.
929 258 1009 307 plut.
1027 266 1074 303 58.
1098 271 1145 294 nr.
1164 272 1185 293 ι.
1212 259 1335 294 Herod.
1358 259 1424 304 (vel
1445 264 1553 308 potius
1576 260 1656 294 alius
1675 273 1783 307 gram-

174 313 309 352 matici,
340 313 385 346 vti
408 309 502 358 supra
521 324 539 346 e
562 309 748 345 Villoisonii
772 306 933 345 obseruat.
956 309 1222 355 adnotauimus,)
1262 309 1301 345 de
1317 313 1522 355 nominibus,
1561 309 1580 346 s.
1597 312 1674 362 περὶ
1693 327 1783 362 7503?-

170 364 337 409 αγωγὲων
363 364 497 409 «γενικῶν
526 360 599 401 εἰπὲ
624 358 834 403 διαλέκτων,
862 362 898 395 de
921 361 1171 397 deriuationihur
1188 363 1404 407 genitiuorum
1426 376 1444 396 a
1466 364 1615 398 dolavit.
1668 365 1700 409 2)
1729 365 1783 398 De

168 416 291 456 verbis,
318 427 399 462 quae
422 424 571 462 excerpta
595 416 717 462 primus
742 411 841 449 edidit
865 411 968 448 Aldus
990 411 1046 448 sub
1069 412 1183 449 titulo:
1210 411 1433 463 παρεκβολαὶ
1455 425 1515 450 etc.
1569 416 1722 459 (Bandin.
1746 417 1784 450 II.

168 478 247 514 pag.
263 468 349 510 458.)
402 465 525 500 Eadem
547 464 615 499 duo
640 462 794 513 opuscula
816 460 889 500 sunt
910 467 943 499 in
965 463 1040 499 cod.
1065 466 1152 499 XIV.
1175 477 1223 499 nr.
1246 476 1262 506 3
1286 476 1316 499 et
1335 479 1363 508 4.
1386 467 1437 500 vbi
1462 465 1618 514 posterius
1640 464 1783 502 inscribi.

169 528 241 559 tur,
274 513 498 565 παρεκβολα)
525 518 571 555 ‘rie‘
591 513 738 564 μεγάλε
757 513 900 566 ῥήτορος·-
937 517 1155 560 (Bandin.11.
1179 514 1243 551 col.
1260 517 1348 560 638.)
1403 519 1438 552 In
1465 515 1538 555 cod,
1552 518 1638 554 XIII.
1659 531 1709 553 nr.
1728 523 1781 555 62.

168 567 246 617 plut.
262 579 316 611 74.
351 569 472 603 Herod.
497 568 536 603 de
562 580 761 604 numerorum
785 570 891 608 notis,
925 579 1009 616 quae
1031 565 1118 616 ipsae
1137 568 1176 603 ab
1202 570 1322 603 vnitate
1343 568 1528 617 procedunt
1548 580 1646 617 vsque
1667 569 1708 605 ad
1729 568 1781 606 de·

166 632 241 655 cem
263 619 375 654 millia.

65 695 105 732 In
126 693 200 732 cod.
220 696 356 731 Matrit.
376 697 470 744 regio
487 695 651 730 XXXVII.
678 695 752 739 (cat.
771 696 869 731 Iriart.
893 706 968 743 pag.
989 697 1075 740 141.)
1106 693 1150 731 est
1166 693 1393 744 fragmentum
1409 695 1475 732 fine
1490 697 1632 733 auctoris
1646 699 1783 734 nomine

163 745 206 783 de
228 746 432 790 accentibus,
459 750 492 781 in
514 745 679 794 sequentes
703 746 814 783 titulos
838 746 1060 789 distributum,
1087 745 1127 782 de
1148 748 1330 782 accentibus
1352 751 1556 796 generatim,
1583 748 1624 785 de
1645 751 1781 798 pundio,

165 797 206 835 de
227 796 406 847 spiritibus,
432 797 472 833 de
493 798 657 834 vocalibus
679 799 847 841 tenuibus,
875 797 914 834 de
935 797 1166 847 diphthongiS,
1193 797 1233 833 de
1251 799 1418 835 vocalibus
1438 798 1600 849 aspiratis:
1640 800 1671 837 id
1693 799 1780 850 frag-

166 861 336 889 mentum,
372 850 575 885 Constantini
600 846 740 885 Lascaris
761 863 862 885 manu
888 848 1104 899 descriptum,
1139 851 1179 885 ab
1203 852 1260 893 iis,
1305 864 1388 900 quae
1417 851 1470 887 ille
1498 854 1533 886 in
1561 854 1778 900 grammatica

165 899 222 937 sua
243 915 280 937 ea
305 901 346 937 de
367 914 402 936 re
424 902 588 942 tratstauit,
615 900 814 950 discrepare,
841 911 874 937 et
894 899 981 937 forte
1002 902 1042 936 ab
1064 900 1182 937 eodem
1206 915 1244 937 ex
1259 902 1441 938 Herodiani
1462 902 1616 953 prosodia
1640 902 1780 940 summa-

167 955 229 988 tim
249 951 459 1001 depromtum
479 950 563 993 esse,
599 951 692 987 sentit
717 956 837 988 lriarte.
888 954 983 989 Tum
1009 951 1151 1001 sequitur
1173 953 1351 1002 prologus,
1394 965 1426 989 vt
1451 953 1592 990 Lascaris
1616 959 1778 1004 opinatur,

174 1004 338 1055 Theod-fli
361 1006 393 1039 in
415 1017 556 1039 canones
582 1002 763 1039 vniuersalis
786 1001 956 1052 prosodiae
980 1004 1181 1044 Herodiani,
1209 1015 1240 1040 et
1261 1004 1357 1040 index
1379 1006 1449 1041 XX.
1468 1006 1626 1042 librorum
1652 1011 1779 1043 vniuer·

168 1053 242 1091 salis
267 1055 446 1091 Herodiani
468 1053 656 1105 prosodiae,
683 1055 722 1090 de
748 1069 814 1104 quo
831 1055 870 1090 ad
888 1056 920 1101 ᾗ.
941 1053 1128 1104 sequentem
1151 1059 1267 1104 agitur.
1293 1077 1344 1083 --
1380 1058 1416 1091 In
1434 1057 1507 1093 cod.
1525 1060 1666 1095 LXXXI.
1683 1066 1778 1108 Παρ-

163 1103 311 1156 εκβολοὴ
333 1105 354 1143 s.
381 1118 531 1154 excerpta
554 1119 595 1140 ex
624 1106 710 1141 libris
735 1110 899 1141 variorum
921 1110 1237 1152 grammaticorum,
1270 1117 1364 1156 atque
1387 1121 1425 1142 ex
1449 1108 1632 1155 Apollonio
1660 1121 1691 1145 et
1713 1112 1779 1145 He-

163 1161 308 1194 rodiano,
362 1161 565 1206 Argumenta
588 1156 790 1206 fingularum
811 1156 994 1192 sectionum
1021 1167 1052 1192 et
1074 1158 1309 1207 particularum
1340 1170 1449 1195 curate
1478 1158 1620 1198 recenset
1642 1164 1778 1202 Jriarte.

162 1221 240 1259 pag.
260 1221 317 1258 295
333 1233 345 1240 -
360 1221 436 1256 299.

60 1286 100 1323 In
120 1286 315 1330 Britannia,
343 1284 522 1322 secundum
550 1284 642 1320 catal.
667 1283 764 1321 codd.
783 1285 885 1334 Angl.
909 1295 939 1321 et
960 1287 1098 1322 Hibern.
1122 1288 1205 1322 inter
1225 1285 1321 1323 codd.
1344 1288 1476 1323 Barocc.
1500 1290 1533 1324 in
1553 1287 1628 1326 cod.
1652 1292 1779 1330 LXXII.

158 1339 334 1375 Herodian.
360 1338 400 1373 de
422 1337 589 1373 dicht-onis
616 1335 694 1372 [de
715 1338 882 1373 vocalibus
909 1339 1102 1387 ancipitibus
1133 1349 1163 1374 et
1195 1349 1343 1388 excerpta
1372 1353 1410 1375 ex
1437 1340 1643 1378 Herodiano.
1669 1364 1720 1371 —
1746 1347 1780 1379 in

160 1390 236 1426 cod.
262 1392 406 1426 LXXVI.
441 1390 614 1424 Herodian.
634 1389 760 1436 ‘regula
788 1388 828 1424 de
850 1393 1030 1425 variatione
1050 1400 1244 1425 accentuum
1270 1393 1303 1426 in
1325 1394 1487 1438 genitium
1515 1394 1548 1426 it.
1572 1392 1612 1428 de
1634 1394 1779 1441 quaesitis

61 1412 121 1474 α
163 1445 247 1477 circa
273 1455 387 1477 omnes
409 1446 584 1476 nominum
606 1439 836 1475 declinationes
861 1450 892 1476 et
917 1441 957 1476 de
981 1444 1213 1490 coniugatione
1233 1442 1418 1478 verborum.
1435 1464 1486 1470 ——
1511 1444 1583 1480 cod.
1600 1448 1775 1482 LXXXIV.

160 1494 287 1530 Herod.
311 1492 350 1528 de
373 1495 526 1527 numeris.
557 1511 610 1518 —-
647 1491 721 1526 cod.
744 1494 857 1527 CXIX.
879 1506 918 1527 ex
944 1495 1133 1528 Herodiano
1157 1504 1188 1528 et
1216 1494 1285 1528 aliis
1315 1496 1456 1543 antiquis
1489 1497 1622 1544 regulae
1652 1501 1777 1535 variae:

161 1545 198 1581 it.
222 1545 345 1579 Herod.
367 1543 407 1579 de
428 1545 606 1593 quantitate
621 1541 868 1579 dichronorum.
894 1563 942 1571 —
971 1543 1045 1579 cod.
1062 1545 1177 1579 CXVI.
1202 1547 1257 1590 (an
1274 1546 1494 1591 Herodian13)
1520 1547 1560 1582 de
1574 1548 1775 1585 barbarismo

162 1606 195 1632 et
216 1594 425 1632 soloecismo.
453 1615 504 1621 -
530 1593 604 1629 cod.
624 1595 756 1630 CXXV.
778 1594 903 1631 Herod.
919 1593 1094 1643 fragment.
1118 1595 1158 1632 de
1181 1599 1362 1632 accentibus
1384 1596 1633 1642 adum-bimum,
1660 1610 1690 1635 et
1706 1601 1799 1637 anos

164 1649 268 1696 nymi,
293 1647 455 1690 (eiusdem
475 1659 533 1686 ne,
568 1645 770 1687 Herodiani,
799 1659 840 1681 an
863 1660 903 1682 ex
926 1647 1010 1682 illius
1030 1660 1132 1696 opere
1156 1659 1344 1694 excerptum
1356 1651 1384 1694 ,2)
1421 1648 1462 1684 de
1484 1650 1700 1694 barbarismo,
1730 1653 1776 1689 so-

161 1699 322 1734 loecismo
345 1709 376 1734 et
396 1697 436 1733 de
459 1696 612 1733 dialectis.
635 1717 686 1724 -—
721 1696 794 1733 cod.
812 1699 985 1734 CLXXIX.
1011 1700 1131 1734 Herod.
1154 1699 1225 1733 libri
1249 1700 1330 1735 XX.
1362 1700 1402 1734 de
1423 1712 1615 1737 accentuum
1640 1708 1776 1747 ratione,

164 1749 394 1785 aTheodolio
421 1752 453 1784 in
475 1747 707 1794 compendium
724 1748 863 1792 i·edac⁰ci;
890 1749 976 1784 idem
1001 1763 1103 1797 opus,
1130 1751 1219 1797 quod
1246 1751 1289 1785 est
1310 1754 1342 1785 in
1363 1751 1435 1787 cod.
1458 1754 1583 1788 Matris.
1608 1753 1670 1790 ess'e
1692 1757 1776 1792 vide-

164 1810 226 1836 tur.
252 1820 304 1828 -
340 1801 461 1836 Oxonii
482 1801 515 1834 in
536 1799 612 1835 bibl.
634 1799 766 1848 collegii
780 1803 858 1845 noui
879 1800 1164 1839 eod.McCLX11,
1191 1803 1335 1836 Homeri
1354 1803 1424 1836 Ili-as
1439 1817 1513 1839 cum
1532 1818 1580 1852 gr.
1598 1803 1724 1841 scholiis
1743 1818 1774 1843 et

160 1854 364 1898 epimerimzis
386 1850 574 1886 Herodiani.
602 1870 651 1877 —-
692 1851 779 1887 Inter
799 1850 894 1889 codd.
922 1853 1032 1887 Titum.
1059 1853 1156 1893 Gale,
1182 1866 1229 1888 nr.
1244 1854 1417 1888 CCXLIX.
1443 1854 1517 1898 (aut
1537 1867 1596 1892 cat.
1613 1859 1652 1892 II.
1667 1871 1772 1907 pam.

160 1916 209 1940 nr.
227 1901 653 1947 MMMMMMLXXXII.)
679 1905 913 1950 grammaticae
937 1904 1115 1939 catholicae
1140 1917 1198 1953 per
1219 1904 1454 1940 Theodosium
1476 1909 1631 1955 epitome.

66 2005 269 2043 Vin.i0bonae
292 2007 325 2039 in
343 2003 418 2038 bibl.
439 2000 605 2038 Caesarea.
631 2003 752 2038 Herod.
776 2002 842 2038 obs.
863 2001 904 2039 de
927 2006 1013 2039 notis
1038 2017 1255 2039 numerorum
1273 2004 1361 2051 apud
1374 2008 1533 2049 Graecos,
1561 2018 1591 2044 et
1608 2008 1716 2059 opusc.
1732 2011 1772 2048 de

164 2056 306 2103 dialec'lis
328 2068 376 2104 gr.
396 2056 547 2103 linguae,
574 2058 608 2089 in
629 2054 807 2103 adpendice
831 2054 870 2090 ad
895 2058 1048 2091 Lamhecii
1070 2067 1249 2091 comment.
1271 2056 1310 2091 de
1332 2058 1405 2096 bibl.
1430 2058 1526 2094 Vind.
1543 2060 1607 2096 vol.
1629 2065 1681 2096 IV.
1706 2065 1771 2100 col,

162 2120 222 2155 507
241 2117 271 2143 et
286 2116 356 2153 508.
376 2104 427 2143 ed.
445 2105 592 2142 Kollarii.
618 2126 669 2133 —-
695 2108 729 2141 in
751 2104 824 2141 cod.
840 2108 986 2142 CCXVI.
1011 2120 1059 2146 nr,
1076 2120 1102 2153 5.
1132 2108 1253 2142 Herod.
1279 2107 1318 2143 de
1341 2111 1522 2145 accentibus
1542 2111 1772 2150 aduerbiorum

167 2160 325 2206 (Lambec.
340 2161 381 2195 V.
402 2158 465 2192 col.
483 2160 568 2203 544.)
596 2177 646 2184 -
673 2159 707 2192 in
730 2156 805 2192 cod.
822 2159 998 2193 CXXXIII.
1016 2171 1063 2193 nr.
1080 2171 1109 2202 4,
1134 2160 1258 2195 Herod.
1272 2158 1312 2195 de
1327 2160 1537 2197 vetustiffimis
1553 2177 1770 2202 numerorum

165 2214 267 2253 notis,
303 2209 388 2259 apud
411 2211 552 2245 Graecos
580 2207 704 2243 vfitatis.
764 2210 921 2255 (Lamhec.
938 2212 1009 2246 VII.
1031 2211 1095 2245 eol.
1114 2222 1183 2256 524.
1201 2208 1266 2259 seq.
1291 2211 1344 2246 vbi
1370 2215 1393 2246 is
1414 2226 1545 2262 quoque
1578 2228 1772 2263 comparare

166 2263 253 2298 iubet
275 2262 316 2296 G.
343 2263 373 2297 Ι.
398 2260 537 2306 Voffium
560 2258 600 2294 de
623 2257 760 2295 scientiis
784 2262 1024 2296 mathematicis
1045 2275 1114 2310 cap.
1136 2272 1166 2303 8.
1191 2263 1221 2309 ᾗ.
1247 2273 1273 2305 3.
1298 2272 1329 2298 et
1350 2265 1513 2299 Matthaei
1530 2267 1637 2314 Holsti
1656 2268 1710 2305 lib,
1733 2269 1774 2304 de

167 2315 394 2349 numeratione
412 2310 604 2355 emendata,
630 2312 790 2347 veteribus
813 2314 931 2348 Latinis
949 2323 978 2349 et
994 2314 1125 2350 Graecis
1142 2311 1272 2360 vibam,
1297 2316 1504 2364 Antwerpiae
1521 2320 1608 2367 typis
1625 2320 1776 2367 Cliphori

114 2372 180 2405 Vol.
198 2373 258 2405 VI.
1129 2365 1160 2399 N
1169 2378 1192 2401 n
1628 2371 1778 2416 Plautini,
