2013 2725
236 141 292 181 '310
345 136 498 175 LibJV.
512 149 534 172 c.
548 134 680 174 XVII.
746 135 863 174 PAVS.
897 133 1035 171 CODD.
1069 132 1208 172 MssTI
1239 132 1306 172 ET
1340 133 1589 175 EDITIONES
1705 138 1949 175 Vol-m-P·470

340 243 369 277 5.
395 228 662 281 Προβλημάτων
692 229 833 274 βιβλίον
855 226 890 268 α’-
925 228 1012 266 Suid.
1047 232 1094 278 [et
1118 230 1242 268 Eudoc.
1264 230 1287 267 l.
1308 231 1330 269 l.
1356 232 1409 267 vbi
1433 229 1602 269 Pausanias
1622 231 1741 269 dicitur
1763 232 1951 283 σύγχςονος

235 281 423 338 Ἀςιςάδε.]

336 356 369 389 6.
397 349 559 390 'Ara-ndu
585 346 756 397 ἑνομοὶτων
777 348 981 397 συναγωγή·
1015 363 1098 398 opus
1120 347 1291 399 copiosum
1318 349 1436 393 nostri,
1463 364 1505 385 an
1526 350 1653 387 alterius
1676 349 1867 393 Pausaniae,
1887 351 1954 388 lau-

236 406 349 442 datum
373 404 489 439 Ps'zotio
511 401 583 438 cod.
600 403 714 438 CLIII.
741 399 928 438 scholiastae
950 402 1121 452 Apollonii
1142 416 1179 438 ac
1200 401 1429 447 Thucydidis,
1455 401 1527 446 [VI.
1545 416 1616 453 cap.
1633 405 1699 451 28.]
1724 415 1756 442 et
1780 403 1950 451 Eustathio
2008 426 2013 432 ·

236 457 276 494 ad
294 459 434 493 Homer.
461 452 537 501 [vid.
553 453 666 500 Kaster
682 452 723 489 ad
738 452 826 489 Suid.
844 455 898 489 ΙΙΙ.
913 467 987 503 pag.
1003 456 1070 501 δι]

488 558 547 592 lv.
603 554 742 592 codd.
799 559 944 592 mssti
995 564 1043 593 ct
1094 557 1343 592 editiones
1397 557 1702 604 Pausaniae.

337 635 456 683 [codd.
474 630 591 675 histos,
618 641 652 669 vt
665 632 705 669 de
719 635 767 669 his
782 646 885 682 pauca
899 631 1046 669 adferam
1058 662 1065 675 ,
1092 641 1233 681 quatuor
1249 637 1385 670 chartac.
1402 633 1476 670 bibl.
1493 635 1582 684 publ.
1599 637 1776 685 Parifienſss
1791 642 1956 671 memorat

235 689 383 725 Kfihnius
400 690 433 722 iu
449 685 552 735 praef.
567 684 606 720 ad
623 683 714 720 suam
730 685 804 723 edit.
825 682 877 720 sed
901 697 974 726 eOS,
1002 696 1114 730 notat,
1139 699 1257 734 parum
1273 697 1327 722 aut
1341 686 1423 722 nihil
1442 686 1558 722 distare
1573 686 1611 721 ab
1628 686 1751 723 Aldine
1767 687 1956 736 exemplari,

233 740 320 776 vnde
344 742 470 774 Veneta
481 737 566 825 ledi1t.
588 736 632 772 est
653 734 816 786 expressa:
851 746 882 773 et
904 735 1042 774 totidem
1071 750 1226 788 quoquc,
1261 737 1326 774 alio
1354 737 1488 787 quidem
1512 737 1648 783 ordine,
1681 748 1896 775 numerantur
1921 741 1957 774 in

233 792 289 829 lat.
307 793 418 827 MSSt.
436 803 479 825 vo
496 817 502 824 .
521 792 535 824 1
553 816 561 825 .

335 860 374 894 In
387 856 465 893 bibl.
482 857 640 891 Laurum.
656 856 800 892 Florem.
817 855 908 902 (teste
923 856 1086 892 Bandinio
1101 856 1195 892 catal.
1213 855 1309 892 codd.
1324 869 1375 905 gr.
1393 866 1475 892 tom.
1493 858 1532 892 II.
1546 869 1623 907 pag.
1639 860 1703 902 306
1719 854 1769 905 sq)
1791 857 1873 893 Plut.
1889 858 1957 894 LV.

235 911 310 949 cod.
328 913 365 945 X.
391 909 529 945 membr.
554 905 632 942 sace.
652 909 723 943 XV.
750 906 922 943 Pausaniae
945 908 1017 943 libri
1035 910 1074 943 X.
1107 922 1183 943 curn
1207 912 1294 944 notis
1326 911 1360 943 in
1387 911 1560 956 margine,
1592 918 1623 944 et
1643 909 1718 945 cod.
1733 910 1787 943 XI.
1815 908 1956 945 membr.

234 962 314 999 saec.
329 963 398 996 XV.
427 963 557 995 Romae
581 971 682 993 manu
704 961 753 994 Io.
771 960 950 1006 presbyteri
970 957 1072 994 Rhofi
1089 958 1249 995 Cretensis
1264 973 1292 994 a.
1308 966 1395 1004 1485.
1411 959 1513 995 nitide
1530 957 1677 1009 scriptus.
1727 961 1855 995 citatur
1869 960 1958 995 Pau-

226 1016 340 1064 sanias
361 1016 394 1048 in
416 1012 530 1047 violas.
551 1007 701 1058 compos.
718 1010 857 1044 Bandin.
875 1011 898 1044 1.
912 1022 987 1059 pag.
1005 1021 1078 1055 549,

335 1082 373 1116 In
395 1079 544 1115 biblioth.
563 1077 687 1113 Veneta
701 1077 743 1111 D.
760 1078 887 1118 Marci,
913 1075 986 1112 cod.
1008 1078 1216 1113 CCCCXIII.
1235 1073 1416 1113 secundum
1430 1076 1522 1116 catal.
1538 1076 1634 1114 codd.
1649 1091 1699 1128 gr.
1715 1091 1791 1129 pag.
1805 1090 1885 1116 200.
1907 1098 1960 1107 —

235 1134 353 1169 Romae
371 1134 406 1167 in
428 1131 504 1166 bibl.
522 1129 677 1176 Angelica
698 1126 772 1163 cod.
788 1130 924 1165 chartac.
939 1126 1018 1164 saec.
1036 1130 1123 1166 XIV.

341 1199 475 1244 Neapoli
498 1200 533 1231 in
553 1195 627 1231 bibl.
650 1192 873 1242 Augustinens.
893 1197 923 1229 S.
942 1198 1056 1230 Ioann.
1074 1194 1114 1230 ad
1132 1194 1390 1238 carbonariam,
1416 1195 1490 1232 cod.
1513 1197 1668 1242 bombyc.
1690 1193 1769 1232 saec.
1785 1198 1856 1232 XV.
1882 1197 1962 1232 Pau·

236 1251 344 1289 sanine
364 1245 533 1289 Ἑλλάδος
553 1244 757 1296 περιήγησις.
785 1268 836 1274 --
862 1248 999 1282 matriti
1020 1250 1052 1283 in
1073 1247 1148 1283 bibl.
1168 1250 1276 1295 regia,
1302 1249 1429 1296 primus
1447 1257 1572 1284 tantum
1588 1248 1688 1292 liber,
1711 1251 1802 1298 isque
1815 1248 1961 1286 mutilus.
2003 1244 2008 1247 ⁵

237 1304 304 1339 vid.
320 1306 441 1338 Iriarte
462 1301 552 1336 catal.
576 1312 652 1348 pag.
672 1310 728 1335 120
742 1296 786 1347 sq.

338 1373 376 1405 In
394 1368 467 1404 bibl.
488 1368 736 1414 Heidelbergenst
750 1364 920 1415 quondam
938 1364 999 1401 fuit
1016 1364 1136 1407 codex,
1163 1365 1240 1401 teste
1255 1367 1446 1415 Sylburgio.
1471 1386 1526 1394 —-
1551 1368 1588 1402 In
1601 1366 1676 1402 bibl.
1696 1365 1865 1414 Augustae
1881 1366 1961 1404 Vin-

239 1423 326 1458 delic.
349 1421 449 1457 exstat
469 1418 542 1455 cod.
563 1417 638 1454 teste
654 1419 779 1465 Reisero
797 1420 830 1452 in
849 1417 955 1453 indice
973 1420 1124 1454 MSSror.
1139 1418 1211 1452 bibl.
1229 1418 1450 1467 Augustanae,
1477 1431 1551 1466 pag.
1567 1422 1619 1460 68.
1637 1432 1685 1453 nr.
1701 1431 1753 1463 29.

341 1490 378 1524 In
394 1488 469 1523 bibl.
483 1484 641 1523 Caesarea
657 1485 697 1521 V
696 1486 843 1520 indobon.
861 1482 950 1527 sunt,
978 1484 1072 1530 (teste
1086 1487 1250 1529 Kollario,
1277 1488 1332 1534 qui
1352 1486 1475 1521 multus
1499 1485 1541 1520 est
1564 1484 1604 1520 de
1621 1482 1792 1527 Pausania,
1819 1497 1961 1534 eumque

239 1544 310 1577 iure
325 1540 452 1586 laudat,
477 1543 508 1574 in
527 1537 686 1588 supplem.
703 1538 725 1570 I.
748 1535 788 1571 ad
804 1537 969 1572 Lambecii
986 1547 1165 1572 comment.
1182 1550 1255 1586 pag.
1274 1550 1331 1583 593
1348 1535 1432 1586 sqq.)
1460 1536 1527 1572 duo
1545 1536 1640 1573 codd.
1656 1536 1747 1580 alter,
1768 1535 1842 1572 cod.
1860 1538 1962 1574 XCV.

240 1595 379 1628 chartac.
395 1589 473 1627 saec,
489 1592 576 1625 XVI.
600 1603 676 1624 cum
698 1588 792 1623 bonis
812 1586 915 1624 schol.
933 1589 1106 1636 marginal.
1126 1588 1228 1631 alter.
1253 1588 1327 1624 cod.
1345 1591 1461 1625 XCVI.
1477 1603 1505 1624 a.
1519 1602 1609 1634 1500.
1629 1586 1782 1638 scriptu5.,
1808 1589 1847 1623 ab
1867 1591 1960 1624 initio

241 1643 376 1681 mutilus
400 1656 439 1678 ex
459 1640 690 1691 superioreque
713 1639 787 1674 cod.
810 1640 1019 1688 probabi.iter
1040 1638 1223 1689 descriptus
1276 1642 1460 1689 Vtrumque
1478 1650 1644 1675 memorat
1658 1653 1789 1689 quoque
1805 1639 1962 1688 Neffi‘lius

241 1700 275 1732 in
300 1696 392 1730 catal.
417 1693 514 1730 codd.
536 1691 678 1728 Vindob.
705 1701 783 1739 part.
801 1694 840 1725 V.
866 1703 940 1738 pag.
958 1703 1015 1737 47.
1038 1705 1088 1727 nr.
1105 1703 1150 1734 23.
1171 1703 1202 1727 ct
1219 1705 1295 1740 pag.
1311 1699 1363 1737 98.
1384 1705 1434 1728 nr.
1451 1704 1497 1736 51.
1550 1694 1668 1727 Prioris
1686 1694 1726 1727 V.
1743 1694 1778 1727 L.
1794 1701 1961 1740 acceperat

241 1748 282 1784 cl.
300 1749 417 1782 Facitis
443 1744 482 1780 ad
509 1743 583 1780 edit.
610 1742 700 1779 suam
723 1741 916 1778 ornandam.
978 1742 1070 1778 Idem
1094 1745 1133 1777 V.
1151 1745 1194 1778 D.
1220 1742 1289 1777 vsus
1313 1743 1356 1777 est
1378 1745 1416 1779 V.
1432 1744 1469 1779 L.
1491 1742 1798 1791 cod.]'dosquensts‚
1827 1756 1868 1778 ex
1894 1744 1960 1779 alio

241 1801 340 1835 veteri
362 1797 517 1844 exemplo
537 1792 705 1843 descripti,
733 1796 820 1829 cuius
834 1804 944 1828 tamen
958 1794 1056 1831 lectio
1073 1807 1151 1831 cum
1171 1793 1292 1831 Aldina
1307 1792 1432 1843 saepius
1453 1798 1616 1843 congruit.
1644 1814 1694 1822 —-
1716 1797 1755 1831 In
1768 1795 1841 1831 bibl.
1858 1795 1898 1831 V
1897 1797 1962 1830 ina·

240 1851 333 1902 ricnfi
352 1847 423 1885 sunt
444 1845 522 1884 obff.
543 1857 658 1884 msstae
679 1843 718 1882 ad
733 1842 947 1893 Pausaniam]

342 1957 504 1991 Editiones
530 1955 591 1989 hae
617 1950 708 1989 sunt:

344 2024 467 2057 Graeca
481 2020 555 2056 Aldi
574 2022 734 2062 Mummii,
760 2018 962 2068 singularum
980 2020 1174 2068 paginarum
1193 2016 1328 2053 summis
1343 2017 1543 2066 marginibus
1553 2017 1793 2066 'argumentum
1808 2020 1962 2067 cuiusque

243 2071 437 2122 adscriptum
460 2074 587 2108 babens.
615 2075 730 2107 Vener.
754 2075 834 2116 1516.
856 2069 916 2106 fol.
941 2084 999 2118 per
1021 2071 1177 2105 Marcum
1193 2067 1387 2111 Musmum,
1414 2067 1623 2110 Cretensem,
1647 2067 1838 2118 episcopum
1860 2068 1960 2118 paulo

242 2125 313 2174 post
329 2123 534 2173 Ragufinum
547 2148 556 2162 ‚
584 2125 638 2169 qui
662 2127 741 2158 Iano
755 2121 878 2158 Lascari
899 2122 1016 2157 librum
1035 2118 1207 2170 inscripsit,
1235 2134 1335 2168 opus,
1361 2132 1396 2156 vt
1413 2133 1486 2155 vere
1504 2120 1622 2160 Aldus,
1645 2124 1793 2168 antiquae
1809 2133 1961 2167 raraeque

242 2179 426 2212 eruditionis
441 2176 618 2222 ihesaurum
634 2177 800 2210 continens.
854 2175 927 2208 Hac
948 2173 1101 2214 editione,
1125 2171 1236 2208 multis
1257 2171 1591 2208 animaduersionibus
1606 2173 1701 2207 MSS.
1720 2172 1765 2219 Is.
1781 2173 1961 2219 Casaulvm'

241 2227 377 2270 referta,
397 2226 469 2263 vsus
489 2227 533 2262 est
556 2228 714 2261 Kiibnius.
769 2227 886 2260 Fuerat
907 2224 962 2259 illa
980 2226 1112 2260 Ioannis
1130 2225 1349 2263 Bous-deleth,
1377 2227 1432 2272 qui
1456 2234 1488 2258 et
1510 2221 1575 2272 ipse
1596 2233 1689 2259 notas
1714 2226 1747 2259 in
1771 2221 1959 2260 Pausaniam

240 2282 403 2329 promittit
419 2282 451 2315 in
467 2275 692 2315 animaduerti.
707 2276 747 2311 ad
765 2278 896 2314 Lucian.
915 2287 998 2312 tom.
1015 2279 1038 2310 1.
1060 2289 1137 2324 pag.
1153 2287 1223 2322 549.
1238 2285 1319 2322 789.
1335 2285 1365 2311 et
1382 2274 1469 2311 alibi.

341 2358 489 2393 Latinae.
542 2355 738 2403 [Pausaniae
753 2354 920 2400 descriptio
936 2353 1084 2392 Atticam
1110 2350 1297 2398 Myrfiliu53
1325 2353 1457 2388 Porcius
1472 2353 1578 2395 Cat03
1605 2350 1819 2386 Archilochus
1827 2363 1838 2396 3
1865 2351 1959 2388 Philo

241 2409 280 2445 de
306 2409 526 2458 temporibus3
558 2407 795 2450 Metaffl1enes3
827 2405 1016 2455 Xenophon
1038 2403 1079 2440 de
1101 2406 1305 2454 aequiuocis;
1339 2404 1570 2454 Sempronius3
1606 2403 1719 2439 Fabius
1741 2403 1869 2444 Picton
1894 2404 1959 2438 An-

1851 2455 1959 2491 touini
