2049 2720
189 152 269 188 108.
306 147 555 187 EDITIONES
590 145 816 191 GRAECAE,
853 146 918 184 ET
951 147 1343 188 GRAECOLATtNAE
1393 152 1546 192 nari?
1561 152 1711 192 affffs„
1764 158 1800 201 ἶςῖῑ

85 260 171 283 noua
194 244 321 294 Iosephi
345 245 507 286 editione,
534 241 602 278 vsui
620 241 723 280 fuisse.
774 240 886 278 Refert
911 257 1041 294 quoquc
1060 246 1083 281 Ῐ.
1099 247 1263 282 Henricus
1279 246 1411 283 Vrsinus
1437 250 1468 282 in
1493 250 1633 297 epistolis
1659 251 1799 287 neit-ruffi

22 308 27 314 “
83 310 115 334 et
138 297 223 334 Bofii
248 310 323 346 pag.
341 301 416 341 463.
450 295 717 343 Chronolog‘iam
737 297 768 330 S.
793 293 832 329 ad
858 293 985 342 Iosephi
1007 308 1172 335 mentem,
1205 300 1320 348 Hagge
1344 302 1513 335 Comitum
1538 305 1622 336 1661.
1648 318 1666 337 a
1682 303 1796 340 vomo

82 351 211 387 editam.
245 351 332 386 fecit
348 349 434 383 idem
453 347 571 382 ibidem
586 346 726 382 Noldius
740 346 896 382 litteratos
913 346 1049 395 sperare,
1075 348 1144 396 posi
1160 344 1325 397 Scaligc‘ri,
1353 350 1472 391 Voffii,
1499 363 1529 387 et
1547 356 1631 387 Petiti
1649 367 1795 390 morte-m

80 404 105 440 J.
121 405 303 438 Cocceium
319 411 349 435 et
365 400 585 436 Christianum
602 401 802 433 Schotanum
820 401 854 432 in
871 401 958 433 hunc
976 402 1121 434 laborem
1143 398 1357 447 successuros3
1384 405 1455 438 imo
1470 402 1595 438 sibimet
1613 409 1707 439 etiam
1736 406 1793 454 ipsi

20 449 26 455 ¹
81 454 120 490 ad
145 453 284 489 arduum
308 454 373 487 hoc
394 465 477 500 opus
501 450 756 499 adgrediendum
779 454 907 485 animos
930 465 997 486 non
1021 450 1155 487 defuiss'e
1171 451 1338 500 fignificat.
1391 457 1432 489 At
1448 454 1608 490 Noldium
1624 467 1654 491 et
1671 454 1737 505 spes
1753 456 1795 493 de

81 509 227 542 Cocceio
245 516 342 554 atque
362 505 530 538 Schotano
555 500 691 542 fefellit,
719 500 776 536 nis!
804 504 898 536 liuius
922 503 1149 538 bibliothecam
1173 503 1323 540 historiae
1342 507 1372 541 S.
1389 509 1425 541 V.
1442 508 1484 541 T.
1507 505 1572 542 siue
1595 519 1796 544 commenta-

78 561 166 593 rium
189 558 371 592 vberiorem
391 555 430 590 ad
447 556 604 589 Seuerum
624 553 822 602 Sulpicium,
845 554 888 589 ob
908 555 1068 590 nonnulla
1084 553 1209 603 losephi
1232 556 1305 592 loca
1325 556 1480 592 illustrata
1502 556 1620 594 referre
1638 560 1703 594 huc
1720 560 1794 595 veli-

79 623 174 653 mus3
201 619 231 644 et
253 605 319 657 ipse
342 619 474 657 quoque
498 607 568 641 orbi
589 607 731 642 litterato
757 615 885 653 ereptus
903 606 947 642 est
966 618 1151 655 antequam
1175 608 1305 643 efficere
1319 607 1440 657 posset,
1465 609 1554 658 quod
1573 608 1794 658 proposuerat.

52 668 57 670 ’
78 663 238 697 Cocceius
253 660 294 695 ad
310 672 405 695 oram
420 657 614 706 exemplaris
629 656 811 692 Bafileensis
836 656 968 693 edition.
982 659 1171 694 collationes
1194 661 1391 695 MSStorum
1414 658 1584 708 adspersit,
1609 664 1793 709 Bigotianas

33 743 37 747 .
76 710 199 749 scilicet
215 711 256 748 ad
274 712 373 747 libros
390 712 426 747 X.
449 713 573 760 priores
593 713 702 758 Antiq.
739 708 905 744 vossiams
921 723 1000 745 vero
1022 711 1060 745 ad
1086 712 1247 759 reliquos,
1270 715 1313 747 vti
1337 723 1367 747 et
1388 711 1427 746 ad
1453 712 1507 747 lib.
1524 712 1564 747 de
1581 715 1613 749 B.
1634 715 1657 748 1.
1672 716 1793 750 multas

7 805 12 808 ¹
73 772 240 815 praeterea
253 765 477 805 coniessums,
503 759 555 797 sed
572 775 648 796 meo
669 759 803 810 quidem
822 761 942 797 iudicio
960 763 1062 798 inuita.
1083 763 1277 812 plerumque
1291 766 1442 799 Minerua
1461 762 1571 800 fictas.
1625 767 1692 801 Has
1709 768 1793 802 Coc.

44 816 49 818 ’
74 820 201 852 eeianas
215 815 365 864 reliquias
383 816 640 862 Hauercampius
652 813 764 862 polica
782 813 974 861 publicauit,
1002 817 1056 862 qui
1072 814 1164 861 plura
1182 814 1316 865 desuper
1338 829 1433 864 pagg.
1452 818 1496 850 Vl
1517 827 1547 851 et
1573 818 1643 851 VH.
1667 816 1791 866 praefa-

73 870 172 905 tionis
193 865 268 903 suae
290 867 447 915 loquitur.
506 867 596 900 Ioan.
612 866 721 900 Andr.
741 866 852 912 Bostar
876 862 1051 912 losephinis
1072 867 1224 915 operibus
1244 882 1261 902 e
1289 867 1400 902 codice
1428 868 1500 903 bibl.
1525 868 1677 904 Paulinae
1701 868 1787 918 Lips.

73 918 206 957 edendis
227 918 283 954 diu
304 919 342 954 ab
365 918 493 954 erudito
522 918 601 953 orbe
623 916 806 952 desideratis
828 920 974 951 animum
995 921 1081 953 1662.
1103 917 1277 967 adplicuit,
1304 920 1343 954 ab
1365 921 1474 954 amico
1489 923 1585 954 veteri
1599 934 1658 969 per
1677 923 1789 959 Deum

73 982 106 1008 et
119 985 236 1007 omnes
246 967 356 1007 Musas
372 982 513 1019 rogatus.
569 971 605 1004 In
621 968 706 1017 epist.
723 968 762 1004 ad
780 968 965 1004 Reinefium
984 984 1057 1018 pag.
1072 983 1132 1016 351.
1152 982 1258 1006 totum
1279 969 1373 1006 suum
1391 974 1422 1005 in
1438 970 1630 1007 adornando
1646 971 1786 1021 losepho

72 1023 251 1059 confilium
265 1019 421 1058 describit.
479 1021 638 1069 Augustus
653 1019 814 1056 Brunsuic.
838 1030 869 1055 et
885 1022 1005 1057 Luneb.
1021 1023 1087 1056 dux
1102 1024 1141 1057 ab
1160 1026 1242 1072 imp.
1256 1021 1351 1058 Bosso
1375 1025 1605 1070 impetrauerat
1619 1023 1715 1059 codd.
1733 1026 1786 1061 Io.

69 1073 161 1124 seph.
176 1073 365 1110 vindobon.
418 1071 499 1107 Vsus
516 1087 645 1121 quoque
661 1071 765 1108 fuerat
780 1075 976 1108 membranis
992 1077 1188 1123 perantiquis
1204 1087 1234 1110 et
1249 1073 1512 1109 emendatiffimis
1528 1074 1690 1122 gymnasii
1709 1078 1787 1111 Por-

71 1125 186 1168 tensss,
220 1135 251 1161 et
273 1124 346 1161 cod.
361 1123 636 1170 Schleufingenfi,
670 1124 743 1158 cod.
759 1137 879 1171 graeco
901 1124 941 1159 de
965 1126 997 1158 B.
1016 1128 1040 1160 1.
1063 1126 1137 1160 bibl.
1156 1125 1434 1174 Rhedigerianae,
1469 1140 1551 1174 quae
1572 1128 1785 1166 Vratislauiae

71 1178 138 1222 est,
164 1180 258 1214 variis
276 1176 362 1212 lefit.
379 1177 418 1210 ab
435 1178 587 1211 Emerico
605 1176 734 1223 Bigotio
750 1188 788 1209 ex
805 1179 894 1220 regio
914 1173 1007 1210 Paris.
1024 1176 1097 1211 cod.
1115 1187 1147 1211 et
1169 1177 1296 1211 duobus
1320 1178 1531 1217 Florentinis,
1556 1189 1588 1212 et
1614 1191 1632 1212 2
1649 1182 1782 1214 Norint.

69 1229 274 1280 bergensibus
303 1230 470 1277 excerpti&
532 1230 574 1262 Vt
603 1228 757 1261 omnibus
784 1230 928 1261 numeris
951 1224 1137 1262 absolutum
1171 1227 1260 1262 daret
1287 1226 1483 1277 Iosephum,
1522 1231 1656 1264 iuuenes
1685 1233 1784 1267 etiam

70 1295 238 1333 cuvee‘ye’s·
251 1293 294 1315 eo
309 1281 375 1315 fine
391 1281 589 1328 peregrinari
611 1278 712 1316 iussit,
735 1288 767 1313 vt
789 1276 979 1313 conferrem
999 1279 1094 1314 codd.
1113 1290 1144 1314 et
1165 1279 1374 1327 colligerent,
1400 1278 1556 1328 quidquid
1583 1278 1639 1315 suo
1663 1278 1784 1318 seruire

66 1333 206 1370 consilio
221 1329 345 1381 posset.-
388 1335 498 1380 Qum
514 1329 654 1372 eodem,
679 1343 746 1379 quo
764 1330 896 1365 Bofium
910 1329 951 1365 de
968 1328 1106 1378 losepho
1124 1331 1272 1367 laborare
1297 1329 1385 1367 fama
1409 1345 1470 1380 per
1489 1333 1602 1367 orbem
1618 1330 1782 1380 sparserat,

66 1392 241 1434 tempore,
263 1386 360 1419 etiam
376 1380 577 1418 Oxonienses
593 1396 718 1417 nouam
737 1382 819 1416 illius
834 1380 993 1430 scriptoris
1010 1382 1188 1418 editionem
1208 1395 1378 1431 pararent,
1406 1396 1461 1430 per
1476 1386 1634 1431 Legatum
1650 1388 1781 1432 regium

68 1446 228 1486 rogarunt
256 1450 352 1477 eum,
386 1433 460 1470 suos
490 1435 523 1469 in
548 1431 724 1482 losephum
749 1434 878 1469 labores
903 1444 938 1468 vt
964 1435 1079 1482 Anglis
1105 1434 1313 1470 excudendos
1337 1436 1543 1482 relinqueret.
1609 1435 1782 1472 Recusauit

68 1502 149 1525 vero
165 1485 294 1526 Rosius,
320 1487 532 1523 eorrecfflonfs
551 1499 682 1533 quoque
697 1501 714 1522 a
730 1484 759 1520 se
774 1483 1009 1533 suscipiendam
1026 1499 1139 1521 curam
1157 1485 1320 1521 causs'atus.
1374 1487 1441 1521 Alii
1460 1500 1546 1532 vero,
1572 1497 1606 1522 vt
1622 1500 1661 1521 ex
1676 1490 1699 1523 Ι.
1719 1490 1779 1523 Ge.

19 1564 21 1566 -
69 1541 142 1577 zelii
160 1539 306 1590 epistola,
329 1540 460 1589 quaein
480 1538 654 1573 Philocal‘ia
674 1536 762 1584 epist.
784 1539 881 1572 aloa.
900 1539 1004 1573 Henr.
1020 1552 1037 1572 a
1054 1538 1185 1580 Sceleri,
1221 1539 1365 1573 Lubecae
1388 1544 1463 1582 1728
1489 1537 1592 1576 edita,
1618 1553 1691 1587 pag.
1707 1542 1780 1582 366.

68 1592 187 1634 exstat,
219 1590 388 1640 intelligo,
415 1589 565 1625 nondum
586 1586 756 1624 absoluiffe
777 1587 910 1624 Bostum
937 1586 1010 1625 suos
1032 1589 1177 1631 labores,
1202 1587 1276 1625 sunt
1296 1593 1437 1639 opinati3
1465 1592 1684 1638 Hauercamp.
1700 1605 1779 1628 vero

67 1641 201 1695 praefat.
219 1655 294 1692 pag.
311 1657 341 1679 2.
370 1641 453 1677 Boni
469 1641 669 1683 editionem,
695 1655 736 1677 eo
754 1645 901 1691 inprimis
914 1640 992 1677 dicit
1008 1640 1201 1685 retardatam
1218 1639 1330 1685 fuisse,
1355 1642 1442 1691 quod
1466 1644 1627 1690 integrum
1652 1655 1779 1679 nouem

30 1740 33 1743 ι
67 1695 183 1746 poster.
204 1694 413 1741 archaeolog.
440 1694 617 1737 librorum,
645 1697 789 1729 maxime
809 1704 1041 1741 corruptorum
1065 1693 1216 1731 codicem
1236 1691 1374 1729 nancisci
1399 1708 1467 1729 non
1492 1697 1650 1742 potuerit,
1683 1705 1780 1744 atque

67 1746 188 1784 codicis
203 1746 366 1794 Lugduno
383 1748 492 1780 Bataui
510 1757 659 1795 excerpta
674 1747 852 1794 plurimum
869 1745 1062 1783 desiderarit.
1115 1749 1289 1796 Vtcumque
1303 1744 1419 1782 fuerit:
1445 1746 1572 1781 medios
1586 1749 1668 1781 inter
1682 1750 1712 1781 in
1730 1750 1782 1783 10.

67 1795 202 1848 sephum
224 1797 368 1840 labores,
394 1808 504 1832 morte
529 1801 741 1845 opprimitur,
767 1797 897 1833 nonnisi
918 1797 997 1833 duas
1022 1797 1337 1842 historico-criticas,
1360 1802 1392 1833 in
1411 1798 1602 1847 periocham
1620 1797 1661 1833 de
1676 1799 1700 1834 1.
1717 1799 1779 1834 Ch,

67 1852 313 1890 exercitationes
365 1852 459 1884 lenae
483 1851 560 1891 1673
582 1861 612 1884 et
630 1853 722 1893 1674.
745 1847 863 1891 editas,
890 1860 920 1885 et
941 1849 1155 1897 postmodum
1180 1852 1204 1886 Ι.
1220 1851 1310 1898 Bapt.
1328 1852 1406 1885 Ottii
1431 1848 1614 1898 spicilegio,
1636 1847 1704 1884 fiue
1726 1863 1778 1885 ex-

66 1905 182 1950 cerptis
201 1915 239 1936 ex
262 1903 297 1936 Io
316 1928 324 1936 .
365 1899 385 1935 d
403 1902 443 1936 N.
459 1902 504 1935 T.
526 1900 774 1936 illustrationem
796 1914 871 1936 cura
893 1902 998 1949 Sigeb.
1018 1903 1238 1949 Hanercamp.
1273 1900 1374 1948 Lugd.
1394 1903 1498 1936 Batau.
1523 1913 1604 1943 ¹741·
1628 1901 1778 1947 adnexas,

67 1953 141 2004 post
163 1951 195 1988 se
223 1952 416 1999 relinquens.
470 1949 633 1986 Gotcfrid.
650 1953 800 1987 Olearius
824 1950 998 2000 Iosephum
1021 1966 1152 2001 quoque
1172 1951 1227 1986 fibi
1253 1951 1479 1987 illustrandum
1504 1949 1676 1995 sunzserat3
1709 1954 1778 1987 eius

68 2014 180 2041 tamen
193 2003 457 2039 lucubrationum
477 2016 540 2036 vna
555 2001 693 2050 superest
708 2001 833 2044 fratris,
861 2007 1048 2039 vaticinium
1072 2001 1134 2039 Ios.
1156 2002 1197 2038 de
1223 2002 1391 2039 euehenda
1413 2002 1452 2038 ad
1478 2001 1645 2038 finitimum
1673 2005 1778 2052 impe-

32 2083 35 2087 s
64 2059 153 2094 rium
170 2066 267 2105 gente
283 2055 393 2089 Flauia
409 2055 597 2088 vaticinium
615 2054 836 2102 expendentis,
855 2053 916 2089 illo
932 2054 1074 2102 praeside
1095 2055 1260 2103 publicato
1278 2052 1464 2090 dissertatio.
1521 2054 1593 2089 Plus
1619 2052 1777 2101 superess‘e

66 2105 158 2158 posse
183 2107 223 2143 ab
244 2108 354 2141 amicis
380 2108 542 2147 monitus,
569 2109 637 2140 eius
657 2104 811 2141 heredem
833 2106 980 2140 nobilem
1003 2108 1110 2142 virum
1132 2107 1338 2141 Koernerum
1356 2102 1550 2154 Lipficnsem
1575 2119 1631 2155 per
1654 2108 1775 2142 litteras

66 2158 150 2201 adii,
175 2169 209 2194 vt
226 2171 356 2193 mecum
374 2158 657 2197 communicaret,
684 2155 840 2206 quidquid
855 2170 893 2191 ex
912 2154 1033 2192 schemis
1048 2157 1170 2193 Olearii
1186 2171 1299 2193 meum
1325 2155 1499 2207 Iosephum
1525 2157 1699 2198 adtineret,
1723 2171 1777 2194 ro-
1828 2194 1838 2203 *b

67 2222 156 2260 gans.
207 2208 268 2245 Sed
284 2208 446 2250 intellexi,
474 2209 680 2243 Olearii-iam
705 2211 805 2244 morti
827 2211 972 2257 proximi
996 2206 1075 2244 iussu
1100 2224 1118 2245 a
1141 2206 1271 2245 famulo
1289 2210 1453 2258 quendam
1480 2207 1668 2244 schedarum
1686 2208 1777 2244 fasci-

32 2296 46 2307 ,
67 2261 180 2298 culum
196 2263 264 2310 igni
279 2257 374 2296 fuisse
388 2260 521 2303 datum,
544 2271 640 2309 atque
658 2260 829 2295 heredibus
853 2258 925 2308 post
942 2259 1064 2297 Olearii
1089 2271 1251 2304 mortem,
1283 2264 1374 2296 cuius
1398 2262 1432 2296 in
1459 2258 1629 2308 iosephum
1653 2262 1774 2296 multas

67 2312 305 2357 lucubrationes
324 2311 560 2351 desiderabant,
584 2311 868 2361 postulabantque,
893 2309 1056 2348 famulum
1082 2312 1283 2361 vigentibus,
1311 2310 1415 2360 ipsum
1439 2311 1569 2360 quiden!
1594 2309 1685 2347 fateri
1711 2314 1776 2361 pri-

67 2375 127 2409 mo
148 2364 229 2400 nihil
249 2361 403 2405 voluisse,
432 2363 564 2398 tandem
592 2363 647 2397 illa
670 2372 800 2406 tamen,
829 2376 911 2412 quae
933 2365 1047 2406 retuli,
1073 2361 1256 2400 confeffum
1279 2361 1359 2404 effe3
1394 2362 1478 2397 vnde
1501 2361 1646 2410 suspicari
1673 2363 1774 2407 licuit,

68 2412 198 2452 schedas
214 2428 345 2465 quoque
358 2412 544 2464 Iosephinas
558 2413 699 2451 flamma
713 2413 850 2465 periisse.
900 2417 1037 2453 interim
1051 2417 1092 2453 cl.
1106 2415 1193 2465 apud
1208 2418 1348 2454 Noricos
1367 2412 1455 2450 Prof.
1468 2416 1629 2464 laegerus,
1655 2415 1774 2463 [nuper

110 2475 180 2509 Vol.
193 2474 231 2508 V.
945 2468 971 2505 F
1682 2465 1713 2502 d·
1730 2479 1773 2511 31.
