2049 2720
465 146 632 185 GALENI
661 146 778 184 LIBRI
811 148 1061 186 SVSPECTAE
1094 148 1291 185 ORIGlNIS
1342 149 1415 185 Lib.
1428 148 1497 186 IV.
1509 161 1532 184 c.
1546 147 1655 184 XIX.
1707 156 1770 191 445

59 255 197 300 'vterque
219 244 262 284 est
284 247 318 280 in
335 241 410 280 edit.
424 244 584 279 Charterii
606 253 687 279 tom.
701 244 739 277 X.
755 255 830 292 pag.
847 254 916 289 574.
965 244 1002 277 In
1019 238 1153 292 septima
1168 245 1333 279 Iuniarum
1356 244 1391 278 hi
1406 242 1472 278 duo
1490 242 1562 277 libri
1578 239 1769 277 diuiduntur

62 307 102 339 in
122 298 207 338 claff.
221 300 293 334 Vll.
316 294 375 331 fol.
392 307 448 339 153.
475 299 662 344 primusque
688 297 770 329 inter
793 297 953 343 genuinos
977 292 1134 330 refertur:
1172 295 1252 331 alter
1277 309 1355 332 vero
1378 298 1459 330 inter
1482 292 1605 343 spurios
1626 293 1685 328 fol.
1704 295 1766 327 161.

63 354 155 390 Idem
175 354 272 388 etiam
296 346 421 384 fadum
444 346 487 382 est
511 349 544 382 in
568 346 705 391 Aldina,
735 346 785 381 vbi
809 357 890 394 part.
904 348 959 381 IV.
980 344 1041 382 fol.
1057 357 1104 391 35.
1131 346 1211 382 alter
1234 348 1429 396 parabilium
1448 345 1766 381 medicamentorum

61 405 144 442 liber
158 402 198 441 ad
213 401 372 437 Solonem
386 399 580 434 archiatrum
596 398 715 445 legitur
731 399 812 432 inter
826 395 966 446 spurios,
986 408 1018 433 et
1034 400 1068 433 in
1083 395 1158 433 edit.
1174 411 1289 446 graeca
1305 398 1397 434 Bam.
1415 407 1494 446 part.
1511 399 1567 432 1v.
1584 411 1614 444 p.
1630 403 1698 439 438.
1716 412 1766 420 --

63 456 145 505 Περὶ
165 453 342 503 εὐποξίςων
357 450 498 494 βιβλίον
515 447 560 496 γ’.
611 450 666 484 De
682 451 824 484 remediis
839 456 961 493 paratu
970 450 1125 495 facilibus
1139 451 1218 484 liber
1230 452 1299 484 III.
1326 451 1450 484 Galerio
1464 449 1653 496 aassriptur.
1704 447 1768 480 Ex-

62 508 123 544 stat
138 509 172 541 in
187 505 324 545 Aldina,
347 513 427 552 part.
443 503 498 536 lV.
514 499 574 536 fol.
589 513 636 545 4¹.
654 502 735 536 inter
749 497 890 548 spurios;
912 504 945 536 in
967 513 1082 549 graeca
1099 499 1189 537 Balil.
1205 504 1319 549 pariter
1340 504 1422 536 inter
1443 499 1588 548 spurios,
1615 507 1694 548 part.
1712 497 1767 529 IV.

63 571 141 608 pag.
157 563 231 600 448.
258 557 293 590 in
310 552 445 603 septima
462 555 628 588 luntarum
645 549 732 587 class‘.
749 553 820 588 Vll.
836 549 896 588 fol.
912 554 976 587 161.
999 574 1052 580 —-
1079 554 1156 588 Non
1181 555 1256 587 citat
1276 566 1433 600 vmquam
1453 551 1612 591 Galenus,
1639 546 1695 584 etsi
1718 559 1770 582 oc·

63 608 150 644 cafio
173 605 233 655 ipfi
254 619 325 641 non
347 603 516 646 defuisset,
543 604 606 639 hos
628 604 725 638 libros
745 602 786 638 de
809 603 1002 652 parabilibus
1025 603 1294 646 medicamentis,
1327 602 1418 651 quod
1442 616 1481 637 eo
1504 604 1607 649 magis
1635 602 1770 639 mirum,

60 662 140 710 quia
157 657 301 694 Galenus
318 654 391 692 suos
412 655 512 691 libros
534 654 611 689 alias
633 657 730 690 citare
755 652 836 690 solet
858 668 957 703 quam
981 653 1165 703 saepissime.
1219 657 1333 704 Neque
1350 653 1380 690 se
1398 651 1548 700 scripsiss'e
1564 660 1678 688 mouet
1694 649 1772 684 tales

61 710 165 748 libros
186 722 247 745 nec
269 710 305 744 in
327 720 395 756 cap.
409 717 456 752 37.
482 708 561 742 artis·
576 704 740 749 medicae,
773 719 833 741 nec
857 709 891 741 in
914 706 1028 742 libello
1053 706 1094 742 de
1114 707 1201 742 libris
1222 708 1372 756 propriis.
1431 705 1519 739 Hinc
1547 705 1609 739 hac
1639 704 1703 736 iam
1734 699 1777 734 de

64 758 194 804 caussa,
220 758 279 796 nisi
295 768 398 809 putes,
418 758 581 795 Galenum
599 770 655 792 eos
672 755 842 805 scripsisse,
869 758 1042 807 postquam
1059 769 1182 794 ceteros
1199 772 1315 794 omnes
1330 758 1430 792 libros
1445 759 1509 791 iam
1525 752 1708 803 scripserat,
1734 749 1774 785 ad

62 811 193 863 spurios
212 809 375 848 referendi
395 808 478 845 sunt.
526 806 705 845 Referendi
728 822 806 844 vero
830 807 901 844 sunt
923 812 1019 845 etiam
1040 809 1115 845 ideo
1135 809 1175 845 ad
1197 807 1344 858 spurios,
1370 807 1457 857 quod
1475 807 1569 855 plane
1589 804 1628 841 ad
1644 804 1776 852 empiri-

62 878 184 902 corum
205 876 357 903 morem,
381 871 412 897 et
427 859 561 910 quidem
576 860 616 896 ad
633 873 709 896 eum
731 874 860 896 morem
882 859 1057 910 compositi
1078 860 1169 905 sunt,
1195 875 1292 910 quem
1308 860 1433 895 seruare
1452 857 1570 894 solebat
1586 859 1665 891 haec
1680 853 1776 893 sefta,

65 915 241 966 postquam
267 928 286 949 a
309 913 439 962 pristina
460 911 516 948 sua
536 914 718 960 integritate
739 910 937 959 desciuerat,
963 912 1051 961 quod
1074 911 1144 948 fere
1168 911 1240 961 post
1263 913 1378 948 Galeni
1403 923 1553 958 tempora
1576 909 1618 943 ess
1641 905 1775 943 saelum.

65 969 183 1017 Neque
203 967 240 1001 hi
262 976 324 1001 tres
344 964 416 1000 libri
437 965 476 998 ab
496 976 563 998 vno
583 964 714 999 auctore
736 962 910 1011 compositi
932 962 1014 999 sunt.
1065 965 1198 999 Primus
1220 962 1260 998 ad
1283 963 1505 1001 Glauconem,
1528 963 1561 995 in
1586 972 1654 1009 quo
1680 959 1778 993 etiam

64 1018 109 1055 de
132 1015 294 1054 methodo
322 1014 474 1051 medendi
498 1014 537 1050 ad
563 1014 771 1050 Glauconem
791 1014 910 1050 librum
935 1017 1027 1054 citat,
1059 1014 1104 1049 est
1129 1017 1313 1063 antiquior,
1349 1026 1380 1048 et
1400 1012 1439 1048 ad
1464 1012 1579 1048 Galeni
1607 1011 1778 1058 ingenium

63 1072 173 1118 magis
188 1066 399 1116 compositus.
453 1066 560 1102 Multa
580 1068 725 1101 continet
745 1065 986 1101 medicamenta
1002 1079 1041 1101 ex
1058 1068 1260 1114 Archigene,
1288 1068 1379 1101 cuius
1394 1065 1479 1099 libris
1498 1063 1640 1098 Galenus
1656 1064 1689 1095 in
1708 1059 1779 1095 aliis

67 1122 157 1159 libris
181 1119 221 1156 de
240 1117 485 1155 medicamentis
503 1117 617 1151 crebro
640 1114 710 1152 vsus
733 1116 785 1152 esi.
836 1118 989 1158 Tamen,
1017 1116 1125 1165 quod⁷
1148 1117 1257 1152 morbi
1280 1117 1370 1152 nulla
1393 1115 1489 1164 plane
1512 1117 1636 1149 ratione
1659 1112 1779 1153 habita,

68 1176 201 1222 eiusque
222 1167 365 1212 caussae,
391 1176 516 1203 tantum
539 1166 778 1202 medicamenta
798 1166 860 1202 alia
881 1178 977 1216 atque
998 1167 1062 1202 alia
1080 1178 1333 1217 proponuntur,
1359 1180 1427 1202 non
1450 1163 1702 1201 existimandum
1724 1160 1781 1202 est.

68 1223 251 1266 Galenum‚
285 1218 481 1257 seueriorem
511 1217 760 1265 dogmaticum,
802 1228 834 1253 et
858 1220 1096 1266 empiricorum
1121 1217 1251 1254 osorem
1280 1232 1409 1257 acrem,
1449 1219 1538 1252 hunc
1561 1216 1680 1251 librum
1704 1226 1782 1248 con-

66 1271 230 1322 scripfiffe.
282 1273 437 1320 Spurium
462 1266 525 1304 esse
545 1271 634 1305 hunc
652 1270 794 1308 librum,
820 1272 919 1305 etiam
942 1283 982 1304 ex
1007 1269 1157 1305 Oribafio
1181 1270 1338 1317 colligere
1360 1269 1446 1303 licet.
1498 1268 1599 1302 Alter
1617 1266 1657 1301 de
1678 1263 1782 1300 medi·

69 1327 226 1363 camentis
249 1333 363 1372 paratu
385 1320 534 1358 facilibus
556 1321 637 1356 liber
658 1320 698 1356 ad
714 1319 892 1356 Claudium
909 1321 1087 1363 Solonem,
1114 1323 1333 1363 archiatrum,
1358 1317 1508 1368 scripturi,
1533 1321 1623 1354 cuius
1640 1317 1781 1353 Galenus

69 1377 146 1415 alias
169 1390 237 1413 non
257 1376 427 1416 meminit,
454 1374 630 1423 empiriam
649 1373 752 1420 longe
771 1374 880 1408 minus
905 1374 1034 1409 coc'tam
1056 1371 1199 1415 redolet,
1233 1373 1514 1419 morborumque,
1548 1369 1643 1405 nullo
1663 1372 1781 1403 eorum

61 1428 161 1466 ‘fado
178 1425 374 1466 discrimine,
398 1424 542 1460 remedia
558 1439 575 1459 a
589 1427 694 1472 capite
709 1437 809 1471 vsquc
824 1423 863 1458 ad
880 1423 1001 1459 calcem
1018 1425 1259 1472 complectitur.
1281 1424 1390 1459 Multa
1404 1425 1502 1458 etiam
1523 1417 1737 1471 superstitiosa
1750 1428 1784 1453 et

70 1478 205 1517 absurda
229 1481 262 1514 iu
285 1491 326 1513 eo
351 1485 602 1526 proponuntur,
626 1488 710 1524 quae
733 1475 773 1510 ab
793 1477 929 1523 ingenio
951 1476 1065 1511 Galeni
1090 1475 1188 1524 plane
1213 1477 1399 1511 abhorrent.
1459 1474 1590 1509 Tertius
1610 1472 1691 1508 liber
1712 1466 1781 1520 pes-

70 1530 172 1569 fimus
187 1530 242 1566 est.
291 1528 434 1565 Galenus
456 1525 523 1576 ipse
543 1529 578 1562 in
599 1540 640 1562 eo
663 1525 777 1576 passim
796 1530 917 1562 citatur.
971 1526 1025 1562 Est
1040 1527 1154 1576 plenus
1170 1530 1372 1575 ignorantiae
1390 1536 1421 1560 et
1441 1523 1721 1573 superstitionum,
1750 1531 1782 1557 et

69 1581 207 1632 scriptus
225 1595 244 1616 a
259 1580 459 1620 Christiano,
487 1581 544 1627 qui
562 1580 642 1614 vires
663 1578 747 1614 adeo
768 1576 967 1627 adscripserit
983 1577 1136 1615 candelae
1158 1579 1198 1615 ad
1213 1582 1326 1628 ignem
1350 1580 1384 1613 in
1405 1575 1523 1612 sacello
1536 1572 1780 1623 Pauli‘apostoli

71 1631 240 1673 accensae,
265 1641 362 1680 atque
385 1631 426 1666 de
449 1629 561 1665 sanetis
582 1632 752 1677 anargyris
772 1629 930 1679 loquitur.
982 1629 1129 1666 Incidere
1151 1632 1240 1666 hunc
1258 1630 1379 1665 librum
1396 1631 1430 1664 in
1444 1638 1592 1677 tempora
1608 1629 1782 1676 imperato-

71 1682 626 1732 rum·Constantinopolitanorum,
649 1682 804 1716 Hister-us
827 1685 859 1716 in
877 1681 952 1716 bibl.
969 1682 1078 1717 boran.
1102 1691 1183 1718 tom.
1200 1684 1223 1716 1.
1246 1695 1318 1730 pag.
1332 1693 1390 1725 15¹.
1416 1682 1503 1717 recle
1520 1689 1645 1715 monet.
1698 1679 1783 1712 Inte-

70 1740 196 1786 griores
213 1734 311 1771 edidit
332 1735 393 1769 hos
416 1733 514 1768 libros
533 1746 571 1767 ex
586 1734 683 1767 MSS.
699 1733 808 1779 Paris]
826 1735 1022 1768 Charterius.
1075 1733 1220 1783 Qidam
1239 1735 1318 1768 haec
1334 1731 1510 1781 emporissa
1525 1731 1638 1767 Galeni
1655 1729 1694 1766 ad
1710 1730 1784 1763 Ori-

73 1787 198 1824 basium
215 1785 369 1827 retulere3
396 1782 451 1819 sed
468 1786 581 1818 omnia
597 1782 700 1818 saltim
719 1782 757 1818 ad
778 1796 854 1819 eum
870 1782 993 1820 referre
1009 1797 1077 1819 non
1091 1786 1175 1821 licet.
1228 1784 1326 1820 Editt.
1346 1796 1475 1829 graecae
1497 1784 1610 1819 Galeni
1627 1781 1667 1816 de
1682 1778 1785 1815 facili-

73 1839 132 1875 bus
150 1847 260 1886 paratu
277 1835 425 1872 remediis
442 1835 532 1870 liber.
557 1837 690 1870 Graece.
710 1836 815 1869 Lutet,
843 1834 937 1871 Paris.
956 1848 1039 1881 ¹530·
1055 1844 1086 1876 8.
1101 1840 1123 1864 *¹
1175 1838 1323 1883 Repetita
1340 1827 1455 1870 dicitur
1469 1832 1564 1869 Pariss
1580 1838 1662 1877 1536.
1680 1840 1710 1874 8.
1735 1848 1783 1858 -—-

75 1889 244 1926 Editiones
261 1889 384 1921 latinae.
409 1885 496 1921 Baiil.
515 1891 597 1928 1576.
615 1892 646 1925 8.
675 1905 721 1912 --
749 1896 880 1920 curante
894 1888 926 1921 I.
942 1887 1096 1921 Hollerio.
1125 1884 1217 1921 Paris.
1234 1898 1314 1934 ¹543-
1333 1888 1379 1920 16.
1408 1898 1494 1932 ¹549-
1513 1892 1544 1925 8.
1570 1905 1621 1911 -
1648 1896 1688 1918 ex
1705 1878 1782 1916 vers.

76 1939 190 1985 Sebast.
208 1939 346 1985 Scrofae.
376 1934 469 1971 Paris.
489 1942 574 1975 15⁴8.
592 1944 622 1976 8.
679 1937 836 1983 interpres
853 1936 927 1971 libri
947 1939 1043 1981 primi
1059 1937 1103 1972 est
1119 1937 1287 1973 Hubertus
1305 1938 1518 1972 Barrlandus.
1545 1936 1631 1971 Libri
1651 1932 1783 1970 secundi

75 2003 108 2028 et
128 1992 210 2026 tertii
234 1992 387 2037 interpres
412 1987 454 2022 est
477 1988 546 2022 Iun.
566 1985 691 2021 Paulus
708 1986 856 2034 Craffim
880 1990 934 2037 qui
948 1987 1058 2023 hiulca
1075 1990 1184 2037 graeci
1206 1998 1308 2024 textus
1329 1986 1501 2038 suppleuit.
1556 1989 1785 2036 Interpretatus

76 2045 177 2079 etiam
195 2040 240 2076 est
261 2042 309 2075 Io.
326 2039 550 2074 Guinsherius.
1771 2039 1775 2044 ,

178 2150 233 2190 98,
259 2137 345 2191 1133:
368 2141 503 2177 Πίσωνοε
529 2139 605 2189 περὶ
627 2139 686 2182 τῆς
708 2137 882 2189 θηριακῆς.
934 2139 992 2174 De
1012 2139 1149 2176 theriaca
1168 2141 1214 2176 ad
1238 2141 1381 2188 Pisonem
1400 2142 1483 2177 liber.
1542 2139 1653 2176 Exstat
1676 2142 1708 2175 in
1729 2138 1785 2174 AI-

79 2196 155 2231 dina
176 2204 256 2243 part.
273 2196 310 2228 ll.
330 2190 388 2226 fol.
404 2198 450 2235 85.
479 2193 510 2225 iu
533 2204 646 2238 graf-ca
660 2190 751 2226 Ram.
767 2203 849 2238 part.
868 2192 903 2224 ll.
920 2204 992 2239 pag.
1008 2195 1078 2234 456.
1105 2194 1138 2227 in
1158 2193 1230 2228 edit.
1249 2195 1408 2229 Charterii
1422 2204 1503 2229 tom.
1521 2194 1607 2227 Xlll.
1623 2204 1697 2240 pag.
1713 2204 1786 2236 930,

80 2250 116 2282 in
137 2244 270 2294 septima
291 2247 458 2278 {mutarum
482 2241 569 2277 clais.
585 2245 624 2278 V.
651 2240 708 2278 sol.
723 2249 775 2288 89.
831 2245 908 2278 Non
934 2242 1050 2277 Galeni
1074 2256 1158 2293 opus
1179 2243 1259 2287 effe,
1293 2242 1345 2279 sed
1366 2244 1444 2280 alius
1469 2244 1607 2289 medici,
1641 2243 1783 2276 eiusdem

80 2296 149 2333 sere
178 2310 252 2331 cnm
276 2295 402 2330 Galeno
425 2297 553 2335 attam,
594 2292 689 2340 snpra
712 2297 747 2328 in
770 2296 832 2328 vita
855 2294 969 2329 Galeni
997 2307 1037 2328 ex
1061 2296 1189 2331 Labbeo
1211 2295 1410 2331 tradidimus.
1472 2298 1562 2331 Hier.
1579 2293 1783 2329 Mercurialis

81 2346 234 2394 scriptum
252 2345 310 2381 effi
329 2357 415 2392 putat
432 2358 449 2378 a
467 2345 611 2383 Galeno,
633 2347 768 2387 iuuene,
795 2345 883 2394 quod
907 2344 969 2381 effe
987 2349 1119 2394 nequit,
1146 2350 1218 2396 quia
1237 2350 1270 2382 in
1293 2361 1333 2383 eo
1353 2357 1596 2386 memorantur,
1623 2357 1704 2393 quae
1721 2345 1784 2379 Ga·

82 2398 197 2441 lenus,
219 2399 407 2448 prouectior
428 2398 497 2433 iam
521 2406 643 2440 aetate,
667 2408 836 2447 peregerat
860 2395 1085 2446 effeceratque.
1137 2400 1253 2436 Galeni
1274 2397 1354 2438 effe,
1379 2411 1449 2434 non
1464 2397 1647 2434 dubitarunt
1663 2398 1784 2439 Aetius,

933 2449 1022 2484 Kkk
1046 2461 1064 2488 ς
1667 2446 1784 2483 Paulu-
