<?xml version="1.0" encoding="UTF-8"?>
<!DOCTYPE html PUBLIC "-//W3C//DTD XHTML 1.0 Transitional//EN"
    "http://www.w3.org/TR/xhtml1/DTD/xhtml1-transitional.dtd">
<html xmlns="http://www.w3.org/1999/xhtml" xml:lang="en" lang="en">
 <head>
  <title>
</title>
<meta http-equiv="Content-Type" content="text/html;charset=utf-8" />
  <meta name='ocr-system' content='tesseract 3.04.00' />
  <meta name='ocr-capabilities' content='ocr_page ocr_carea ocr_par ocr_line ocrx_word'/>
</head>
<body>
  <div class='ocr_page' id='page_1' title='image "./bibliothecagraec05fabruoft_0399.png"; bbox 0 0 2049 2720; ppageno 0'>
   <div class='ocr_carea' id='block_1_1' title="bbox 617 149 1784 206">
    <p class='ocr_par' dir='ltr' id='par_1_1' title="bbox 617 149 1784 206">
     <span class='ocr_line' id='line_1_1' title="bbox 617 149 1784 206; baseline 0.009 -21"><span class='ocrx_word' id='word_1_1' title='bbox 617 149 838 187; x_wconf 79' lang='lat' dir='ltr'><em>eLAvnivs</em></span> <span class='ocrx_word' id='word_1_2' title='bbox 872 150 1075 188; x_wconf 78' lang='lat' dir='ltr'>GALENVS</span> <span class='ocrx_word' id='word_1_3' title='bbox 1127 153 1199 189; x_wconf 63' lang='lat' dir='ltr'><em>Lm.</em></span> <span class='ocrx_word' id='word_1_4' title='bbox 1212 150 1283 193; x_wconf 78' lang='lat' dir='ltr'><em>JV.</em></span> <span class='ocrx_word' id='word_1_5' title='bbox 1297 155 1674 206; x_wconf 77' lang='lat' dir='ltr'><em>c.X1X.(01.XVIJ.)</em></span> <span class='ocrx_word' id='word_1_6' title='bbox 1723 168 1784 205; x_wconf 67' lang='lat'><em>&#39;³77</em></span> 
     </span>
    </p>
   </div>
   <div class='ocr_carea' id='block_1_2' title="bbox 331 242 1522 370">
    <p class='ocr_par' dir='ltr' id='par_1_2' title="bbox 331 242 1522 370">
     <span class='ocr_line' id='line_1_2' title="bbox 439 242 1409 304; baseline 0.005 -17"><span class='ocrx_word' id='word_1_7' title='bbox 439 242 801 288; x_wconf 87' lang='lat' dir='ltr'><strong>CAPVT</strong></span> <span class='ocrx_word' id='word_1_8' title='bbox 862 244 1007 289; x_wconf 85' lang='lat' dir='ltr'><em>XIX</em></span> <span class='ocrx_word' id='word_1_9' title='bbox 1069 246 1409 304; x_wconf 74' lang='lat' dir='ltr'><em>(oumxvn)</em></span> 
     </span>
     <span class='ocr_line' id='line_1_3' title="bbox 331 328 1522 370; baseline 0.006 -6"><span class='ocrx_word' id='word_1_10' title='bbox 331 328 912 364; x_wconf 81' lang='lat' dir='ltr'>CLAVDIVS</span> <span class='ocrx_word' id='word_1_11' title='bbox 1016 331 1522 370; x_wconf 82' lang='lat' dir='ltr'>GALENVS</span> 
     </span>
    </p>
   </div>
   <div class='ocr_carea' id='block_1_3' title="bbox 62 409 1782 2470">
    <p class='ocr_par' dir='ltr' id='par_1_3' title="bbox 62 409 1782 2470">
     <span class='ocr_line' id='line_1_4' title="bbox 62 409 1782 459; baseline 0.002 -13"><span class='ocrx_word' id='word_1_12' title='bbox 62 416 87 448; x_wconf 83' lang='lat'><em>1.</em></span> <span class='ocrx_word' id='word_1_13' title='bbox 105 411 181 446; x_wconf 73' lang='lat' dir='ltr'><em>Wta</em></span> <span class='ocrx_word' id='word_1_14' title='bbox 197 411 315 445; x_wconf 84' lang='lat' dir='ltr'><em>Galeni.</em></span> <span class='ocrx_word' id='word_1_15' title='bbox 360 412 398 442; x_wconf 86' lang='lat'><em>11.</em></span> <span class='ocrx_word' id='word_1_16' title='bbox 415 410 525 442; x_wconf 80' lang='lat' dir='ltr'><em>Galeni</em></span> <span class='ocrx_word' id='word_1_17' title='bbox 547 412 578 441; x_wconf 86' lang='lat' dir='ltr'><em>in</em></span> <span class='ocrx_word' id='word_1_18' title='bbox 602 410 806 442; x_wconf 82' lang='lat' dir='ltr'><em>medicinalem</em></span> <span class='ocrx_word' id='word_1_19' title='bbox 819 409 983 452; x_wconf 84' lang='lat' dir='ltr'><em>scientiam</em></span> <span class='ocrx_word' id='word_1_20' title='bbox 1002 412 1114 443; x_wconf 82' lang='lat' dir='ltr'><em>merita</em></span> <span class='ocrx_word' id='word_1_21' title='bbox 1131 416 1317 453; x_wconf 77' lang='lat' dir='ltr'><em>generatim.</em></span> <span class='ocrx_word' id='word_1_22' title='bbox 1363 418 1414 447; x_wconf 85' lang='lat'><em>111.</em></span> <span class='ocrx_word' id='word_1_23' title='bbox 1432 416 1603 448; x_wconf 80' lang='lat' dir='ltr'><em>Medicinae</em></span> <span class='ocrx_word' id='word_1_24' title='bbox 1619 417 1722 459; x_wconf 84' lang='lat' dir='ltr'><em>status</em></span> <span class='ocrx_word' id='word_1_25' title='bbox 1743 416 1782 450; x_wconf 80' lang='lat' dir='ltr'><em>iis</em></span> 
     </span>
     <span class='ocr_line' id='line_1_5' title="bbox 148 452 1780 502; baseline 0.003 -16"><span class='ocrx_word' id='word_1_26' title='bbox 148 454 353 496; x_wconf 74' lang='lat' dir='ltr'><em>temporibus,</em></span> <span class='ocrx_word' id='word_1_27' title='bbox 377 454 486 495; x_wconf 80' lang='lat' dir='ltr'><em>quibus</em></span> <span class='ocrx_word' id='word_1_28' title='bbox 509 454 642 485; x_wconf 77' lang='lat' dir='ltr'><em>Galenus</em></span> <span class='ocrx_word' id='word_1_29' title='bbox 663 452 837 494; x_wconf 82' lang='lat' dir='ltr'><em>vniuersam</em></span> <span class='ocrx_word' id='word_1_30' title='bbox 858 455 923 485; x_wconf 85' lang='lat' dir='ltr'><em>eius</em></span> <span class='ocrx_word' id='word_1_31' title='bbox 934 455 1098 495; x_wconf 83' lang='lat' dir='ltr'><em>scientiam</em></span> <span class='ocrx_word' id='word_1_32' title='bbox 1118 456 1269 488; x_wconf 74' lang='lat' dir='ltr'><em>mutabat.</em></span> <span class='ocrx_word' id='word_1_33' title='bbox 1317 460 1367 489; x_wconf 87' lang='lat' dir='ltr'><em>1v.</em></span> <span class='ocrx_word' id='word_1_34' title='bbox 1389 459 1472 500; x_wconf 79' lang='lat' dir='ltr'><em>Quid</em></span> <span class='ocrx_word' id='word_1_35' title='bbox 1493 461 1523 490; x_wconf 85' lang='lat' dir='ltr'><em>in</em></span> <span class='ocrx_word' id='word_1_36' title='bbox 1537 461 1668 502; x_wconf 79' lang='lat' dir='ltr'><em>singulis</em></span> <span class='ocrx_word' id='word_1_37' title='bbox 1690 462 1780 492; x_wconf 80' lang='lat' dir='ltr'><em>medi-</em></span> 
     </span>
     <span class='ocr_line' id='line_1_6' title="bbox 147 496 1780 544; baseline 0.003 -14"><span class='ocrx_word' id='word_1_38' title='bbox 147 499 258 530; x_wconf 83' lang='lat' dir='ltr'><em>cinalis</em></span> <span class='ocrx_word' id='word_1_39' title='bbox 264 497 411 540; x_wconf 84' lang='lat' dir='ltr'><em>scientiae</em></span> <span class='ocrx_word' id='word_1_40' title='bbox 431 496 594 538; x_wconf 70' lang='lat' dir='ltr'><em>disciplinis</em></span> <span class='ocrx_word' id='word_1_41' title='bbox 615 497 766 528; x_wconf 85' lang='lat' dir='ltr'><em>inuenerit</em></span> <span class='ocrx_word' id='word_1_42' title='bbox 783 496 918 527; x_wconf 79' lang='lat' dir='ltr'><em>Galenus</em></span> <span class='ocrx_word' id='word_1_43' title='bbox 936 497 1103 539; x_wconf 65' lang='lat' dir='ltr'><em>reffiusque</em></span> <span class='ocrx_word' id='word_1_44' title='bbox 1125 499 1252 530; x_wconf 79' lang='lat' dir='ltr'><em>dixerit.</em></span> <span class='ocrx_word' id='word_1_45' title='bbox 1300 504 1333 531; x_wconf 90' lang='lat' dir='ltr'><em>V.</em></span> <span class='ocrx_word' id='word_1_46' title='bbox 1354 502 1484 544; x_wconf 74' lang='lat' dir='ltr'><em>Systema</em></span> <span class='ocrx_word' id='word_1_47' title='bbox 1502 504 1609 534; x_wconf 72' lang='lat' dir='ltr'><em>Galerii</em></span> <span class='ocrx_word' id='word_1_48' title='bbox 1624 505 1780 535; x_wconf 73' lang='lat' dir='ltr'><em>medicum.</em></span> 
     </span>
     <span class='ocr_line' id='line_1_7' title="bbox 145 539 1780 583; baseline 0.004 -13"><span class='ocrx_word' id='word_1_49' title='bbox 145 542 198 572; x_wconf 89' lang='lat' dir='ltr'><em>VI.</em></span> <span class='ocrx_word' id='word_1_50' title='bbox 215 541 304 572; x_wconf 80' lang='lat' dir='ltr'><em>Libri</em></span> <span class='ocrx_word' id='word_1_51' title='bbox 319 549 339 570; x_wconf 86' lang='lat' dir='ltr'><em>a</em></span> <span class='ocrx_word' id='word_1_52' title='bbox 355 540 471 570; x_wconf 80' lang='lat' dir='ltr'><em>Galeno</em></span> <span class='ocrx_word' id='word_1_53' title='bbox 487 539 657 579; x_wconf 47' lang='lat' dir='ltr'><em>:oinct-ipti.</em></span> <span class='ocrx_word' id='word_1_54' title='bbox 701 539 822 569; x_wconf 81' lang='lat' dir='ltr'><em>Eorum</em></span> <span class='ocrx_word' id='word_1_55' title='bbox 842 541 934 570; x_wconf 79' lang='lat' dir='ltr'><em>ratio.</em></span> <span class='ocrx_word' id='word_1_56' title='bbox 980 543 1045 571; x_wconf 86' lang='lat' dir='ltr'><em>VII.</em></span> <span class='ocrx_word' id='word_1_57' title='bbox 1063 540 1189 583; x_wconf 64' lang='lat' dir='ltr'><em>(Xaffis,</em></span> <span class='ocrx_word' id='word_1_58' title='bbox 1213 543 1287 574; x_wconf 74' lang='lat' dir='ltr'><em>ordo</em></span> <span class='ocrx_word' id='word_1_59' title='bbox 1302 544 1451 575; x_wconf 61' lang='lat' dir='ltr'><em>{ibim-um</em></span> <span class='ocrx_word' id='word_1_60' title='bbox 1470 546 1587 576; x_wconf 77' lang='lat' dir='ltr'><em>Galeni,</em></span> <span class='ocrx_word' id='word_1_61' title='bbox 1633 549 1711 577; x_wconf 83' lang='lat' dir='ltr'><em>vni.</em></span> <span class='ocrx_word' id='word_1_62' title='bbox 1726 547 1780 578; x_wconf 87' lang='lat' dir='ltr'><em>In-</em></span> 
     </span>
     <span class='ocr_line' id='line_1_8' title="bbox 137 582 1780 626; baseline 0.004 -13"><span class='ocrx_word' id='word_1_63' title='bbox 137 583 281 626; x_wconf 81' lang='lat' dir='ltr'><em>stitutum</em></span> <span class='ocrx_word' id='word_1_64' title='bbox 308 583 340 612; x_wconf 83' lang='lat' dir='ltr'><em>in</em></span> <span class='ocrx_word' id='word_1_65' title='bbox 363 582 468 612; x_wconf 82' lang='lat' dir='ltr'><em>ordine</em></span> <span class='ocrx_word' id='word_1_66' title='bbox 487 583 637 612; x_wconf 76' lang='lat' dir='ltr'><em>librorum</em></span> <span class='ocrx_word' id='word_1_67' title='bbox 660 583 769 613; x_wconf 71' lang='lat' dir='ltr'><em>Galerii</em></span> <span class='ocrx_word' id='word_1_68' title='bbox 789 592 809 612; x_wconf 82' lang='lat' dir='ltr'><em>a</em></span> <span class='ocrx_word' id='word_1_69' title='bbox 828 593 875 612; x_wconf 85' lang='lat' dir='ltr'><em>me</em></span> <span class='ocrx_word' id='word_1_70' title='bbox 888 582 1060 623; x_wconf 77' lang='lat' dir='ltr'><em>seruatum.</em></span> <span class='ocrx_word' id='word_1_71' title='bbox 1127 587 1178 615; x_wconf 85' lang='lat' dir='ltr'><em>IX.</em></span> <span class='ocrx_word' id='word_1_72' title='bbox 1198 585 1400 625; x_wconf 76' lang='lat' dir='ltr'><em>Singulorum</em></span> <span class='ocrx_word' id='word_1_73' title='bbox 1423 588 1572 619; x_wconf 79' lang='lat' dir='ltr'><em>librorum</em></span> <span class='ocrx_word' id='word_1_74' title='bbox 1594 590 1718 623; x_wconf 70' lang='lat' dir='ltr'><em>Galim,</em></span> <span class='ocrx_word' id='word_1_75' title='bbox 1751 594 1780 620; x_wconf 70' lang='lat' dir='ltr'><em>et</em></span> 
     </span>
     <span class='ocr_line' id='line_1_9' title="bbox 143 625 1779 672; baseline 0.003 -16"><span class='ocrx_word' id='word_1_76' title='bbox 143 625 265 666; x_wconf 79' lang='lat' dir='ltr'><em>quidem</em></span> <span class='ocrx_word' id='word_1_77' title='bbox 281 625 506 665; x_wconf 71' lang='lat' dir='ltr'><em>genuinos-um,</em></span> <span class='ocrx_word' id='word_1_78' title='bbox 531 625 667 667; x_wconf 75' lang='lat' dir='ltr'><em>recensio.</em></span> <span class='ocrx_word' id='word_1_79' title='bbox 720 626 752 663; x_wconf 90' lang='lat' dir='ltr'><em>t)</em></span> <span class='ocrx_word' id='word_1_80' title='bbox 776 627 819 656; x_wconf 87' lang='lat' dir='ltr'><em>De</em></span> <span class='ocrx_word' id='word_1_81' title='bbox 841 625 923 656; x_wconf 66' lang='lat' dir='ltr'><em>sectis</em></span> <span class='ocrx_word' id='word_1_82' title='bbox 945 627 980 655; x_wconf 91' lang='lat' dir='ltr'><em>ad</em></span> <span class='ocrx_word' id='word_1_83' title='bbox 1001 637 1069 662; x_wconf 88' lang='lat' dir='ltr'><em>eos,</em></span> <span class='ocrx_word' id='word_1_84' title='bbox 1092 630 1144 667; x_wconf 89' lang='lat' dir='ltr'><em>qui</em></span> <span class='ocrx_word' id='word_1_85' title='bbox 1163 629 1400 660; x_wconf 85' lang='lat' dir='ltr'><em>introducuntur.</em></span> <span class='ocrx_word' id='word_1_86' title='bbox 1455 636 1483 664; x_wconf 88' lang='lat'><em>2)</em></span> <span class='ocrx_word' id='word_1_87' title='bbox 1507 633 1551 660; x_wconf 90' lang='lat' dir='ltr'><em>De</em></span> <span class='ocrx_word' id='word_1_88' title='bbox 1573 634 1684 672; x_wconf 88' lang='lat' dir='ltr'><em>optima</em></span> <span class='ocrx_word' id='word_1_89' title='bbox 1707 631 1779 661; x_wconf 62' lang='lat' dir='ltr'><em>[ceta</em></span> 
     </span>
     <span class='ocr_line' id='line_1_10' title="bbox 143 667 1778 714; baseline 0.004 -16"><span class='ocrx_word' id='word_1_90' title='bbox 143 668 181 698; x_wconf 75' lang='lat' dir='ltr'><em>od</em></span> <span class='ocrx_word' id='word_1_91' title='bbox 194 667 426 703; x_wconf 80' lang='lat' dir='ltr'>Thrasybulum.</span> <span class='ocrx_word' id='word_1_92' title='bbox 469 668 500 705; x_wconf 80' lang='lat'><em>3)</em></span> <span class='ocrx_word' id='word_1_93' title='bbox 521 670 564 697; x_wconf 85' lang='lat' dir='ltr'><em>De</em></span> <span class='ocrx_word' id='word_1_94' title='bbox 582 670 693 708; x_wconf 87' lang='lat' dir='ltr'><em>optima</em></span> <span class='ocrx_word' id='word_1_95' title='bbox 710 667 854 698; x_wconf 65' lang='lat' dir='ltr'><em>doetrina.</em></span> <span class='ocrx_word' id='word_1_96' title='bbox 896 671 931 705; x_wconf 83' lang='grc'><em>4)</em></span> <span class='ocrx_word' id='word_1_97' title='bbox 953 672 996 699; x_wconf 88' lang='lat' dir='ltr'><em>De</em></span> <span class='ocrx_word' id='word_1_98' title='bbox 1019 669 1200 710; x_wconf 84' lang='lat' dir='ltr'><em>sophismatis</em></span> <span class='ocrx_word' id='word_1_99' title='bbox 1221 671 1270 701; x_wconf 84' lang='lat' dir='ltr'><em>seu</em></span> <span class='ocrx_word' id='word_1_100' title='bbox 1293 672 1477 713; x_wconf 74' lang='lat' dir='ltr'><em>captionibus</em></span> <span class='ocrx_word' id='word_1_101' title='bbox 1497 684 1586 714; x_wconf 84' lang='lat' dir='ltr'><em>penes</em></span> <span class='ocrx_word' id='word_1_102' title='bbox 1608 674 1778 704; x_wconf 68' lang='lat' dir='ltr'><em>dictionem.</em></span> 
     </span>
     <span class='ocr_line' id='line_1_11' title="bbox 144 710 1777 755; baseline 0.004 -15"><span class='ocrx_word' id='word_1_103' title='bbox 144 712 179 750; x_wconf 87' lang='grc' dir='ltr'><em>ς)</em></span> <span class='ocrx_word' id='word_1_104' title='bbox 202 711 291 750; x_wconf 87' lang='lat' dir='ltr'><em>Qiod</em></span> <span class='ocrx_word' id='word_1_105' title='bbox 311 713 440 752; x_wconf 82' lang='lat' dir='ltr'><em>optimus</em></span> <span class='ocrx_word' id='word_1_106' title='bbox 463 710 591 740; x_wconf 85' lang='lat' dir='ltr'><em>medicus</em></span> <span class='ocrx_word' id='word_1_107' title='bbox 611 711 644 741; x_wconf 86' lang='lat' dir='ltr'><em>fit</em></span> <span class='ocrx_word' id='word_1_108' title='bbox 663 721 781 752; x_wconf 86' lang='lat' dir='ltr'><em>quoque</em></span> <span class='ocrx_word' id='word_1_109' title='bbox 802 711 1004 753; x_wconf 84' lang='lat' dir='ltr'><em>philosophus.</em></span> <span class='ocrx_word' id='word_1_110' title='bbox 1050 715 1086 752; x_wconf 85' lang='lat'><em>6)</em></span> <span class='ocrx_word' id='word_1_111' title='bbox 1109 713 1242 744; x_wconf 86' lang='lat' dir='ltr'><em>Suasoria</em></span> <span class='ocrx_word' id='word_1_112' title='bbox 1262 715 1298 744; x_wconf 90' lang='lat' dir='ltr'><em>ad</em></span> <span class='ocrx_word' id='word_1_113' title='bbox 1317 724 1392 745; x_wconf 85' lang='lat' dir='ltr'><em>artes</em></span> <span class='ocrx_word' id='word_1_114' title='bbox 1414 718 1520 746; x_wconf 83' lang='lat' dir='ltr'><em>oratio.</em></span> <span class='ocrx_word' id='word_1_115' title='bbox 1563 717 1597 755; x_wconf 87' lang='lat'><em>7)</em></span> <span class='ocrx_word' id='word_1_116' title='bbox 1613 718 1656 746; x_wconf 89' lang='lat' dir='ltr'><em>De</em></span> <span class='ocrx_word' id='word_1_117' title='bbox 1674 719 1777 748; x_wconf 84' lang='lat' dir='ltr'><em>consti-</em></span> 
     </span>
     <span class='ocr_line' id='line_1_12' title="bbox 143 753 1776 802; baseline 0.003 -17"><span class='ocrx_word' id='word_1_118' title='bbox 143 756 260 785; x_wconf 76' lang='lat' dir='ltr'><em>tutione</em></span> <span class='ocrx_word' id='word_1_119' title='bbox 283 756 354 784; x_wconf 79' lang='lat' dir='ltr'><em>artis</em></span> <span class='ocrx_word' id='word_1_120' title='bbox 376 753 504 783; x_wconf 88' lang='lat' dir='ltr'><em>medicae</em></span> <span class='ocrx_word' id='word_1_121' title='bbox 522 753 557 783; x_wconf 89' lang='lat' dir='ltr'><em>ad</em></span> <span class='ocrx_word' id='word_1_122' title='bbox 581 753 794 794; x_wconf 83' lang='lat' dir='ltr'><em>Patrophilum.</em></span> <span class='ocrx_word' id='word_1_123' title='bbox 837 757 870 791; x_wconf 82' lang='grc'><em>8)</em></span> <span class='ocrx_word' id='word_1_124' title='bbox 893 757 936 784; x_wconf 91' lang='lat' dir='ltr'><em>De</em></span> <span class='ocrx_word' id='word_1_125' title='bbox 957 755 1108 786; x_wconf 85' lang='lat' dir='ltr'><em>elementis</em></span> <span class='ocrx_word' id='word_1_126' title='bbox 1130 767 1164 786; x_wconf 88' lang='lat' dir='ltr'><em>ex</em></span> <span class='ocrx_word' id='word_1_127' title='bbox 1181 759 1362 798; x_wconf 82' lang='lat' dir='ltr'><em>Hippocrate</em></span> <span class='ocrx_word' id='word_1_128' title='bbox 1386 758 1454 788; x_wconf 90' lang='lat' dir='ltr'><em>libri</em></span> <span class='ocrx_word' id='word_1_129' title='bbox 1471 760 1508 789; x_wconf 87' lang='lat' dir='ltr'><em>II.</em></span> <span class='ocrx_word' id='word_1_130' title='bbox 1551 764 1584 795; x_wconf 90' lang='lat'><em>9)</em></span> <span class='ocrx_word' id='word_1_131' title='bbox 1608 762 1652 790; x_wconf 83' lang='lat' dir='ltr'><em>De</em></span> <span class='ocrx_word' id='word_1_132' title='bbox 1667 768 1776 802; x_wconf 81' lang='lat' dir='ltr'><em>tempe-</em></span> 
     </span>
     <span class='ocr_line' id='line_1_13' title="bbox 142 796 1775 844; baseline 0.004 -17"><span class='ocrx_word' id='word_1_133' title='bbox 142 799 282 827; x_wconf 79' lang='lat' dir='ltr'><em>ramentis</em></span> <span class='ocrx_word' id='word_1_134' title='bbox 302 796 371 827; x_wconf 80' lang='lat' dir='ltr'><em>libri</em></span> <span class='ocrx_word' id='word_1_135' title='bbox 388 798 440 827; x_wconf 88' lang='lat'><em>111.</em></span> <span class='ocrx_word' id='word_1_136' title='bbox 490 798 543 835; x_wconf 84' lang='grc' dir='ltr'><em>ιο)</em></span> <span class='ocrx_word' id='word_1_137' title='bbox 567 798 610 826; x_wconf 88' lang='lat' dir='ltr'><em>De</em></span> <span class='ocrx_word' id='word_1_138' title='bbox 633 807 694 826; x_wconf 86' lang='lat' dir='ltr'><em>aira</em></span> <span class='ocrx_word' id='word_1_139' title='bbox 717 796 785 826; x_wconf 87' lang='lat' dir='ltr'><em>bile.</em></span> <span class='ocrx_word' id='word_1_140' title='bbox 831 801 871 833; x_wconf 78' lang='lat' dir='ltr'><em>tt)</em></span> <span class='ocrx_word' id='word_1_141' title='bbox 895 800 938 828; x_wconf 91' lang='lat' dir='ltr'><em>De</em></span> <span class='ocrx_word' id='word_1_142' title='bbox 958 798 1104 839; x_wconf 84' lang='lat' dir='ltr'><em>inaequali</em></span> <span class='ocrx_word' id='word_1_143' title='bbox 1126 801 1311 841; x_wconf 81' lang='lat' dir='ltr'><em>intemperie.</em></span> <span class='ocrx_word' id='word_1_144' title='bbox 1368 802 1421 839; x_wconf 85' lang='lat'><em>12)</em></span> <span class='ocrx_word' id='word_1_145' title='bbox 1443 804 1487 832; x_wconf 90' lang='lat' dir='ltr'><em>De</em></span> <span class='ocrx_word' id='word_1_146' title='bbox 1509 804 1621 843; x_wconf 89' lang='lat' dir='ltr'><em>optima</em></span> <span class='ocrx_word' id='word_1_147' title='bbox 1643 806 1775 844; x_wconf 73' lang='lat' dir='ltr'><em>corporis</em></span> 
     </span>
     <span class='ocr_line' id='line_1_14' title="bbox 141 838 1775 882; baseline 0.004 -13"><span class='ocrx_word' id='word_1_148' title='bbox 141 842 233 870; x_wconf 85' lang='lat' dir='ltr'><em>nostri</em></span> <span class='ocrx_word' id='word_1_149' title='bbox 257 841 472 870; x_wconf 85' lang='lat' dir='ltr'><em>constitutione.</em></span> <span class='ocrx_word' id='word_1_150' title='bbox 523 838 567 879; x_wconf 78' lang='lat'><em>13)</em></span> <span class='ocrx_word' id='word_1_151' title='bbox 591 842 634 869; x_wconf 90' lang='lat' dir='ltr'><em>De</em></span> <span class='ocrx_word' id='word_1_152' title='bbox 655 840 734 869; x_wconf 89' lang='lat' dir='ltr'><em>bono</em></span> <span class='ocrx_word' id='word_1_153' title='bbox 758 839 870 870; x_wconf 89' lang='lat' dir='ltr'><em>habitu.</em></span> <span class='ocrx_word' id='word_1_154' title='bbox 917 843 968 880; x_wconf 82' lang='lat'><em>¹4)</em></span> <span class='ocrx_word' id='word_1_155' title='bbox 992 843 1036 871; x_wconf 88' lang='lat' dir='ltr'><em>De</em></span> <span class='ocrx_word' id='word_1_156' title='bbox 1056 841 1242 872; x_wconf 87' lang='lat' dir='ltr'><em>facultatibus</em></span> <span class='ocrx_word' id='word_1_157' title='bbox 1265 844 1446 874; x_wconf 85' lang='lat' dir='ltr'><em>naturalibus</em></span> <span class='ocrx_word' id='word_1_158' title='bbox 1469 844 1540 875; x_wconf 89' lang='lat' dir='ltr'><em>libri</em></span> <span class='ocrx_word' id='word_1_159' title='bbox 1556 846 1606 878; x_wconf 87' lang='lat'><em>111.</em></span> <span class='ocrx_word' id='word_1_160' title='bbox 1669 852 1709 882; x_wconf 83' lang='grc' dir='ltr'><em>ις)</em></span> <span class='ocrx_word' id='word_1_161' title='bbox 1731 848 1775 876; x_wconf 88' lang='lat' dir='ltr'><em>De</em></span> 
     </span>
     <span class='ocr_line' id='line_1_15' title="bbox 141 882 1775 926; baseline 0.004 -14"><span class='ocrx_word' id='word_1_162' title='bbox 141 882 296 913; x_wconf 85' lang='lat' dir='ltr'><em>substantia</em></span> <span class='ocrx_word' id='word_1_163' title='bbox 316 882 486 913; x_wconf 77' lang='lat' dir='ltr'><em>facultatum</em></span> <span class='ocrx_word' id='word_1_164' title='bbox 507 882 693 912; x_wconf 77' lang='lat' dir='ltr'><em>naturalium.</em></span> <span class='ocrx_word' id='word_1_165' title='bbox 741 883 790 922; x_wconf 83' lang='lat'><em>16)</em></span> <span class='ocrx_word' id='word_1_166' title='bbox 813 886 856 913; x_wconf 89' lang='lat' dir='ltr'><em>De</em></span> <span class='ocrx_word' id='word_1_167' title='bbox 878 887 1048 914; x_wconf 77' lang='lat' dir='ltr'><em>anatomicis</em></span> <span class='ocrx_word' id='word_1_168' title='bbox 1071 886 1370 917; x_wconf 80' lang='lat' dir='ltr'><em>administrationibus</em></span> <span class='ocrx_word' id='word_1_169' title='bbox 1392 887 1462 917; x_wconf 90' lang='lat' dir='ltr'><em>libri</em></span> <span class='ocrx_word' id='word_1_170' title='bbox 1476 890 1529 920; x_wconf 85' lang='lat' dir='ltr'><em>IX.</em></span> <span class='ocrx_word' id='word_1_171' title='bbox 1575 889 1624 926; x_wconf 84' lang='lat'><em>17)</em></span> <span class='ocrx_word' id='word_1_172' title='bbox 1647 891 1690 920; x_wconf 90' lang='lat' dir='ltr'><em>De</em></span> <span class='ocrx_word' id='word_1_173' title='bbox 1710 890 1775 920; x_wconf 84' lang='lat' dir='ltr'><em>offi-</em></span> 
     </span>
     <span class='ocr_line' id='line_1_16' title="bbox 141 925 1772 967; baseline 0.005 -13"><span class='ocrx_word' id='word_1_174' title='bbox 141 925 196 955; x_wconf 68' lang='lat' dir='ltr'><em>bui</em></span> <span class='ocrx_word' id='word_1_175' title='bbox 226 926 262 955; x_wconf 88' lang='lat' dir='ltr'><em>ad</em></span> <span class='ocrx_word' id='word_1_176' title='bbox 294 929 415 956; x_wconf 82' lang='lat' dir='ltr'><em>tirones.</em></span> <span class='ocrx_word' id='word_1_177' title='bbox 472 926 516 963; x_wconf 73' lang='grc' dir='ltr'><em>ιε)</em></span> <span class='ocrx_word' id='word_1_178' title='bbox 541 928 583 955; x_wconf 89' lang='lat' dir='ltr'><em>De</em></span> <span class='ocrx_word' id='word_1_179' title='bbox 609 936 752 955; x_wconf 87' lang='lat' dir='ltr'><em>venarum</em></span> <span class='ocrx_word' id='word_1_180' title='bbox 778 928 1011 967; x_wconf 86' lang='lat' dir='ltr'><em>arteriarumque</em></span> <span class='ocrx_word' id='word_1_181' title='bbox 1032 927 1210 958; x_wconf 68' lang='lat' dir='ltr'><em>dissectione.</em></span> <span class='ocrx_word' id='word_1_182' title='bbox 1270 929 1317 967; x_wconf 79' lang='grc' dir='ltr'><em>ι9)</em></span> <span class='ocrx_word' id='word_1_183' title='bbox 1342 933 1384 960; x_wconf 90' lang='lat' dir='ltr'><em>De</em></span> <span class='ocrx_word' id='word_1_184' title='bbox 1408 941 1569 960; x_wconf 89' lang='lat' dir='ltr'><em>neruorum</em></span> <span class='ocrx_word' id='word_1_185' title='bbox 1593 931 1772 962; x_wconf 69' lang='lat' dir='ltr'><em>diffeffione.</em></span> 
     </span>
     <span class='ocr_line' id='line_1_17' title="bbox 142 968 1774 1014; baseline 0.004 -16"><span class='ocrx_word' id='word_1_186' title='bbox 142 976 194 1001; x_wconf 66' lang='grc' dir='ltr'><em>ιο)</em></span> <span class='ocrx_word' id='word_1_187' title='bbox 219 971 262 999; x_wconf 89' lang='lat' dir='ltr'><em>De</em></span> <span class='ocrx_word' id='word_1_188' title='bbox 283 968 481 998; x_wconf 87' lang='lat' dir='ltr'><em>musculorum</em></span> <span class='ocrx_word' id='word_1_189' title='bbox 508 968 685 997; x_wconf 69' lang='lat' dir='ltr'><em>disseetione.</em></span> <span class='ocrx_word' id='word_1_190' title='bbox 736 968 785 1007; x_wconf 61' lang='grc' dir='ltr'><em>αι)</em></span> <span class='ocrx_word' id='word_1_191' title='bbox 809 971 852 998; x_wconf 91' lang='lat' dir='ltr'><em>De</em></span> <span class='ocrx_word' id='word_1_192' title='bbox 872 971 948 998; x_wconf 89' lang='lat' dir='ltr'><em>vteri</em></span> <span class='ocrx_word' id='word_1_193' title='bbox 971 970 1148 1000; x_wconf 62' lang='lat' dir='ltr'><em>diss‘ec‘tionc.</em></span> <span class='ocrx_word' id='word_1_194' title='bbox 1208 975 1256 1005; x_wconf 88' lang='lat'><em>22)</em></span> <span class='ocrx_word' id='word_1_195' title='bbox 1279 976 1324 1001; x_wconf 85' lang='lat' dir='ltr'><em>An</em></span> <span class='ocrx_word' id='word_1_196' title='bbox 1347 975 1377 1003; x_wconf 89' lang='lat' dir='ltr'><em>in</em></span> <span class='ocrx_word' id='word_1_197' title='bbox 1400 975 1514 1002; x_wconf 87' lang='lat' dir='ltr'><em>arteriis</em></span> <span class='ocrx_word' id='word_1_198' title='bbox 1535 982 1641 1003; x_wconf 84' lang='lat' dir='ltr'><em>natura</em></span> <span class='ocrx_word' id='word_1_199' title='bbox 1661 975 1774 1014; x_wconf 72' lang='lat' dir='ltr'><em>sanguis</em></span> 
     </span>
     <span class='ocr_line' id='line_1_18' title="bbox 141 1010 1773 1052; baseline 0.005 -12"><span class='ocrx_word' id='word_1_200' title='bbox 141 1014 334 1041; x_wconf 86' lang='lat' dir='ltr'><em>contineatur.</em></span> <span class='ocrx_word' id='word_1_201' title='bbox 401 1013 452 1046; x_wconf 70' lang='lat'><em>23)</em></span> <span class='ocrx_word' id='word_1_202' title='bbox 475 1013 517 1040; x_wconf 87' lang='lat' dir='ltr'><em>De</em></span> <span class='ocrx_word' id='word_1_203' title='bbox 545 1019 626 1039; x_wconf 90' lang='lat' dir='ltr'><em>motu</em></span> <span class='ocrx_word' id='word_1_204' title='bbox 657 1010 854 1041; x_wconf 85' lang='lat' dir='ltr'><em>musculorum</em></span> <span class='ocrx_word' id='word_1_205' title='bbox 884 1011 953 1041; x_wconf 90' lang='lat' dir='ltr'><em>libri</em></span> <span class='ocrx_word' id='word_1_206' title='bbox 973 1015 1011 1042; x_wconf 89' lang='lat'><em>11.</em></span> <span class='ocrx_word' id='word_1_207' title='bbox 1077 1013 1133 1052; x_wconf 83' lang='lat'><em>²4)</em></span> <span class='ocrx_word' id='word_1_208' title='bbox 1156 1013 1311 1044; x_wconf 85' lang='lat' dir='ltr'><em>Vocaliuiu</em></span> <span class='ocrx_word' id='word_1_209' title='bbox 1344 1017 1604 1045; x_wconf 81' lang='lat' dir='ltr'><em>insti-umentorum</em></span> <span class='ocrx_word' id='word_1_210' title='bbox 1633 1016 1773 1048; x_wconf 65' lang='lat' dir='ltr'><em>diist-etio.</em></span> 
     </span>
     <span class='ocr_line' id='line_1_19' title="bbox 139 1053 1771 1098; baseline 0.004 -14"><span class='ocrx_word' id='word_1_211' title='bbox 139 1059 189 1089; x_wconf 87' lang='lat'><em>25)</em></span> <span class='ocrx_word' id='word_1_212' title='bbox 214 1057 258 1084; x_wconf 91' lang='lat' dir='ltr'><em>De</em></span> <span class='ocrx_word' id='word_1_213' title='bbox 278 1054 377 1083; x_wconf 80' lang='lat' dir='ltr'><em>cauffis</em></span> <span class='ocrx_word' id='word_1_214' title='bbox 397 1053 607 1094; x_wconf 85' lang='lat' dir='ltr'><em>respirationis.</em></span> <span class='ocrx_word' id='word_1_215' title='bbox 652 1056 704 1089; x_wconf 88' lang='lat'><em>26)</em></span> <span class='ocrx_word' id='word_1_216' title='bbox 729 1056 771 1083; x_wconf 89' lang='lat' dir='ltr'><em>De</em></span> <span class='ocrx_word' id='word_1_217' title='bbox 790 1053 993 1093; x_wconf 73' lang='lat' dir='ltr'><em>Hippocratis</em></span> <span class='ocrx_word' id='word_1_218' title='bbox 1008 1062 1036 1084; x_wconf 88' lang='lat' dir='ltr'><em>et</em></span> <span class='ocrx_word' id='word_1_219' title='bbox 1053 1055 1197 1086; x_wconf 80' lang='lat' dir='ltr'><em>Platonis</em></span> <span class='ocrx_word' id='word_1_220' title='bbox 1217 1057 1339 1087; x_wconf 77' lang='lat' dir='ltr'><em>decretis</em></span> <span class='ocrx_word' id='word_1_221' title='bbox 1362 1058 1431 1088; x_wconf 79' lang='lat' dir='ltr'><em>libri</em></span> <span class='ocrx_word' id='word_1_222' title='bbox 1448 1060 1499 1088; x_wconf 72' lang='lat' dir='ltr'><em>lx.</em></span> <span class='ocrx_word' id='word_1_223' title='bbox 1543 1068 1592 1097; x_wconf 76' lang='lat'><em>27)</em></span> <span class='ocrx_word' id='word_1_224' title='bbox 1616 1061 1771 1098; x_wconf 82' lang='lat' dir='ltr'><em>Fragmen-</em></span> 
     </span>
     <span class='ocr_line' id='line_1_20' title="bbox 139 1096 1771 1141; baseline 0.004 -14"><span class='ocrx_word' id='word_1_225' title='bbox 139 1104 201 1127; x_wconf 82' lang='lat' dir='ltr'><em>tum</em></span> <span class='ocrx_word' id='word_1_226' title='bbox 217 1099 246 1126; x_wconf 90' lang='lat' dir='ltr'><em>in</em></span> <span class='ocrx_word' id='word_1_227' title='bbox 263 1098 424 1128; x_wconf 83' lang='lat' dir='ltr'><em>Timaeum</em></span> <span class='ocrx_word' id='word_1_228' title='bbox 443 1096 605 1132; x_wconf 76' lang='lat' dir='ltr'><em>Platonis,</em></span> <span class='ocrx_word' id='word_1_229' title='bbox 629 1096 676 1125; x_wconf 89' lang='lat' dir='ltr'><em>vel</em></span> <span class='ocrx_word' id='word_1_230' title='bbox 698 1107 732 1125; x_wconf 89' lang='lat' dir='ltr'><em>cx</em></span> <span class='ocrx_word' id='word_1_231' title='bbox 753 1098 801 1126; x_wconf 89' lang='lat' dir='ltr'><em>1v.</em></span> <span class='ocrx_word' id='word_1_232' title='bbox 816 1100 1050 1134; x_wconf 86' lang='lat' dir='ltr'><em>commentariis,</em></span> <span class='ocrx_word' id='word_1_233' title='bbox 1075 1109 1149 1138; x_wconf 86' lang='lat' dir='ltr'><em>quos</em></span> <span class='ocrx_word' id='word_1_234' title='bbox 1173 1099 1234 1139; x_wconf 81' lang='lat' dir='ltr'><em>ipse</em></span> <span class='ocrx_word' id='word_1_235' title='bbox 1256 1100 1411 1141; x_wconf 83' lang='lat' dir='ltr'><em>inscripfit:</em></span> <span class='ocrx_word' id='word_1_236' title='bbox 1435 1101 1470 1130; x_wconf 88' lang='lat' dir='ltr'><em>de</em></span> <span class='ocrx_word' id='word_1_237' title='bbox 1493 1102 1546 1137; x_wconf 84' lang='lat' dir='ltr'><em>iis,</em></span> <span class='ocrx_word' id='word_1_238' title='bbox 1568 1112 1642 1141; x_wconf 89' lang='lat' dir='ltr'><em>quae</em></span> <span class='ocrx_word' id='word_1_239' title='bbox 1658 1104 1771 1134; x_wconf 87' lang='lat' dir='ltr'><em>medice</em></span> 
     </span>
     <span class='ocr_line' id='line_1_21' title="bbox 139 1139 1771 1185; baseline 0.003 -16"><span class='ocrx_word' id='word_1_240' title='bbox 139 1139 217 1169; x_wconf 68' lang='lat' dir='ltr'><em>dit—:ia</em></span> <span class='ocrx_word' id='word_1_241' title='bbox 240 1139 304 1170; x_wconf 86' lang='lat' dir='ltr'><em>sunt</em></span> <span class='ocrx_word' id='word_1_242' title='bbox 326 1143 356 1170; x_wconf 90' lang='lat' dir='ltr'><em>in</em></span> <span class='ocrx_word' id='word_1_243' title='bbox 377 1139 502 1170; x_wconf 78' lang='lat' dir='ltr'><em>Platonis</em></span> <span class='ocrx_word' id='word_1_244' title='bbox 522 1140 663 1181; x_wconf 73' lang='lat' dir='ltr'><em>Timaeo.</em></span> <span class='ocrx_word' id='word_1_245' title='bbox 709 1140 762 1177; x_wconf 86' lang='lat'><em>28)</em></span> <span class='ocrx_word' id='word_1_246' title='bbox 787 1141 830 1169; x_wconf 88' lang='lat' dir='ltr'><em>De</em></span> <span class='ocrx_word' id='word_1_247' title='bbox 852 1139 959 1169; x_wconf 87' lang='lat' dir='ltr'><em>semine</em></span> <span class='ocrx_word' id='word_1_248' title='bbox 982 1140 1051 1170; x_wconf 80' lang='lat' dir='ltr'><em>libri</em></span> <span class='ocrx_word' id='word_1_249' title='bbox 1067 1143 1104 1171; x_wconf 91' lang='lat'><em>11.</em></span> <span class='ocrx_word' id='word_1_250' title='bbox 1151 1146 1202 1176; x_wconf 85' lang='lat'><em>29)</em></span> <span class='ocrx_word' id='word_1_251' title='bbox 1225 1144 1267 1172; x_wconf 89' lang='lat' dir='ltr'><em>De</em></span> <span class='ocrx_word' id='word_1_252' title='bbox 1282 1142 1333 1171; x_wconf 87' lang='lat' dir='ltr'><em>vsu</em></span> <span class='ocrx_word' id='word_1_253' title='bbox 1351 1145 1481 1184; x_wconf 85' lang='lat' dir='ltr'><em>partium</em></span> <span class='ocrx_word' id='word_1_254' title='bbox 1501 1147 1634 1185; x_wconf 86' lang='lat' dir='ltr'><em>corporis</em></span> <span class='ocrx_word' id='word_1_255' title='bbox 1649 1147 1771 1177; x_wconf 76' lang='lat' dir='ltr'><em>humani</em></span> 
     </span>
     <span class='ocr_line' id='line_1_22' title="bbox 139 1181 1770 1222; baseline 0.003 -9"><span class='ocrx_word' id='word_1_256' title='bbox 139 1181 210 1213; x_wconf 79' lang='lat' dir='ltr'><em>libri</em></span> <span class='ocrx_word' id='word_1_257' title='bbox 225 1185 320 1213; x_wconf 86' lang='lat' dir='ltr'>XVII.</span> <span class='ocrx_word' id='word_1_258' title='bbox 368 1184 425 1222; x_wconf 82' lang='lat'><em>30)</em></span> <span class='ocrx_word' id='word_1_259' title='bbox 447 1184 490 1212; x_wconf 89' lang='lat' dir='ltr'><em>De</em></span> <span class='ocrx_word' id='word_1_260' title='bbox 507 1182 699 1210; x_wconf 83' lang='lat' dir='ltr'><em>instrumento</em></span> <span class='ocrx_word' id='word_1_261' title='bbox 717 1183 867 1211; x_wconf 75' lang='lat' dir='ltr'><em>odoratus.</em></span> <span class='ocrx_word' id='word_1_262' title='bbox 908 1186 953 1217; x_wconf 80' lang='lat'><em>31)</em></span> <span class='ocrx_word' id='word_1_263' title='bbox 977 1185 1021 1213; x_wconf 88' lang='lat' dir='ltr'><em>De</em></span> <span class='ocrx_word' id='word_1_264' title='bbox 1040 1182 1112 1213; x_wconf 79' lang='lat' dir='ltr'><em>locis</em></span> <span class='ocrx_word' id='word_1_265' title='bbox 1134 1183 1255 1213; x_wconf 64' lang='lat' dir='ltr'><em>adfectis</em></span> <span class='ocrx_word' id='word_1_266' title='bbox 1279 1184 1349 1215; x_wconf 88' lang='lat' dir='ltr'><em>libri</em></span> <span class='ocrx_word' id='word_1_267' title='bbox 1364 1188 1414 1217; x_wconf 90' lang='lat' dir='ltr'><em>VI.</em></span> <span class='ocrx_word' id='word_1_268' title='bbox 1458 1188 1507 1222; x_wconf 79' lang='lat'><em>32)</em></span> <span class='ocrx_word' id='word_1_269' title='bbox 1530 1189 1574 1217; x_wconf 89' lang='lat' dir='ltr'><em>De</em></span> <span class='ocrx_word' id='word_1_270' title='bbox 1595 1187 1770 1219; x_wconf 73' lang='lat' dir='ltr'><em>differentiis</em></span> 
     </span>
     <span class='ocr_line' id='line_1_23' title="bbox 139 1224 1770 1269; baseline 0.004 -13"><span class='ocrx_word' id='word_1_271' title='bbox 139 1224 268 1256; x_wconf 77' lang='lat' dir='ltr'><em>febrium</em></span> <span class='ocrx_word' id='word_1_272' title='bbox 279 1225 350 1256; x_wconf 66' lang='lat' dir='ltr'><em>libi-i</em></span> <span class='ocrx_word' id='word_1_273' title='bbox 365 1226 403 1254; x_wconf 87' lang='lat'><em>11.</em></span> <span class='ocrx_word' id='word_1_274' title='bbox 448 1227 491 1258; x_wconf 80' lang='lat'><em>33)</em></span> <span class='ocrx_word' id='word_1_275' title='bbox 508 1226 549 1253; x_wconf 90' lang='lat' dir='ltr'><em>De</em></span> <span class='ocrx_word' id='word_1_276' title='bbox 566 1224 738 1253; x_wconf 87' lang='lat' dir='ltr'><em>morborum</em></span> <span class='ocrx_word' id='word_1_277' title='bbox 753 1224 944 1264; x_wconf 86' lang='lat' dir='ltr'><em>temporibus.</em></span> <span class='ocrx_word' id='word_1_278' title='bbox 992 1227 1046 1262; x_wconf 85' lang='lat'><em>34)</em></span> <span class='ocrx_word' id='word_1_279' title='bbox 1060 1228 1103 1255; x_wconf 88' lang='lat' dir='ltr'><em>De</em></span> <span class='ocrx_word' id='word_1_280' title='bbox 1119 1226 1320 1266; x_wconf 83' lang='lat' dir='ltr'><em>respirationis</em></span> <span class='ocrx_word' id='word_1_281' title='bbox 1336 1228 1398 1262; x_wconf 66' lang='lat' dir='ltr'><em>vfiu.</em></span> <span class='ocrx_word' id='word_1_282' title='bbox 1427 1230 1480 1266; x_wconf 81' lang='grc'>’35)</span> <span class='ocrx_word' id='word_1_283' title='bbox 1497 1227 1542 1258; x_wconf 85' lang='lat' dir='ltr'><em>De</em></span> <span class='ocrx_word' id='word_1_284' title='bbox 1557 1229 1607 1259; x_wconf 90' lang='lat' dir='ltr'><em>vsu</em></span> <span class='ocrx_word' id='word_1_285' title='bbox 1625 1230 1770 1269; x_wconf 88' lang='lat' dir='ltr'><em>pulsuum.</em></span> 
     </span>
     <span class='ocr_line' id='line_1_24' title="bbox 138 1266 1768 1310; baseline 0.004 -13"><span class='ocrx_word' id='word_1_286' title='bbox 138 1272 191 1304; x_wconf 76' lang='lat'><em>36)</em></span> <span class='ocrx_word' id='word_1_287' title='bbox 212 1271 256 1298; x_wconf 88' lang='lat' dir='ltr'><em>De</em></span> <span class='ocrx_word' id='word_1_288' title='bbox 277 1267 402 1309; x_wconf 75' lang='lat' dir='ltr'><em>pulsibus</em></span> <span class='ocrx_word' id='word_1_289' title='bbox 421 1266 535 1297; x_wconf 88' lang='lat' dir='ltr'><em>libellus</em></span> <span class='ocrx_word' id='word_1_290' title='bbox 559 1267 595 1295; x_wconf 88' lang='lat' dir='ltr'><em>ad</em></span> <span class='ocrx_word' id='word_1_291' title='bbox 619 1269 737 1296; x_wconf 72' lang='lat' dir='ltr'><em>tirones.</em></span> <span class='ocrx_word' id='word_1_292' title='bbox 783 1269 834 1304; x_wconf 85' lang='lat'><em>37)</em></span> <span class='ocrx_word' id='word_1_293' title='bbox 856 1269 900 1296; x_wconf 90' lang='lat' dir='ltr'><em>De</em></span> <span class='ocrx_word' id='word_1_294' title='bbox 920 1267 1056 1308; x_wconf 90' lang='lat' dir='ltr'><em>pulsuum</em></span> <span class='ocrx_word' id='word_1_295' title='bbox 1069 1268 1244 1298; x_wconf 81' lang='lat' dir='ltr'><em>differentiis</em></span> <span class='ocrx_word' id='word_1_296' title='bbox 1256 1269 1326 1299; x_wconf 90' lang='lat' dir='ltr'><em>libri</em></span> <span class='ocrx_word' id='word_1_297' title='bbox 1343 1273 1392 1300; x_wconf 93' lang='lat' dir='ltr'><em>IV.</em></span> <span class='ocrx_word' id='word_1_298' title='bbox 1444 1277 1488 1306; x_wconf 84' lang='lat'><em>38)</em></span> <span class='ocrx_word' id='word_1_299' title='bbox 1505 1272 1549 1302; x_wconf 87' lang='lat' dir='ltr'><em>De</em></span> <span class='ocrx_word' id='word_1_300' title='bbox 1561 1270 1768 1310; x_wconf 56' lang='lat' dir='ltr'><em>‘dignoscendis</em></span> 
     </span>
     <span class='ocr_line' id='line_1_25' title="bbox 137 1308 1767 1355; baseline 0.003 -15"><span class='ocrx_word' id='word_1_301' title='bbox 137 1311 263 1351; x_wconf 80' lang='lat' dir='ltr'><em>pulsibus</em></span> <span class='ocrx_word' id='word_1_302' title='bbox 278 1311 348 1341; x_wconf 81' lang='lat' dir='ltr'><em>libri</em></span> <span class='ocrx_word' id='word_1_303' title='bbox 363 1312 415 1339; x_wconf 86' lang='lat' dir='ltr'><em>IV.</em></span> <span class='ocrx_word' id='word_1_304' title='bbox 464 1311 513 1345; x_wconf 74' lang='lat'><em>39)</em></span> <span class='ocrx_word' id='word_1_305' title='bbox 536 1311 579 1339; x_wconf 85' lang='lat' dir='ltr'><em>De</em></span> <span class='ocrx_word' id='word_1_306' title='bbox 597 1310 692 1338; x_wconf 75' lang='lat' dir='ltr'><em>cauffis</em></span> <span class='ocrx_word' id='word_1_307' title='bbox 712 1308 845 1350; x_wconf 86' lang='lat' dir='ltr'><em>pulsuum</em></span> <span class='ocrx_word' id='word_1_308' title='bbox 867 1309 937 1340; x_wconf 89' lang='lat' dir='ltr'><em>libri</em></span> <span class='ocrx_word' id='word_1_309' title='bbox 953 1312 1005 1340; x_wconf 93' lang='lat' dir='ltr'><em>IV.</em></span> <span class='ocrx_word' id='word_1_310' title='bbox 1051 1314 1106 1347; x_wconf 78' lang='lat'><em>40)</em></span> <span class='ocrx_word' id='word_1_311' title='bbox 1124 1313 1168 1341; x_wconf 91' lang='lat' dir='ltr'><em>De</em></span> <span class='ocrx_word' id='word_1_312' title='bbox 1191 1312 1403 1352; x_wconf 85' lang='lat' dir='ltr'><em>praesagitione</em></span> <span class='ocrx_word' id='word_1_313' title='bbox 1420 1323 1454 1343; x_wconf 85' lang='lat' dir='ltr'><em>ex</em></span> <span class='ocrx_word' id='word_1_314' title='bbox 1474 1314 1605 1355; x_wconf 65' lang='lat' dir='ltr'><em>‘pulfibus</em></span> <span class='ocrx_word' id='word_1_315' title='bbox 1627 1315 1697 1348; x_wconf 88' lang='lat' dir='ltr'><em>libri</em></span> <span class='ocrx_word' id='word_1_316' title='bbox 1714 1319 1767 1348; x_wconf 85' lang='lat' dir='ltr'><em>IV.</em></span> 
     </span>
     <span class='ocr_line' id='line_1_26' title="bbox 136 1351 1769 1396; baseline 0.004 -13"><span class='ocrx_word' id='word_1_317' title='bbox 136 1356 185 1391; x_wconf 84' lang='lat'><em>4¹)</em></span> <span class='ocrx_word' id='word_1_318' title='bbox 200 1354 333 1396; x_wconf 84' lang='lat' dir='ltr'><em>Synopfis</em></span> <span class='ocrx_word' id='word_1_319' title='bbox 352 1352 496 1384; x_wconf 87' lang='lat' dir='ltr'><em>librorum</em></span> <span class='ocrx_word' id='word_1_320' title='bbox 510 1352 627 1382; x_wconf 85' lang='lat' dir='ltr'><em>suorum</em></span> <span class='ocrx_word' id='word_1_321' title='bbox 645 1354 722 1383; x_wconf 85' lang='lat' dir='ltr'><em>XVI.</em></span> <span class='ocrx_word' id='word_1_322' title='bbox 739 1353 774 1382; x_wconf 90' lang='lat' dir='ltr'><em>de</em></span> <span class='ocrx_word' id='word_1_323' title='bbox 791 1351 926 1393; x_wconf 78' lang='lat' dir='ltr'><em>pulfibus.</em></span> <span class='ocrx_word' id='word_1_324' title='bbox 961 1358 1013 1389; x_wconf 85' lang='lat'><em>42)</em></span> <span class='ocrx_word' id='word_1_325' title='bbox 1029 1355 1072 1384; x_wconf 87' lang='lat' dir='ltr'><em>De</em></span> <span class='ocrx_word' id='word_1_326' title='bbox 1084 1353 1186 1383; x_wconf 87' lang='lat' dir='ltr'><em>diebus</em></span> <span class='ocrx_word' id='word_1_327' title='bbox 1201 1355 1372 1385; x_wconf 84' lang='lat' dir='ltr'><em>decretoriis</em></span> <span class='ocrx_word' id='word_1_328' title='bbox 1386 1355 1454 1386; x_wconf 90' lang='lat' dir='ltr'><em>libri</em></span> <span class='ocrx_word' id='word_1_329' title='bbox 1470 1359 1521 1388; x_wconf 90' lang='lat' dir='ltr'><em>III.</em></span> <span class='ocrx_word' id='word_1_330' title='bbox 1561 1361 1616 1393; x_wconf 81' lang='lat'><em>43)</em></span> <span class='ocrx_word' id='word_1_331' title='bbox 1633 1360 1676 1388; x_wconf 92' lang='lat' dir='ltr'><em>De</em></span> <span class='ocrx_word' id='word_1_332' title='bbox 1692 1361 1769 1390; x_wconf 82' lang='lat' dir='ltr'><em>crifi-</em></span> 
     </span>
     <span class='ocr_line' id='line_1_27' title="bbox 135 1395 1767 1439; baseline 0.005 -16"><span class='ocrx_word' id='word_1_333' title='bbox 135 1397 189 1426; x_wconf 68' lang='lat' dir='ltr'><em>bus</em></span> <span class='ocrx_word' id='word_1_334' title='bbox 203 1397 273 1427; x_wconf 74' lang='lat' dir='ltr'><em>libri</em></span> <span class='ocrx_word' id='word_1_335' title='bbox 288 1399 340 1427; x_wconf 83' lang='lat'><em>111.</em></span> <span class='ocrx_word' id='word_1_336' title='bbox 389 1399 444 1432; x_wconf 83' lang='lat'><em>44)</em></span> <span class='ocrx_word' id='word_1_337' title='bbox 468 1398 512 1426; x_wconf 89' lang='lat' dir='ltr'><em>De</em></span> <span class='ocrx_word' id='word_1_338' title='bbox 529 1395 696 1425; x_wconf 84' lang='lat' dir='ltr'><em>difficultate</em></span> <span class='ocrx_word' id='word_1_339' title='bbox 712 1395 912 1436; x_wconf 79' lang='lat' dir='ltr'><em>respirationis</em></span> <span class='ocrx_word' id='word_1_340' title='bbox 929 1395 998 1427; x_wconf 88' lang='lat' dir='ltr'><em>libri</em></span> <span class='ocrx_word' id='word_1_341' title='bbox 1013 1398 1067 1426; x_wconf 79' lang='lat'><em>111.</em></span> <span class='ocrx_word' id='word_1_342' title='bbox 1111 1402 1164 1434; x_wconf 83' lang='lat'><em>45)</em></span> <span class='ocrx_word' id='word_1_343' title='bbox 1185 1399 1232 1428; x_wconf 89' lang='lat' dir='ltr'><em>De</em></span> <span class='ocrx_word' id='word_1_344' title='bbox 1253 1399 1351 1428; x_wconf 85' lang='lat' dir='ltr'><em>eauffis</em></span> <span class='ocrx_word' id='word_1_345' title='bbox 1370 1401 1599 1439; x_wconf 71' lang='lat' dir='ltr'><em>procatartffleis.</em></span> <span class='ocrx_word' id='word_1_346' title='bbox 1643 1406 1700 1439; x_wconf 89' lang='lat'><em>46)</em></span> <span class='ocrx_word' id='word_1_347' title='bbox 1722 1405 1767 1433; x_wconf 88' lang='lat' dir='ltr'><em>De</em></span> 
     </span>
     <span class='ocr_line' id='line_1_28' title="bbox 135 1439 1766 1482; baseline 0.003 -12"><span class='ocrx_word' id='word_1_348' title='bbox 135 1439 328 1481; x_wconf 74' lang='lat' dir='ltr'><em>plenitudine.</em></span> <span class='ocrx_word' id='word_1_349' title='bbox 371 1440 426 1476; x_wconf 86' lang='lat'><em>47)</em></span> <span class='ocrx_word' id='word_1_350' title='bbox 449 1439 493 1469; x_wconf 89' lang='lat' dir='ltr'><em>De</em></span> <span class='ocrx_word' id='word_1_351' title='bbox 513 1439 677 1468; x_wconf 85' lang='lat' dir='ltr'><em>tumoribus</em></span> <span class='ocrx_word' id='word_1_352' title='bbox 700 1446 815 1479; x_wconf 86' lang='lat' dir='ltr'><em>praeter</em></span> <span class='ocrx_word' id='word_1_353' title='bbox 834 1448 978 1468; x_wconf 86' lang='lat' dir='ltr'><em>naturam.</em></span> <span class='ocrx_word' id='word_1_354' title='bbox 1025 1445 1074 1474; x_wconf 74' lang='lat'><em>48)</em></span> <span class='ocrx_word' id='word_1_355' title='bbox 1098 1441 1142 1469; x_wconf 91' lang='lat' dir='ltr'><em>De</em></span> <span class='ocrx_word' id='word_1_356' title='bbox 1166 1448 1311 1477; x_wconf 87' lang='lat' dir='ltr'><em>tremore,</em></span> <span class='ocrx_word' id='word_1_357' title='bbox 1341 1441 1548 1482; x_wconf 77' lang='lat' dir='ltr'><em>palpitatione,</em></span> <span class='ocrx_word' id='word_1_358' title='bbox 1577 1443 1766 1475; x_wconf 80' lang='lat' dir='ltr'><em>conuulfione</em></span> 
     </span>
     <span class='ocr_line' id='line_1_29' title="bbox 134 1481 1763 1525; baseline 0.003 -13"><span class='ocrx_word' id='word_1_359' title='bbox 134 1492 164 1512; x_wconf 83' lang='lat' dir='ltr'><em>et</em></span> <span class='ocrx_word' id='word_1_360' title='bbox 183 1486 294 1520; x_wconf 86' lang='lat' dir='ltr'><em>rigore.</em></span> <span class='ocrx_word' id='word_1_361' title='bbox 337 1485 393 1519; x_wconf 86' lang='lat'><em>49)</em></span> <span class='ocrx_word' id='word_1_362' title='bbox 418 1485 463 1512; x_wconf 84' lang='lat' dir='ltr'><em>De</em></span> <span class='ocrx_word' id='word_1_363' title='bbox 475 1481 648 1522; x_wconf 86' lang='lat' dir='ltr'><em>simplicium</em></span> <span class='ocrx_word' id='word_1_364' title='bbox 666 1481 945 1511; x_wconf 80' lang='lat' dir='ltr'><em>medicamentorum</em></span> <span class='ocrx_word' id='word_1_365' title='bbox 960 1485 1195 1523; x_wconf 79' lang='lat' dir='ltr'><em>temperamentis</em></span> <span class='ocrx_word' id='word_1_366' title='bbox 1211 1491 1240 1513; x_wconf 87' lang='lat' dir='ltr'><em>et</em></span> <span class='ocrx_word' id='word_1_367' title='bbox 1255 1483 1439 1514; x_wconf 86' lang='lat' dir='ltr'><em>facultatibus</em></span> <span class='ocrx_word' id='word_1_368' title='bbox 1454 1484 1525 1515; x_wconf 86' lang='lat' dir='ltr'><em>libri</em></span> <span class='ocrx_word' id='word_1_369' title='bbox 1539 1487 1589 1516; x_wconf 85' lang='lat' dir='ltr'><em>XI.</em></span> <span class='ocrx_word' id='word_1_370' title='bbox 1634 1487 1688 1525; x_wconf 85' lang='lat'><em>50)</em></span> <span class='ocrx_word' id='word_1_371' title='bbox 1711 1491 1763 1518; x_wconf 74' lang='lat' dir='ltr'><em>Ars</em></span> 
     </span>
     <span class='ocr_line' id='line_1_30' title="bbox 134 1524 1765 1571; baseline 0.003 -16"><span class='ocrx_word' id='word_1_372' title='bbox 134 1526 256 1556; x_wconf 88' lang='lat' dir='ltr'><em>medica.</em></span> <span class='ocrx_word' id='word_1_373' title='bbox 301 1529 340 1560; x_wconf 83' lang='lat'><em>5¹)</em></span> <span class='ocrx_word' id='word_1_374' title='bbox 363 1527 407 1555; x_wconf 87' lang='lat' dir='ltr'><em>De</em></span> <span class='ocrx_word' id='word_1_375' title='bbox 423 1524 594 1555; x_wconf 75' lang='lat' dir='ltr'><em>differentiis</em></span> <span class='ocrx_word' id='word_1_376' title='bbox 611 1525 793 1553; x_wconf 82' lang='lat' dir='ltr'><em>morborum.</em></span> <span class='ocrx_word' id='word_1_377' title='bbox 839 1526 890 1563; x_wconf 79' lang='lat'><em>52)</em></span> <span class='ocrx_word' id='word_1_378' title='bbox 913 1527 958 1554; x_wconf 90' lang='lat' dir='ltr'><em>De</em></span> <span class='ocrx_word' id='word_1_379' title='bbox 973 1526 1145 1555; x_wconf 91' lang='lat' dir='ltr'><em>morborum</em></span> <span class='ocrx_word' id='word_1_380' title='bbox 1162 1527 1269 1556; x_wconf 81' lang='lat' dir='ltr'><em>cauffis.</em></span> <span class='ocrx_word' id='word_1_381' title='bbox 1313 1528 1367 1565; x_wconf 78' lang='lat'><em>53)</em></span> <span class='ocrx_word' id='word_1_382' title='bbox 1390 1529 1434 1557; x_wconf 90' lang='lat' dir='ltr'><em>De</em></span> <span class='ocrx_word' id='word_1_383' title='bbox 1451 1527 1615 1559; x_wconf 81' lang='lat' dir='ltr'><em>differentia</em></span> <span class='ocrx_word' id='word_1_384' title='bbox 1631 1531 1765 1571; x_wconf 85' lang='lat' dir='ltr'><em>Sympto-</em></span> 
     </span>
     <span class='ocr_line' id='line_1_31' title="bbox 134 1567 1767 1608; baseline 0.002 -11"><span class='ocrx_word' id='word_1_385' title='bbox 134 1578 246 1598; x_wconf 81' lang='lat' dir='ltr'><em>matum</em></span> <span class='ocrx_word' id='word_1_386' title='bbox 265 1568 334 1599; x_wconf 86' lang='lat' dir='ltr'><em>libri</em></span> <span class='ocrx_word' id='word_1_387' title='bbox 349 1570 400 1598; x_wconf 85' lang='lat'><em>111.</em></span> <span class='ocrx_word' id='word_1_388' title='bbox 445 1572 494 1603; x_wconf 82' lang='lat'><em>54)</em></span> <span class='ocrx_word' id='word_1_389' title='bbox 519 1570 561 1597; x_wconf 87' lang='lat' dir='ltr'><em>De</em></span> <span class='ocrx_word' id='word_1_390' title='bbox 582 1568 790 1608; x_wconf 66' lang='lat' dir='ltr'><em>compositione</em></span> <span class='ocrx_word' id='word_1_391' title='bbox 811 1567 1090 1598; x_wconf 83' lang='lat' dir='ltr'><em>medicamentorum</em></span> <span class='ocrx_word' id='word_1_392' title='bbox 1112 1568 1270 1599; x_wconf 79' lang='lat' dir='ltr'><em>secundum</em></span> <span class='ocrx_word' id='word_1_393' title='bbox 1290 1569 1370 1599; x_wconf 77' lang='lat' dir='ltr'><em>locos</em></span> <span class='ocrx_word' id='word_1_394' title='bbox 1387 1569 1457 1600; x_wconf 89' lang='lat' dir='ltr'><em>libri</em></span> <span class='ocrx_word' id='word_1_395' title='bbox 1474 1573 1508 1600; x_wconf 90' lang='lat' dir='ltr'><em>X.</em></span> <span class='ocrx_word' id='word_1_396' title='bbox 1553 1579 1596 1607; x_wconf 78' lang='lat'><em>53)</em></span> <span class='ocrx_word' id='word_1_397' title='bbox 1618 1575 1662 1603; x_wconf 82' lang='lat' dir='ltr'><em>De</em></span> <span class='ocrx_word' id='word_1_398' title='bbox 1684 1584 1767 1603; x_wconf 88' lang='lat' dir='ltr'><em>com.</em></span> 
     </span>
     <span class='ocr_line' id='line_1_32' title="bbox 133 1610 1765 1653; baseline 0.004 -13"><span class='ocrx_word' id='word_1_399' title='bbox 133 1611 275 1653; x_wconf 77' lang='lat' dir='ltr'><em>positione</em></span> <span class='ocrx_word' id='word_1_400' title='bbox 290 1611 569 1640; x_wconf 84' lang='lat' dir='ltr'><em>medicamentorum</em></span> <span class='ocrx_word' id='word_1_401' title='bbox 585 1610 742 1640; x_wconf 72' lang='lat' dir='ltr'><em>secundum</em></span> <span class='ocrx_word' id='word_1_402' title='bbox 759 1621 863 1647; x_wconf 81' lang='lat' dir='ltr'><em>genera</em></span> <span class='ocrx_word' id='word_1_403' title='bbox 879 1610 948 1641; x_wconf 87' lang='lat' dir='ltr'><em>libri</em></span> <span class='ocrx_word' id='word_1_404' title='bbox 962 1613 1026 1641; x_wconf 88' lang='lat' dir='ltr'><em>VII.</em></span> <span class='ocrx_word' id='word_1_405' title='bbox 1070 1612 1121 1649; x_wconf 84' lang='lat'><em>56)</em></span> <span class='ocrx_word' id='word_1_406' title='bbox 1146 1612 1281 1642; x_wconf 85' lang='lat' dir='ltr'><em>Methodi</em></span> <span class='ocrx_word' id='word_1_407' title='bbox 1296 1613 1432 1643; x_wconf 85' lang='lat' dir='ltr'><em>medendi</em></span> <span class='ocrx_word' id='word_1_408' title='bbox 1448 1612 1518 1643; x_wconf 90' lang='lat' dir='ltr'><em>libri</em></span> <span class='ocrx_word' id='word_1_409' title='bbox 1533 1616 1610 1644; x_wconf 84' lang='lat' dir='ltr'><em>xlv.</em></span> <span class='ocrx_word' id='word_1_410' title='bbox 1656 1618 1704 1652; x_wconf 83' lang='lat'><em>57)</em></span> <span class='ocrx_word' id='word_1_411' title='bbox 1721 1617 1765 1646; x_wconf 74' lang='lat' dir='ltr'><em>Ad</em></span> 
     </span>
     <span class='ocr_line' id='line_1_33' title="bbox 134 1653 1765 1699; baseline 0.004 -15"><span class='ocrx_word' id='word_1_412' title='bbox 134 1654 314 1685; x_wconf 80' lang='lat' dir='ltr'><em>Glauconem</em></span> <span class='ocrx_word' id='word_1_413' title='bbox 349 1654 385 1683; x_wconf 86' lang='lat' dir='ltr'><em>de</em></span> <span class='ocrx_word' id='word_1_414' title='bbox 417 1654 553 1683; x_wconf 78' lang='lat' dir='ltr'><em>medendi</em></span> <span class='ocrx_word' id='word_1_415' title='bbox 583 1653 724 1682; x_wconf 84' lang='lat' dir='ltr'><em>methodo</em></span> <span class='ocrx_word' id='word_1_416' title='bbox 761 1653 831 1682; x_wconf 78' lang='lat' dir='ltr'><em>libri</em></span> <span class='ocrx_word' id='word_1_417' title='bbox 857 1655 894 1683; x_wconf 90' lang='lat'><em>11.</em></span> <span class='ocrx_word' id='word_1_418' title='bbox 970 1658 1017 1689; x_wconf 76' lang='lat'><em>58)</em></span> <span class='ocrx_word' id='word_1_419' title='bbox 1046 1656 1089 1684; x_wconf 88' lang='lat' dir='ltr'><em>De</em></span> <span class='ocrx_word' id='word_1_420' title='bbox 1117 1655 1338 1685; x_wconf 58' lang='lat' dir='ltr'><em>venaeseftione</em></span> <span class='ocrx_word' id='word_1_421' title='bbox 1369 1655 1505 1686; x_wconf 83' lang='lat' dir='ltr'><em>aduersus</em></span> <span class='ocrx_word' id='word_1_422' title='bbox 1525 1657 1765 1699; x_wconf 18' lang='lat' dir='ltr'><em>VErasIstratum.</em></span> 
     </span>
     <span class='ocr_line' id='line_1_34' title="bbox 133 1696 1764 1740; baseline 0.003 -14"><span class='ocrx_word' id='word_1_423' title='bbox 133 1704 181 1734; x_wconf 85' lang='grc'><em>59)</em></span> <span class='ocrx_word' id='word_1_424' title='bbox 204 1699 247 1727; x_wconf 90' lang='lat' dir='ltr'><em>De</em></span> <span class='ocrx_word' id='word_1_425' title='bbox 269 1697 487 1728; x_wconf 72' lang='lat' dir='ltr'><em>venaeseffione</em></span> <span class='ocrx_word' id='word_1_426' title='bbox 508 1696 643 1726; x_wconf 80' lang='lat' dir='ltr'><em>aduersus</em></span> <span class='ocrx_word' id='word_1_427' title='bbox 667 1696 874 1732; x_wconf 75' lang='lat' dir='ltr'><em>Erafistrateos,</em></span> <span class='ocrx_word' id='word_1_428' title='bbox 898 1698 1009 1727; x_wconf 85' lang='lat' dir='ltr'><em>Romae</em></span> <span class='ocrx_word' id='word_1_429' title='bbox 1031 1697 1176 1735; x_wconf 74' lang='lat' dir='ltr'><em>degentes.</em></span> <span class='ocrx_word' id='word_1_430' title='bbox 1223 1702 1276 1728; x_wconf 70' lang='lat'><em>60²</em></span> <span class='ocrx_word' id='word_1_431' title='bbox 1299 1701 1342 1729; x_wconf 90' lang='lat' dir='ltr'><em>De</em></span> <span class='ocrx_word' id='word_1_432' title='bbox 1364 1699 1485 1729; x_wconf 77' lang='lat' dir='ltr'><em>curandi</em></span> <span class='ocrx_word' id='word_1_433' title='bbox 1506 1703 1621 1730; x_wconf 85' lang='lat' dir='ltr'><em>ratione</em></span> <span class='ocrx_word' id='word_1_434' title='bbox 1640 1712 1694 1740; x_wconf 86' lang='lat' dir='ltr'><em>per</em></span> <span class='ocrx_word' id='word_1_435' title='bbox 1713 1713 1764 1732; x_wconf 87' lang='lat' dir='ltr'><em>ve-</em></span> 
     </span>
     <span class='ocr_line' id='line_1_35' title="bbox 131 1740 1765 1782; baseline 0.003 -12"><span class='ocrx_word' id='word_1_436' title='bbox 131 1741 354 1771; x_wconf 69' lang='lat' dir='ltr'><em>naeseffionem.</em></span> <span class='ocrx_word' id='word_1_437' title='bbox 412 1743 459 1775; x_wconf 91' lang='lat' dir='ltr'><em>6i)</em></span> <span class='ocrx_word' id='word_1_438' title='bbox 483 1742 525 1770; x_wconf 88' lang='lat' dir='ltr'><em>De</em></span> <span class='ocrx_word' id='word_1_439' title='bbox 547 1741 700 1771; x_wconf 79' lang='lat' dir='ltr'><em>marasmo.</em></span> <span class='ocrx_word' id='word_1_440' title='bbox 751 1742 806 1776; x_wconf 85' lang='lat'><em>62)</em></span> <span class='ocrx_word' id='word_1_441' title='bbox 829 1741 884 1769; x_wconf 87' lang='lat' dir='ltr'><em>Pro</em></span> <span class='ocrx_word' id='word_1_442' title='bbox 906 1750 999 1780; x_wconf 86' lang='lat' dir='ltr'><em>puero</em></span> <span class='ocrx_word' id='word_1_443' title='bbox 1021 1740 1177 1782; x_wconf 80' lang='lat' dir='ltr'><em>epileptico</em></span> <span class='ocrx_word' id='word_1_444' title='bbox 1202 1740 1363 1771; x_wconf 83' lang='lat' dir='ltr'><em>consilium.</em></span> <span class='ocrx_word' id='word_1_445' title='bbox 1406 1745 1451 1776; x_wconf 74' lang='lat'><em>63)</em></span> <span class='ocrx_word' id='word_1_446' title='bbox 1474 1742 1518 1773; x_wconf 72' lang='lat' dir='ltr'><em>Ad</em></span> <span class='ocrx_word' id='word_1_447' title='bbox 1541 1743 1765 1778; x_wconf 84' lang='lat' dir='ltr'><em>Thrasybulum</em></span> 
     </span>
     <span class='ocr_line' id='line_1_36' title="bbox 131 1781 1762 1821; baseline 0.001 -7"><span class='ocrx_word' id='word_1_448' title='bbox 131 1782 224 1820; x_wconf 81' lang='lat' dir='ltr'><em>liber,</em></span> <span class='ocrx_word' id='word_1_449' title='bbox 257 1793 355 1814; x_wconf 88' lang='lat' dir='ltr'><em>vtrum</em></span> <span class='ocrx_word' id='word_1_450' title='bbox 383 1784 545 1813; x_wconf 80' lang='lat' dir='ltr'><em>medicinae</em></span> <span class='ocrx_word' id='word_1_451' title='bbox 575 1784 626 1816; x_wconf 85' lang='lat' dir='ltr'><em>fit,</em></span> <span class='ocrx_word' id='word_1_452' title='bbox 655 1781 702 1812; x_wconf 88' lang='lat' dir='ltr'><em>vel</em></span> <span class='ocrx_word' id='word_1_453' title='bbox 734 1783 921 1820; x_wconf 70' lang='lat' dir='ltr'><em>gyniiiastices</em></span> <span class='ocrx_word' id='word_1_454' title='bbox 949 1784 1096 1821; x_wconf 82' lang='lat' dir='ltr'><em>hygieine.</em></span> <span class='ocrx_word' id='word_1_455' title='bbox 1165 1786 1220 1820; x_wconf 77' lang='lat'><em>64)</em></span> <span class='ocrx_word' id='word_1_456' title='bbox 1245 1787 1287 1814; x_wconf 90' lang='lat' dir='ltr'><em>De</em></span> <span class='ocrx_word' id='word_1_457' title='bbox 1314 1793 1482 1814; x_wconf 84' lang='lat' dir='ltr'><em>attenuante</em></span> <span class='ocrx_word' id='word_1_458' title='bbox 1513 1787 1607 1816; x_wconf 57' lang='lat' dir='ltr'><em>vietus</em></span> <span class='ocrx_word' id='word_1_459' title='bbox 1637 1791 1762 1816; x_wconf 83' lang='lat' dir='ltr'><em>ratione.</em></span> 
     </span>
     <span class='ocr_line' id='line_1_37' title="bbox 132 1825 1762 1870; baseline 0.003 -16"><span class='ocrx_word' id='word_1_460' title='bbox 132 1830 180 1862; x_wconf 70' lang='lat'><em>65‘·</em></span> <span class='ocrx_word' id='word_1_461' title='bbox 201 1830 245 1862; x_wconf 83' lang='lat' dir='ltr'><em>De</em></span> <span class='ocrx_word' id='word_1_462' title='bbox 266 1826 384 1858; x_wconf 76' lang='lat' dir='ltr'><em>sanitate</em></span> <span class='ocrx_word' id='word_1_463' title='bbox 405 1827 512 1857; x_wconf 86' lang='lat' dir='ltr'><em>tuenda</em></span> <span class='ocrx_word' id='word_1_464' title='bbox 536 1825 605 1855; x_wconf 82' lang='lat' dir='ltr'><em>libri</em></span> <span class='ocrx_word' id='word_1_465' title='bbox 621 1827 672 1855; x_wconf 92' lang='lat' dir='ltr'><em>VI.</em></span> <span class='ocrx_word' id='word_1_466' title='bbox 731 1825 787 1865; x_wconf 82' lang='grc'><em>66)</em></span> <span class='ocrx_word' id='word_1_467' title='bbox 812 1827 853 1854; x_wconf 85' lang='lat' dir='ltr'><em>De</em></span> <span class='ocrx_word' id='word_1_468' title='bbox 880 1826 1088 1856; x_wconf 86' lang='lat' dir='ltr'><em>alimentorum</em></span> <span class='ocrx_word' id='word_1_469' title='bbox 1115 1826 1300 1865; x_wconf 78' lang='lat' dir='ltr'><em>facultatibus</em></span> <span class='ocrx_word' id='word_1_470' title='bbox 1321 1827 1390 1858; x_wconf 83' lang='lat' dir='ltr'><em>libri</em></span> <span class='ocrx_word' id='word_1_471' title='bbox 1405 1830 1458 1858; x_wconf 87' lang='lat'><em>111.</em></span> <span class='ocrx_word' id='word_1_472' title='bbox 1517 1830 1573 1865; x_wconf 87' lang='lat'><em>67)</em></span> <span class='ocrx_word' id='word_1_473' title='bbox 1595 1831 1638 1859; x_wconf 89' lang='lat' dir='ltr'><em>De</em></span> <span class='ocrx_word' id='word_1_474' title='bbox 1662 1831 1762 1870; x_wconf 68' lang='lat' dir='ltr'><em>probi·</em></span> 
     </span>
     <span class='ocr_line' id='line_1_38' title="bbox 132 1868 1762 1911; baseline 0.002 -13"><span class='ocrx_word' id='word_1_475' title='bbox 132 1873 288 1910; x_wconf 78' lang='lat' dir='ltr'><em>prunisque</em></span> <span class='ocrx_word' id='word_1_476' title='bbox 316 1869 522 1900; x_wconf 84' lang='lat' dir='ltr'><em>alimentorum</em></span> <span class='ocrx_word' id='word_1_477' title='bbox 555 1868 654 1897; x_wconf 78' lang='lat' dir='ltr'><em>succis.</em></span> <span class='ocrx_word' id='word_1_478' title='bbox 721 1871 770 1904; x_wconf 87' lang='lat'><em>68)</em></span> <span class='ocrx_word' id='word_1_479' title='bbox 799 1868 887 1904; x_wconf 84' lang='lat' dir='ltr'><em>Qiod</em></span> <span class='ocrx_word' id='word_1_480' title='bbox 920 1871 1012 1898; x_wconf 87' lang='lat' dir='ltr'><em>animi</em></span> <span class='ocrx_word' id='word_1_481' title='bbox 1043 1880 1139 1898; x_wconf 85' lang='lat' dir='ltr'><em>mores</em></span> <span class='ocrx_word' id='word_1_482' title='bbox 1167 1872 1299 1909; x_wconf 83' lang='lat' dir='ltr'><em>corporis</em></span> <span class='ocrx_word' id='word_1_483' title='bbox 1334 1878 1560 1909; x_wconf 83' lang='lat' dir='ltr'><em>temperamenta</em></span> <span class='ocrx_word' id='word_1_484' title='bbox 1596 1871 1762 1911; x_wconf 80' lang='lat' dir='ltr'><em>sequantur.</em></span> 
     </span>
     <span class='ocr_line' id='line_1_39' title="bbox 133 1911 1764 1955; baseline 0.003 -15"><span class='ocrx_word' id='word_1_485' title='bbox 133 1915 184 1948; x_wconf 83' lang='lat'><em>69)</em></span> <span class='ocrx_word' id='word_1_486' title='bbox 211 1914 405 1949; x_wconf 50' lang='lat' dir='ltr'><em>languorum,</em></span> <span class='ocrx_word' id='word_1_487' title='bbox 436 1913 484 1941; x_wconf 87' lang='lat' dir='ltr'><em>seu</em></span> <span class='ocrx_word' id='word_1_488' title='bbox 506 1912 669 1940; x_wconf 63' lang='lat' dir='ltr'><em>dietionuin</em></span> <span class='ocrx_word' id='word_1_489' title='bbox 693 1913 876 1941; x_wconf 76' lang='lat' dir='ltr'><em>ex-oietaruni</em></span> <span class='ocrx_word' id='word_1_490' title='bbox 900 1911 1101 1951; x_wconf 71' lang='lat' dir='ltr'><em>Hippocratis</em></span> <span class='ocrx_word' id='word_1_491' title='bbox 1122 1912 1287 1952; x_wconf 84' lang='lat' dir='ltr'><em>explicatio.</em></span> <span class='ocrx_word' id='word_1_492' title='bbox 1332 1918 1385 1949; x_wconf 61' lang='lat'><em>70}</em></span> <span class='ocrx_word' id='word_1_493' title='bbox 1409 1915 1452 1942; x_wconf 87' lang='lat' dir='ltr'><em>De</em></span> <span class='ocrx_word' id='word_1_494' title='bbox 1474 1912 1644 1953; x_wconf 84' lang='lat' dir='ltr'><em>septimestri</em></span> <span class='ocrx_word' id='word_1_495' title='bbox 1668 1924 1764 1955; x_wconf 85' lang='lat' dir='ltr'><em>pai-tu.</em></span> 
     </span>
     <span class='ocr_line' id='line_1_40' title="bbox 133 1952 1761 1999; baseline 0.002 -16"><span class='ocrx_word' id='word_1_496' title='bbox 133 1956 182 1993; x_wconf 87' lang='lat'><em>71)</em></span> <span class='ocrx_word' id='word_1_497' title='bbox 206 1957 248 1984; x_wconf 88' lang='lat' dir='ltr'><em>De</em></span> <span class='ocrx_word' id='word_1_498' title='bbox 269 1954 350 1984; x_wconf 85' lang='lat' dir='ltr'><em>libris</em></span> <span class='ocrx_word' id='word_1_499' title='bbox 372 1956 509 1995; x_wconf 85' lang='lat' dir='ltr'><em>propriis.</em></span> <span class='ocrx_word' id='word_1_500' title='bbox 573 1958 624 1990; x_wconf 86' lang='lat'><em>72)</em></span> <span class='ocrx_word' id='word_1_501' title='bbox 649 1956 692 1982; x_wconf 83' lang='lat' dir='ltr'><em>Dc</em></span> <span class='ocrx_word' id='word_1_502' title='bbox 713 1953 815 1981; x_wconf 82' lang='lat' dir='ltr'><em>ordine</em></span> <span class='ocrx_word' id='word_1_503' title='bbox 843 1952 986 1982; x_wconf 83' lang='lat' dir='ltr'><em>libroruin</em></span> <span class='ocrx_word' id='word_1_504' title='bbox 1016 1952 1135 1982; x_wconf 88' lang='lat' dir='ltr'><em>suorum</em></span> <span class='ocrx_word' id='word_1_505' title='bbox 1157 1954 1191 1983; x_wconf 87' lang='lat' dir='ltr'><em>ad</em></span> <span class='ocrx_word' id='word_1_506' title='bbox 1219 1957 1426 1992; x_wconf 80' lang='lat' dir='ltr'><em>Eugenianum.</em></span> <span class='ocrx_word' id='word_1_507' title='bbox 1493 1962 1540 1992; x_wconf 82' lang='lat'><em>73)</em></span> <span class='ocrx_word' id='word_1_508' title='bbox 1564 1958 1761 1999; x_wconf 60' lang='lat' dir='ltr'><em>De‘ptjffaflffl</em></span> 
     </span>
     <span class='ocr_line' id='line_1_41' title="bbox 133 1994 1762 2038; baseline 0.002 -11"><span class='ocrx_word' id='word_1_509' title='bbox 133 2002 190 2035; x_wconf 62' lang='lat'><em>745·</em></span> <span class='ocrx_word' id='word_1_510' title='bbox 213 2000 254 2027; x_wconf 77' lang='lat' dir='ltr'><em>De</em></span> <span class='ocrx_word' id='word_1_511' title='bbox 279 2008 385 2038; x_wconf 85' lang='lat' dir='ltr'><em>paruae</em></span> <span class='ocrx_word' id='word_1_512' title='bbox 409 1997 484 2038; x_wconf 63' lang='lat' dir='ltr'><em>pilae</em></span> <span class='ocrx_word' id='word_1_513' title='bbox 508 1997 662 2026; x_wconf 81' lang='lat' dir='ltr'><em>exercitio·</em></span> <span class='ocrx_word' id='word_1_514' title='bbox 705 1997 752 2032; x_wconf 79' lang='lat'><em>75)</em></span> <span class='ocrx_word' id='word_1_515' title='bbox 775 1997 818 2024; x_wconf 87' lang='lat' dir='ltr'><em>De</em></span> <span class='ocrx_word' id='word_1_516' title='bbox 841 1996 1043 2031; x_wconf 83' lang='lat' dir='ltr'><em>hirudinibus,</em></span> <span class='ocrx_word' id='word_1_517' title='bbox 1066 1996 1247 2033; x_wconf 82' lang='lat' dir='ltr'><em>reuulficne‚</em></span> <span class='ocrx_word' id='word_1_518' title='bbox 1268 1994 1480 2034; x_wconf 58' lang='lat' dir='ltr'><em>cucurbitula,-</em></span> <span class='ocrx_word' id='word_1_519' title='bbox 1491 2000 1632 2029; x_wconf 78' lang='lat' dir='ltr'><em>incisione</em></span> <span class='ocrx_word' id='word_1_520' title='bbox 1655 2007 1685 2030; x_wconf 82' lang='lat' dir='ltr'><em>et</em></span> <span class='ocrx_word' id='word_1_521' title='bbox 1705 2001 1762 2032; x_wconf 77' lang='lat' dir='ltr'><em>sca-</em></span> 
     </span>
     <span class='ocr_line' id='line_1_42' title="bbox 131 2037 1760 2080; baseline 0.002 -10"><span class='ocrx_word' id='word_1_522' title='bbox 131 2041 305 2070; x_wconf 77' lang='lat' dir='ltr'><em>rificatione.</em></span> <span class='ocrx_word' id='word_1_523' title='bbox 350 2044 404 2078; x_wconf 76' lang='grc'><em>76)</em></span> <span class='ocrx_word' id='word_1_524' title='bbox 427 2039 586 2077; x_wconf 75' lang='lat' dir='ltr'><em>Qiomodo</em></span> <span class='ocrx_word' id='word_1_525' title='bbox 607 2038 744 2068; x_wconf 81' lang='lat' dir='ltr'><em>morbum</em></span> <span class='ocrx_word' id='word_1_526' title='bbox 765 2037 926 2067; x_wconf 78' lang='lat' dir='ltr'><em>simulantes</em></span> <span class='ocrx_word' id='word_1_527' title='bbox 950 2039 1002 2068; x_wconf 84' lang='lat' dir='ltr'><em>fint</em></span> <span class='ocrx_word' id='word_1_528' title='bbox 1026 2039 1274 2080; x_wconf 77' lang='lat' dir='ltr'><em>deprehendendi.</em></span> <span class='ocrx_word' id='word_1_529' title='bbox 1320 2045 1376 2080; x_wconf 84' lang='grc'><em>77)</em></span> <span class='ocrx_word' id='word_1_530' title='bbox 1401 2043 1446 2071; x_wconf 87' lang='lat' dir='ltr'><em>De</em></span> <span class='ocrx_word' id='word_1_531' title='bbox 1467 2041 1639 2079; x_wconf 76' lang='lat' dir='ltr'><em>dignotione</em></span> <span class='ocrx_word' id='word_1_532' title='bbox 1662 2053 1697 2073; x_wconf 86' lang='lat' dir='ltr'><em>ex</em></span> <span class='ocrx_word' id='word_1_533' title='bbox 1714 2046 1760 2074; x_wconf 76' lang='lat' dir='ltr'><em>in-</em></span> 
     </span>
     <span class='ocr_line' id='line_1_43' title="bbox 132 2081 1761 2125; baseline 0.009 -21"><span class='ocrx_word' id='word_1_534' title='bbox 132 2083 262 2114; x_wconf 59' lang='lat' dir='ltr'><em>sommis,</em></span> <span class='ocrx_word' id='word_1_535' title='bbox 308 2084 360 2122; x_wconf 70' lang='lat'><em>73)</em></span> <span class='ocrx_word' id='word_1_536' title='bbox 387 2086 428 2113; x_wconf 73' lang='lat' dir='ltr'><em>De</em></span> <span class='ocrx_word' id='word_1_537' title='bbox 447 2085 635 2124; x_wconf 52' lang='lat' dir='ltr'><em>propriorum</em></span> <span class='ocrx_word' id='word_1_538' title='bbox 650 2083 739 2110; x_wconf 84' lang='lat' dir='ltr'><em>animi</em></span> <span class='ocrx_word' id='word_1_539' title='bbox 755 2083 894 2121; x_wconf 83' lang='lat' dir='ltr'><em>cuiusque</em></span> <span class='ocrx_word' id='word_1_540' title='bbox 912 2081 1079 2112; x_wconf 59' lang='lat' dir='ltr'><em>adfectuum</em></span> <span class='ocrx_word' id='word_1_541' title='bbox 1095 2083 1268 2120; x_wconf 83' lang='lat' dir='ltr'><em>dignotiorie</em></span> <span class='ocrx_word' id='word_1_542' title='bbox 1285 2091 1313 2114; x_wconf 86' lang='lat' dir='ltr'><em>et</em></span> <span class='ocrx_word' id='word_1_543' title='bbox 1327 2087 1486 2115; x_wconf 86' lang='lat' dir='ltr'><em>curatione.</em></span> <span class='ocrx_word' id='word_1_544' title='bbox 1529 2094 1582 2124; x_wconf 81' lang='lat'><em>79)</em></span> <span class='ocrx_word' id='word_1_545' title='bbox 1606 2088 1650 2116; x_wconf 85' lang='lat' dir='ltr'><em>De</em></span> <span class='ocrx_word' id='word_1_546' title='bbox 1666 2089 1761 2125; x_wconf 58' lang='lat' dir='ltr'><em>mitt?-</em></span> 
     </span>
     <span class='ocr_line' id='line_1_44' title="bbox 132 2123 1762 2169; baseline 0.002 -13"><span class='ocrx_word' id='word_1_547' title='bbox 132 2125 204 2157; x_wconf 75' lang='lat' dir='ltr'><em>libet</em></span> <span class='ocrx_word' id='word_1_548' title='bbox 228 2130 317 2157; x_wconf 79' lang='lat' dir='ltr'><em>aniiiii</em></span> <span class='ocrx_word' id='word_1_549' title='bbox 339 2136 523 2168; x_wconf 72' lang='lat' dir='ltr'><em>peccatorum</em></span> <span class='ocrx_word' id='word_1_550' title='bbox 549 2126 722 2156; x_wconf 58' lang='lat' dir='ltr'><em>dignotione</em></span> <span class='ocrx_word' id='word_1_551' title='bbox 742 2134 829 2164; x_wconf 79' lang='lat' dir='ltr'><em>atque</em></span> <span class='ocrx_word' id='word_1_552' title='bbox 854 2123 976 2154; x_wconf 75' lang='lat' dir='ltr'><em>medela.</em></span> <span class='ocrx_word' id='word_1_553' title='bbox 1029 2128 1079 2159; x_wconf 84' lang='lat'><em>80)</em></span> <span class='ocrx_word' id='word_1_554' title='bbox 1101 2128 1143 2155; x_wconf 91' lang='lat' dir='ltr'><em>De</em></span> <span class='ocrx_word' id='word_1_555' title='bbox 1165 2128 1356 2166; x_wconf 87' lang='lat' dir='ltr'><em>praenotione</em></span> <span class='ocrx_word' id='word_1_556' title='bbox 1379 2127 1414 2156; x_wconf 85' lang='lat' dir='ltr'><em>ad</em></span> <span class='ocrx_word' id='word_1_557' title='bbox 1437 2129 1604 2169; x_wconf 82' lang='lat' dir='ltr'><em>Epigenem.</em></span> <span class='ocrx_word' id='word_1_558' title='bbox 1651 2136 1678 2162; x_wconf 79' lang='lat'><em>81</em></span> <span class='ocrx_word' id='word_1_559' title='bbox 1717 2132 1762 2160; x_wconf 88' lang='lat' dir='ltr'><em>De</em></span> 
     </span>
     <span class='ocr_line' id='line_1_45' title="bbox 132 2167 1760 2210; baseline 0.002 -12"><span class='ocrx_word' id='word_1_560' title='bbox 132 2171 270 2200; x_wconf 74' lang='lat' dir='ltr'><em>antidotis</em></span> <span class='ocrx_word' id='word_1_561' title='bbox 286 2171 352 2200; x_wconf 75' lang='lat' dir='ltr'><em>libri</em></span> <span class='ocrx_word' id='word_1_562' title='bbox 371 2170 439 2198; x_wconf 83' lang='lat' dir='ltr'><em>duo.</em></span> <span class='ocrx_word' id='word_1_563' title='bbox 486 2175 531 2201; x_wconf 57' lang='lat'><em>22)</em></span> <span class='ocrx_word' id='word_1_564' title='bbox 558 2171 599 2198; x_wconf 85' lang='lat' dir='ltr'><em>De</em></span> <span class='ocrx_word' id='word_1_565' title='bbox 616 2167 747 2196; x_wconf 69' lang='lat' dir='ltr'><em>foetuum</em></span> <span class='ocrx_word' id='word_1_566' title='bbox 764 2167 953 2198; x_wconf 75' lang='lat' dir='ltr'><em>formatione.</em></span> <span class='ocrx_word' id='word_1_567' title='bbox 997 2169 1032 2197; x_wconf 86' lang='lat' dir='ltr'><em>X.</em></span> <span class='ocrx_word' id='word_1_568' title='bbox 1048 2168 1295 2210; x_wconf 60' lang='lat' dir='ltr'><em>Lihrifhjpeffae</em></span> <span class='ocrx_word' id='word_1_569' title='bbox 1309 2170 1453 2210; x_wconf 84' lang='lat' dir='ltr'><em>originis.</em></span> <span class='ocrx_word' id='word_1_570' title='bbox 1498 2177 1543 2205; x_wconf 77' lang='lat'><em>83)</em></span> <span class='ocrx_word' id='word_1_571' title='bbox 1565 2171 1760 2208; x_wconf 40' lang='lat' dir='ltr'><em>introductio,</em></span> 
     </span>
     <span class='ocr_line' id='line_1_46' title="bbox 130 2209 1759 2255; baseline 0.001 -12"><span class='ocrx_word' id='word_1_572' title='bbox 130 2211 180 2243; x_wconf 85' lang='lat' dir='ltr'><em>seu</em></span> <span class='ocrx_word' id='word_1_573' title='bbox 206 2215 343 2248; x_wconf 77' lang='lat' dir='ltr'><em>medicus.</em></span> <span class='ocrx_word' id='word_1_574' title='bbox 389 2214 441 2250; x_wconf 67' lang='lat'><em>84)</em></span> <span class='ocrx_word' id='word_1_575' title='bbox 467 2214 509 2242; x_wconf 73' lang='lat' dir='ltr'><em>De</em></span> <span class='ocrx_word' id='word_1_576' title='bbox 533 2211 762 2248; x_wconf 63' lang='lat' dir='ltr'><em>subiigurati2;ne</em></span> <span class='ocrx_word' id='word_1_577' title='bbox 786 2213 936 2250; x_wconf 81' lang='lat' dir='ltr'><em>empirica.</em></span> <span class='ocrx_word' id='word_1_578' title='bbox 982 2214 1029 2246; x_wconf 73' lang='grc'><em>85)</em></span> <span class='ocrx_word' id='word_1_579' title='bbox 1055 2213 1097 2240; x_wconf 88' lang='lat' dir='ltr'><em>De</em></span> <span class='ocrx_word' id='word_1_580' title='bbox 1120 2223 1192 2243; x_wconf 86' lang='lat' dir='ltr'><em>voce</em></span> <span class='ocrx_word' id='word_1_581' title='bbox 1215 2220 1243 2242; x_wconf 89' lang='lat' dir='ltr'><em>et</em></span> <span class='ocrx_word' id='word_1_582' title='bbox 1266 2209 1406 2242; x_wconf 79' lang='lat' dir='ltr'><em>anhesitu.</em></span> <span class='ocrx_word' id='word_1_583' title='bbox 1451 2213 1505 2254; x_wconf 77' lang='grc'><em>86)</em></span> <span class='ocrx_word' id='word_1_584' title='bbox 1526 2215 1574 2244; x_wconf 84' lang='lat' dir='ltr'><em>De</em></span> <span class='ocrx_word' id='word_1_585' title='bbox 1594 2215 1759 2255; x_wconf 38' lang='lat' dir='ltr'><em>respit-atio-</em></span> 
     </span>
     <span class='ocr_line' id='line_1_47' title="bbox 133 2253 1760 2298; baseline 0.001 -14"><span class='ocrx_word' id='word_1_586' title='bbox 133 2257 176 2284; x_wconf 86' lang='lat' dir='ltr'><em>nis</em></span> <span class='ocrx_word' id='word_1_587' title='bbox 192 2255 252 2287; x_wconf 81' lang='lat' dir='ltr'><em>vsu.</em></span> <span class='ocrx_word' id='word_1_588' title='bbox 298 2261 347 2293; x_wconf 76' lang='lat'><em>87)</em></span> <span class='ocrx_word' id='word_1_589' title='bbox 371 2258 414 2285; x_wconf 78' lang='lat' dir='ltr'><em>An</em></span> <span class='ocrx_word' id='word_1_590' title='bbox 430 2253 534 2284; x_wconf 74' lang='lat' dir='ltr'><em>anim-al</em></span> <span class='ocrx_word' id='word_1_591' title='bbox 553 2255 602 2287; x_wconf 82' lang='lat' dir='ltr'><em>fit,</em></span> <span class='ocrx_word' id='word_1_592' title='bbox 622 2254 700 2294; x_wconf 68' lang='lat' dir='ltr'><em>quod</em></span> <span class='ocrx_word' id='word_1_593' title='bbox 726 2255 757 2282; x_wconf 85' lang='lat' dir='ltr'><em>in</em></span> <span class='ocrx_word' id='word_1_594' title='bbox 779 2264 862 2282; x_wconf 80' lang='lat' dir='ltr'><em>vtero</em></span> <span class='ocrx_word' id='word_1_595' title='bbox 880 2255 929 2285; x_wconf 76' lang='lat' dir='ltr'><em>est.</em></span> <span class='ocrx_word' id='word_1_596' title='bbox 976 2259 1027 2288; x_wconf 75' lang='lat'><em>88)</em></span> <span class='ocrx_word' id='word_1_597' title='bbox 1049 2256 1091 2284; x_wconf 76' lang='lat' dir='ltr'><em>Ati</em></span> <span class='ocrx_word' id='word_1_598' title='bbox 1107 2265 1209 2284; x_wconf 83' lang='lat' dir='ltr'><em>omues</em></span> <span class='ocrx_word' id='word_1_599' title='bbox 1230 2264 1325 2295; x_wconf 82' lang='lat' dir='ltr'><em>partes</em></span> <span class='ocrx_word' id='word_1_600' title='bbox 1348 2254 1498 2292; x_wconf 70' lang='lat' dir='ltr'><em>animalis,</em></span> <span class='ocrx_word' id='word_1_601' title='bbox 1520 2257 1599 2298; x_wconf 86' lang='lat' dir='ltr'><em>quod</em></span> <span class='ocrx_word' id='word_1_602' title='bbox 1622 2267 1760 2297; x_wconf 79' lang='lat' dir='ltr'><em>procrea·</em></span> 
     </span>
     <span class='ocr_line' id='line_1_48' title="bbox 134 2297 1758 2339; baseline 0 -11"><span class='ocrx_word' id='word_1_603' title='bbox 134 2305 199 2334; x_wconf 85' lang='lat' dir='ltr'><em>tur,</em></span> <span class='ocrx_word' id='word_1_604' title='bbox 223 2300 292 2328; x_wconf 79' lang='lat' dir='ltr'><em>fiant</em></span> <span class='ocrx_word' id='word_1_605' title='bbox 313 2298 405 2328; x_wconf 75' lang='lat' dir='ltr'><em>simul.</em></span> <span class='ocrx_word' id='word_1_606' title='bbox 451 2300 501 2335; x_wconf 76' lang='lat'><em>89)</em></span> <span class='ocrx_word' id='word_1_607' title='bbox 527 2299 567 2326; x_wconf 82' lang='lat' dir='ltr'><em>De</em></span> <span class='ocrx_word' id='word_1_608' title='bbox 585 2297 845 2327; x_wconf 80' lang='lat' dir='ltr'><em>consuetudinibus</em></span> <span class='ocrx_word' id='word_1_609' title='bbox 900 2300 952 2332; x_wconf 76' lang='lat'><em>90)</em></span> <span class='ocrx_word' id='word_1_610' title='bbox 974 2298 1017 2325; x_wconf 87' lang='lat' dir='ltr'><em>De</em></span> <span class='ocrx_word' id='word_1_611' title='bbox 1036 2306 1118 2327; x_wconf 86' lang='lat' dir='ltr'><em>motu</em></span> <span class='ocrx_word' id='word_1_612' title='bbox 1138 2299 1266 2327; x_wconf 83' lang='lat' dir='ltr'><em>thoracis</em></span> <span class='ocrx_word' id='word_1_613' title='bbox 1286 2306 1314 2328; x_wconf 90' lang='lat' dir='ltr'><em>et</em></span> <span class='ocrx_word' id='word_1_614' title='bbox 1335 2297 1494 2339; x_wconf 64' lang='lat' dir='ltr'><em>pulmonis.</em></span> <span class='ocrx_word' id='word_1_615' title='bbox 1537 2306 1583 2335; x_wconf 76' lang='lat'><em>9¹)</em></span> <span class='ocrx_word' id='word_1_616' title='bbox 1606 2302 1647 2328; x_wconf 89' lang='lat' dir='ltr'><em>De</em></span> <span class='ocrx_word' id='word_1_617' title='bbox 1670 2302 1758 2329; x_wconf 80' lang='lat' dir='ltr'><em>totius</em></span> 
     </span>
     <span class='ocr_line' id='line_1_49' title="bbox 133 2339 1759 2382; baseline 0.001 -13"><span class='ocrx_word' id='word_1_618' title='bbox 133 2341 228 2370; x_wconf 83' lang='lat' dir='ltr'><em>morbi</em></span> <span class='ocrx_word' id='word_1_619' title='bbox 245 2342 438 2382; x_wconf 81' lang='lat' dir='ltr'><em>temporibus.</em></span> <span class='ocrx_word' id='word_1_620' title='bbox 482 2340 536 2379; x_wconf 88' lang='lat'><em>92)</em></span> <span class='ocrx_word' id='word_1_621' title='bbox 559 2342 601 2369; x_wconf 90' lang='lat' dir='ltr'><em>De</em></span> <span class='ocrx_word' id='word_1_622' title='bbox 619 2341 702 2379; x_wconf 75' lang='lat' dir='ltr'><em>typis.</em></span> <span class='ocrx_word' id='word_1_623' title='bbox 748 2340 805 2375; x_wconf 77' lang='lat'><em>93)</em></span> <span class='ocrx_word' id='word_1_624' title='bbox 829 2339 971 2374; x_wconf 79' lang='lat' dir='ltr'><em>Aduersus</em></span> <span class='ocrx_word' id='word_1_625' title='bbox 987 2350 1037 2369; x_wconf 90' lang='lat' dir='ltr'><em>eos</em></span> <span class='ocrx_word' id='word_1_626' title='bbox 1049 2363 1058 2376; x_wconf 92' lang='lat'>‚</span> <span class='ocrx_word' id='word_1_627' title='bbox 1081 2343 1132 2381; x_wconf 83' lang='lat' dir='ltr'><em>qui</em></span> <span class='ocrx_word' id='word_1_628' title='bbox 1147 2341 1181 2370; x_wconf 91' lang='lat' dir='ltr'><em>de</em></span> <span class='ocrx_word' id='word_1_629' title='bbox 1198 2343 1273 2381; x_wconf 85' lang='lat' dir='ltr'><em>typis</em></span> <span class='ocrx_word' id='word_1_630' title='bbox 1288 2341 1468 2382; x_wconf 71' lang='lat' dir='ltr'><em>scripserunt.</em></span> <span class='ocrx_word' id='word_1_631' title='bbox 1511 2344 1568 2376; x_wconf 58' lang='grc'><em>94)</em></span> <span class='ocrx_word' id='word_1_632' title='bbox 1588 2345 1629 2371; x_wconf 83' lang='lat' dir='ltr'><em>De</em></span> <span class='ocrx_word' id='word_1_633' title='bbox 1647 2350 1759 2372; x_wconf 84' lang='lat' dir='ltr'><em>comate</em></span> 
     </span>
     <span class='ocr_line' id='line_1_50' title="bbox 133 2382 1761 2425; baseline 0.002 -14"><span class='ocrx_word' id='word_1_634' title='bbox 133 2382 289 2414; x_wconf 85' lang='lat' dir='ltr'><em>secundum</em></span> <span class='ocrx_word' id='word_1_635' title='bbox 316 2387 534 2425; x_wconf 78' lang='lat' dir='ltr'><em>Hippocratem.</em></span> <span class='ocrx_word' id='word_1_636' title='bbox 601 2387 649 2419; x_wconf 77' lang='lat'><em>95)</em></span> <span class='ocrx_word' id='word_1_637' title='bbox 676 2385 718 2411; x_wconf 86' lang='lat' dir='ltr'><em>De</em></span> <span class='ocrx_word' id='word_1_638' title='bbox 750 2383 841 2411; x_wconf 63' lang='lat' dir='ltr'><em>vietus</em></span> <span class='ocrx_word' id='word_1_639' title='bbox 869 2384 983 2412; x_wconf 85' lang='lat' dir='ltr'><em>ratione</em></span> <span class='ocrx_word' id='word_1_640' title='bbox 1017 2385 1047 2412; x_wconf 88' lang='lat' dir='ltr'><em>in</em></span> <span class='ocrx_word' id='word_1_641' title='bbox 1075 2384 1186 2413; x_wconf 85' lang='lat' dir='ltr'><em>morbis</em></span> <span class='ocrx_word' id='word_1_642' title='bbox 1214 2386 1304 2413; x_wconf 77' lang='lat' dir='ltr'><em>acutis</em></span> <span class='ocrx_word' id='word_1_643' title='bbox 1332 2394 1365 2413; x_wconf 84' lang='lat' dir='ltr'><em>ex</em></span> <span class='ocrx_word' id='word_1_644' title='bbox 1390 2383 1587 2422; x_wconf 63' lang='lat' dir='ltr'><em>Hippocratis</em></span> <span class='ocrx_word' id='word_1_645' title='bbox 1613 2385 1761 2416; x_wconf 61' lang='lat' dir='ltr'><em>sententia.</em></span> 
     </span>
     <span class='ocr_line' id='line_1_51' title="bbox 135 2423 1764 2470; baseline 0.001 -15"><span class='ocrx_word' id='word_1_646' title='bbox 135 2427 188 2463; x_wconf 88' lang='lat'><em>96)</em></span> <span class='ocrx_word' id='word_1_647' title='bbox 212 2428 255 2457; x_wconf 87' lang='lat' dir='ltr'><em>De</em></span> <span class='ocrx_word' id='word_1_648' title='bbox 281 2429 468 2470; x_wconf 73' lang='lat' dir='ltr'><em>purgantium</em></span> <span class='ocrx_word' id='word_1_649' title='bbox 499 2426 780 2456; x_wconf 86' lang='lat' dir='ltr'><em>medicamentorum</em></span> <span class='ocrx_word' id='word_1_650' title='bbox 811 2423 957 2454; x_wconf 57' lang='lat' dir='ltr'><em>facultate.</em></span> <span class='ocrx_word' id='word_1_651' title='bbox 1019 2430 1073 2464; x_wconf 84' lang='lat'><em>97)</em></span> <span class='ocrx_word' id='word_1_652' title='bbox 1098 2429 1140 2456; x_wconf 90' lang='lat' dir='ltr'><em>De</em></span> <span class='ocrx_word' id='word_1_653' title='bbox 1171 2427 1308 2458; x_wconf 74' lang='lat' dir='ltr'><em>remediis</em></span> <span class='ocrx_word' id='word_1_654' title='bbox 1335 2434 1439 2468; x_wconf 81' lang='lat' dir='ltr'><em>paratu</em></span> <span class='ocrx_word' id='word_1_655' title='bbox 1467 2425 1598 2456; x_wconf 78' lang='lat' dir='ltr'><em>facilibus</em></span> <span class='ocrx_word' id='word_1_656' title='bbox 1625 2427 1692 2456; x_wconf 77' lang='lat' dir='ltr'><em>libri</em></span> <span class='ocrx_word' id='word_1_657' title='bbox 1712 2429 1764 2459; x_wconf 73' lang='lat'><em>111.</em></span> 
     </span>
    </p>
   </div>
   <div class='ocr_carea' id='block_1_4' title="bbox 94 2468 1764 2509">
    <p class='ocr_par' dir='ltr' id='par_1_4' title="bbox 94 2468 1764 2509">
     <span class='ocr_line' id='line_1_52' title="bbox 94 2468 1764 2509; baseline -0.005 -1"><span class='ocrx_word' id='word_1_658' title='bbox 94 2475 163 2508; x_wconf 76' lang='lat'><em>701.</em></span> <span class='ocrx_word' id='word_1_659' title='bbox 178 2476 214 2509; x_wconf 90' lang='lat' dir='ltr'><em>V.</em></span> <span class='ocrx_word' id='word_1_660' title='bbox 910 2470 934 2504; x_wconf 81' lang='lat' dir='ltr'>B</span> <span class='ocrx_word' id='word_1_661' title='bbox 947 2469 964 2503; x_wconf 90' lang='lat' dir='ltr'><em>b</em></span> <span class='ocrx_word' id='word_1_662' title='bbox 974 2468 993 2504; x_wconf 91' lang='lat' dir='ltr'><em>b</em></span> <span class='ocrx_word' id='word_1_663' title='bbox 1648 2475 1698 2507; x_wconf 65' lang='lat'><em>92»</em></span> <span class='ocrx_word' id='word_1_664' title='bbox 1721 2473 1764 2500; x_wconf 81' lang='lat' dir='ltr'><em>De</em></span> 
     </span>
    </p>
   </div>
  </div>
 </body>
</html>
