2013 2725
205 161 242 194 (οἵ
295 158 368 194 Lib.
381 157 450 194 IV.
468 169 491 192 c.
507 156 617 194 VIII.
671 154 973 197 SCRIPTORVM
1005 158 1179 197 IOSEPHI
1211 159 1447 217 VIRTVTES
1481 160 1546 199 ET
1580 163 1709 201 VITIA

1042 258 1081 292 C.

307 314 345 348 In
360 311 469 348 laudes
483 308 611 360 Iosephi
631 312 744 356 Flauii,
771 324 940 362 tamquam
958 312 1129 364 scriptoris,
1155 318 1188 352 in
1204 320 1313 364 paucis
1329 316 1420 359 clari,
1449 319 1502 364 qui
1523 325 1553 351 et
1577 314 1725 357 detestet,
1754 324 1785 349 et
1798 314 1925 359 doceat,

208 377 310 411 paene
327 378 442 400 omnes
458 362 664 400 consentiunt
679 376 819 409 vetereS,
847 369 1125 417 recentioresque,
1153 369 1396 418 quibuscunque
1415 368 1455 403 de
1469 381 1509 403 eo
1533 365 1689 415 loquendi
1706 365 1832 402 occasio
1850 365 1926 403 fuit.

207 414 386 451 Recensere
401 418 454 450 hic
471 415 526 450 issa
545 420 694 452 encomia
712 430 772 464 pro
789 417 918 453 instituti
933 421 1057 455 ratione
1073 417 1281 469 supersedeo,
1306 430 1339 455 vt
1362 419 1401 455 de
1424 420 1592 455 virtutibus
1613 417 1770 455 historicis
1797 416 1926 466 Iosephi

207 470 292 511 mei,
318 466 357 503 de
373 467 444 502 stilo
457 495 465 507 ,
488 465 650 509 fontibus,
677 478 724 515 et,
752 483 815 517 qua
831 472 867 504 iis
882 468 951 505 vsus
969 469 1024 512 sit,
1051 470 1134 514 fide,
1161 471 1200 507 de
1217 472 1424 512 auctoritate,
1453 481 1483 506 et
1498 470 1633 506 vtilitate
1648 469 1687 505 ad
1701 472 1848 505 criticum
1870 473 1929 504 im·

207 521 319 567 primis
334 529 429 567 atque
446 521 669 566 exegeticum,
695 523 729 555 in
746 525 785 556 V.
811 532 842 556 et
859 523 899 557 N.
917 523 960 557 T.
978 533 1066 558 textu
1088 523 1139 558 vel
1161 523 1378 562 restituendo,
1405 523 1456 558 vel
1479 520 1688 561 illustrando,
1713 519 1804 556 vsuui
1828 520 1927 570 paulo

208 569 369 618 copiosius
391 567 582 614 differendi,
610 572 723 607 locum
746 573 944 622 ampliorem
968 573 1141 611 nanciscar.

310 639 525 673 Graecitatem
544 649 574 673 et
588 638 780 674 historicum
798 637 956 676 scribendi
973 654 1076 690 genus
1098 644 1132 677 in
1156 640 1296 690 Iosepho
1318 640 1528 690 summopere
1548 639 1656 675 laudat
1684 642 1820 675 Ioannes
1838 639 1930 687 Aug.=

209 688 357 736 Ernesti,
382 691 472 724 cuius
501 693 534 725 in
556 692 616 725 hac
644 704 676 725 re
698 690 818 726 iudicio
838 706 941 729 nemo
964 696 1044 732 erit,
1077 696 1133 742 qui
1155 708 1223 729 non
1248 691 1459 737 adsentiatur,
1485 696 1521 728 in
1538 692 1823 728 Exereir.F1au.1.
1846 688 1929 740 Lips.

210 743 298 785 1756.
315 752 343 784 4
369 754 468 789 pura,
495 752 525 777 et
550 745 645 777 attica
670 741 753 778 adeo
773 747 946 791 graecitate
970 745 1063 781 illum
1085 748 1132 780 vti
1155 747 1218 784 ait,
1244 749 1304 787 ita,
1333 755 1364 780 vt
1380 744 1402 780 si
1420 744 1498 794 quid
1514 748 1546 779 in
1561 747 1629 779 eius
1646 741 1767 792 scripns
1782 751 1931 780 occurrat

209 795 317 828 minus
332 806 465 840 purum,
491 804 587 840 atque
600 807 639 828 ex
657 794 855 830 Hebraismo
870 796 1004 832 duetum
1017 828 1036 843 ,i
1055 796 1143 845 quod
1163 797 1406 843 PVernsdorfius
1423 801 1456 832 in
1472 796 1558 845 epist.
1573 794 1611 830 ad
1631 797 1810 838 Reiskjum,
1826 793 1931 830 Geda-

209 846 245 879 ni
263 854 351 889 1759.
368 843 458 888 data,
485 842 609 893 saepius
625 849 816 893 contingere
832 846 929 887 dicit,
956 846 1138 898 suspectum
1162 847 1222 883 esse
1245 848 1378 889 debeat,
1404 847 1646 895 videndumque
1668 845 1723 889 sit,
1752 861 1793 881 an
1813 860 1871 895 per
1892 845 1931 880 li·

211 895 288 929 bros
310 893 464 944 scriptos,
491 895 636 931 editosue
659 897 825 933 emendari
845 898 958 946 possit,
984 898 1142 949 siquidem
1167 901 1272 936 multa
1289 900 1450 949 exempla,
1476 903 1509 935 in
1525 901 1678 935 omnibus
1695 896 1762 933 fere
1778 900 1876 947 antiq.
1892 896 1931 932 li-

212 946 274 980 bris
291 943 387 981 facile
401 947 511 990 obuia,
539 946 697 990 doceant,
718 950 864 984 libraiios
882 949 1012 998 Iosephi
1029 965 1145 999 graeca
1158 965 1226 987 non
1242 964 1315 986 raro
1329 951 1368 986 ad
1385 951 1566 987 versionem
1590 948 1931 1000 septuagintauiralem

210 994 397 1038 refluxisse,
424 999 477 1032 vbi
496 998 682 1046 exquisitius
708 1000 803 1046 quid,
830 1014 868 1035 ac
887 1015 956 1037 non
973 1000 1065 1050 saepe
1082 1004 1232 1045 obuium,
1253 1014 1456 1050 occurreret,
1482 1013 1536 1037 aut
1551 1004 1603 1036 vbi
1625 997 1932 1040 hebraismus'vmd

212 1049 294 1083 bene
312 1061 426 1096 graece
441 1062 458 1082 a
473 1047 612 1097 losepho
627 1048 789 1097 expressus
807 1049 891 1086 esset·-
945 1055 1101 1088 Ceterum
1114 1081 1124 1095 ,
1150 1053 1237 1088 addit
1258 1054 1439 1093 limenius,
1466 1051 1641 1101 Iosephum
1666 1066 1764 1101 quain
1790 1055 1936 1087 maxime

212 1101 335 1135 imitari
355 1099 613 1144 Thucydidem,
636 1102 810 1146 Polybium
835 1102 972 1147 deinde,
995 1118 1054 1140 nec
1076 1108 1185 1140 minus
1209 1105 1398 1147 Platonem,
1426 1106 1704 1153 Xenophontem,
1732 1102 1932 1148 Demosthe-

213 1164 310 1190 nem,
337 1150 605 1198 Aristophanem,
632 1152 890 1202 Euripidemque
902 1169 971 1190 non
990 1169 1065 1190 raro
1081 1154 1211 1191 referre.
1264 1158 1396 1191 Interim
1414 1155 1597 1190 verosimile
1624 1170 1692 1192 non
1715 1154 1777 1195 est',
1804 1153 1932 1203 loseph'i

212 1202 324 1237 stilum
341 1202 440 1236 vbiuis
455 1216 472 1236 a
488 1205 570 1237 vitiis
586 1206 772 1238 immunem
789 1203 883 1246 ess'e,
899 1205 964 1242 siue
981 1210 1129 1255 proprias
1146 1221 1267 1242 vocum
1285 1206 1556 1254 significationes,
1585 1205 1651 1242 fine
1665 1220 1775 1242 earum
1800 1205 1933 1242 structu.

212 1267 285 1288 ram
302 1251 421 1302 species
437 1267 513 1289 curn
528 1267 659 1301 graecus
674 1253 783 1291 sermo
797 1256 855 1306 ipsi
869 1260 990 1306 patrius
1008 1272 1076 1293 non
1092 1257 1166 1294 esset
1180 1273 1240 1294 nec
1256 1261 1353 1294 etiam
1370 1272 1486 1295 omnes
1499 1256 1670 1308 scriptores
1689 1260 1829 1307 patriam
1852 1267 1948 1293 cete--

213 1308 331 1354 roquin
347 1305 499 1353 linguam
515 1304 642 1354 semper
657 1307 695 1341 ab
711 1311 803 1343 omni
821 1323 926 1345 naeuo
944 1323 1060 1360 puram
1082 1308 1241 1346 scribant„

312 1374 550 1421 Qaecumque
568 1382 678 1409 tamen
693 1378 766 1410 vitia
785 1375 948 1413 admiserit
966 1388 1079 1413 contra
1098 1392 1231 1426 graecae
1247 1377 1380 1426 linguae
1395 1379 1568 1427 puritatem
1580 1403 1589 1418 ‚
1604 1377 1688 1412 leuia
1704 1376 1782 1419 fi'nt,
1808 1374 1934 1413 necesse

217 1423 277 1464 est,
306 1423 394 1471 quod
410 1425 539 1459 Photius
556 1424 692 1460 idoneus
711 1428 771 1461 hac
789 1431 820 1462 in
839 1441 870 1462 re
886 1429 981 1464 iudex
1004 1444 1041 1465 ea
1057 1444 1125 1465 non
1142 1429 1392 1471 animaduertat,
1422 1427 1472 1464 sed
1488 1426 1644 1464 scribendi
1660 1442 1780 1476 genus,
1807 1442 1873 1478 quo
1899 1431 1934 1464 in

214 1475 302 1510 libris
319 1474 358 1510 de
372 1476 406 1509 Β.
429 1476 451 1509 Ι.
467 1477 581 1518 vritur,
606 1475 736 1525 copiose
754 1477 876 1515 laudat.
935 1479 1140 1517 Adfeciatam
1155 1480 1321 1516 hincinde
1344 1481 1497 1515 nonnihil
1517 1482 1697 1528 graecitatis
1721 1491 1752 1516 et
1773 1478 1934 1515 sermonis

216 1525 412 1573 elegantiam
430 1524 495 1574 ipse
516 1528 676 1563 Ernessius
695 1532 727 1563 in
743 1528 881 1578 Iosepbo
904 1544 1034 1579 carpere
1050 1533 1195 1574 videtur,
1224 1543 1318 1581 atque
1336 1535 1470 1580 Apionis
1488 1534 1521 1566 in
1544 1546 1618 1566 eum
1641 1529 1828 1574 censuram,
1850 1532 1934 1567 iusto

216 1577 347 1625 quidem
367 1579 578 1621 acerbiorem,
607 1593 646 1614 ex
661 1581 727 1616 hoc
742 1585 845 1629 capite
860 1582 1018 1619 excusare.
1072 1585 1137 1619 Alii
1154 1586 1215 1620 alia
1231 1588 1429 1633 vituperant,
1454 1582 1505 1618 sed
1520 1583 1570 1618 vel
1591 1585 1786 1625 minutiora,
1809 1583 1858 1619 vel
1873 1586 1935 1618 mi-

213 1641 274 1663 nus
290 1641 391 1675 aeque
416 1639 446 1664 et
461 1629 550 1671 iuste,
574 1629 598 1664 si
613 1634 777 1679 grauiora.
829 1636 931 1670 Recte
947 1635 1308 1672 omninoSebastianus
1323 1635 1476 1671 Castellio
1492 1636 1644 1683 operibus
1660 1633 1846 1682 Iosephinis‚
1865 1633 1935 1671 siue

215 1683 311 1714 resin
328 1680 387 1715 iliis
404 1681 534 1724 relatas,
561 1681 626 1718 sule
653 1683 778 1725 stilum,
806 1684 1051 1736 dictione-mque
1065 1701 1215 1735 graecam
1236 1686 1450 1737 speciaueris,
1478 1686 1634 1728 eandem,
1661 1701 1698 1722 ae
1722 1685 1934 1734 scriptoribus

213 1734 336 1778 graecis
361 1730 506 1779 profanis
530 1735 757 1770 auetoritatem
783 1736 944 1773 classicam
966 1740 1094 1781 tribuit,
1118 1740 1162 1774 ad»
1175 1753 1256 1788 quos
1280 1737 1396 1773 scholis
1420 1738 1638 1774 extrudendos
1660 1737 1786 1783 Moysis
1811 1738 1935 1774 institu-

212 1784 338 1817 tionem
354 1784 609 1831 graecolatinam
628 1800 665 1821 ex
684 1785 823 1836 Iosepho
841 1788 1027 1839 decerptam
1044 1790 1215 1832 ediderat,
1230 1800 1260 1826 et
1277 1803 1421 1838 magno,
1451 1802 1519 1824 turn
1536 1803 1725 1838 graecarum
1747 1789 1933 1826 nostrarum

211 1832 400 1869 scholarum
424 1836 628 1879 commodo,
657 1838 791 1874 tum-de
814 1839 939 1875 claffica
963 1840 1087 1889 Iosephi
1111 1845 1300 1891 graecitate,
1326 1853 1357 1877 et
1381 1841 1542 1884 dictione,
1570 1841 1772 1877 documento
1796 1843 1934 1876 luamus

213 1885 378 1931 Georgius·
399 1887 660 1934 'I'rendelenb'urg
681 1903 816 1937 graecae
842 1904 872 1927 et
896 1895 935 1928 O.
954 1896 992 1928 Ο.
1016 1894 1205 1942 linguarum
1230 1897 1263 1928 in
1290 1894 1416 1928 Gedan.
1437 1892 1611 1941 gymnasio
1636 1890 1817 1941 professor,
1844 1900 1933 1936 1789,

209 1936 335 1985 Lipsiae
350 1936 451 1972 edidit
470 1939 770 1976 Chrestomathiam
784 1943 972 1979 Flauianam
985 1973 994 1987 ,
1022 1945 1088 1980 liue
1107 1946 1199 1981 locos
1224 1945 1360 1980 illustres
1381 1947 1555 1993 praecipue
1572 1958 1610 1979 ex
1631 1945 1685 1979 lib.
1711 1943 1751 1979 de
1774 1945 1807 1980 B.
1825 1945 1849 1979 Ι.
1865 1943 1933 1979 col-

208 1988 344 2075 ξὸζοεψ
365 2001 405 2023 ex
427 1991 542 2038 quibus
564 1991 616 2026 vel
640 1989 715 2027 solis
740 1995 883 2038 constat,
918 1994 1014 2033 suum
1033 1995 1175 2048 losepbo
1195 2001 1277 2033 inter
1301 1999 1449 2046 optimos
1472 1995 1640 2032 historicos
1661 2009 1795 2045 graecos
1817 1995 1932 2031 locum

236 2054 250 2076 e
277 2053 331 2075 ert.

312 2105 438 2155 Qodfi
454 2106 493 2142 de
508 2107 573 2144 fide
588 2120 619 2145 et
635 2112 829 2148 auctoritate
842 2113 994 2150 historica
1011 2112 1141 2164 I'osephi
1158 2118 1333 2164 quaeritur,
1350 2114 1447 2151 facile
1462 2113 1626 2150 summam
1644 2117 1671 2149 ei
1686 2115 1785 2151 libros
1800 2113 1839 2150 de
1855 2115 1888 2149 B.
1907 2116 1931 2151 L

211 2156 372 2200 scribenti,
397 2159 534 2207 quilibet
552 2162 679 2205 tribuet,
708 2167 763 2211 qui
779 2168 985 2207 meminerit,
1012 2165 1058 2202 sui
1075 2169 1168 2203 illum
1189 2170 1345 2217 temporis
1365 2181 1430 2206 res,
1459 2167 1572 2214 quibus
1596 2164 1660 2215 {pse
1682 2167 1764 2202 testis
1788 2178 1818 2202 et
1841 2168 1932 2203 atstor

211 2208 377 2253 interfuit,
404 2221 478 2246 ante
496 2213 704 2259 popularium
720 2213 854 2251 suorum
879 2227 976 2265 atque
995 2220 1228 2254 Romanorum
1255 2220 1370 2255 oculos
1397 2216 1567 2267 scripsisse,
1594 2230 1624 2254 et
1652 2232 1734 2267 quae
1757 2215 1931 2266 scripseram

215 2265 363 2298 virorum
384 2261 505 2298 iudicio
529 2262 713 2309 subiecisse,
739 2280 883 2316 quorum
911 2269 1099 2306 testimonio
1121 2285 1284 2319 magnum
1307 2269 1378 2305 sane
1402 2268 1463 2305 suis
1485 2267 1609 2318 scriptis
1631 2272 1829 2306 auctoritatis
1850 2282 1946 2317 pon--

217 2311 443 2349 dus,aceeffit..
493 2314 670 2352 Difficilius
691 2318 765 2360 est,.
786 2319 904 2354 iussum
928 2322 1176 2370 archaeologiae
1199 2321 1390 2370 Iosephinae
1414 2324 1555 2370 pretium
1579 2321 1722 2357 statuere.
1774 2320 1872 2369 Qod
1897 2329 1946 2357 vt'

217 2366 660 2414 recte.siat;„explorandu111
679 2372 787 2418 prins,
814 2372 962 2420 quibus„
976 2383 1006 2408 et
1026 2387 1089 2422 qua
1111 2374 1174 2409 fide
1196 2372 1341 2409 fontibus
1365 2372 1433 2408 vsus
1455 2372 1515 2408 fit?
1566 2375 1657 2408 Num
1681 2372 1867 2408 hebraicum
1886 2372 1947 2406 hir

218 2416 619 2464 bliorumzcotiicem‚2an
643 2419 826 2461 versionem
846 2421 1207 2475 septuagintauiralem,
1245 2429 1279 2463 in
1302 2423 1537 2475 componenda
1558 2421 1704 2461 vniuersa
1726 2426 1830 2473 gentis
1857 2421 1947 2459 suae·

1795 2475 1948 2519 historin·
