2013 2725
178 99 243 130 440
297 79 576 119 Lih.b1'.c.XL.
786 74 925 112 mom(
952 71 1253 110 scmPTonM
1451 52 1464 57 “
1575 55 1890 123 ,Qxxmman

179 178 373 219 Choerilus,
406 171 624 212 AthenieniiS,
664 172 828 217 tragicus,
869 170 926 218 qui
948 168 1085 216 Olymp.
1102 169 1219 205 Lxlv.
1243 169 1275 201 in
1299 164 1393 203 scena
1413 177 1533 204 certare
1555 174 1681 220 coepit,
1715 170 1824 207 docuit
1844 169 1890 207 fa.

282 230 372 266 bulas
396 229 458 262 CL.
479 227 552 261 vicit
567 223 654 259 xm.
706 223 790 261 Hic,
818 230 851 256 vt
873 219 1007 270 quidam
1029 219 1179 263 tradunt,
1207 230 1237 255 et
1261 219 1427 256 laruarum
1450 230 1481 256 et
1498 221 1622 257 vestitus
1638 220 1751 258 scenici
1769 226 1894 272 primus

279 284 397 318 ‚anaor
419 276 490 313 fuit.

180 334 375 374 Choerilus,
413 330 560 365 Samius,
581 326 634 362 vel
650 322 796 367 iasensis,
825 334 878 359 aut
895 321 1200 365 Halicarnass‘ensis,
1235 322 1377 372 aequalis
1393 322 1543 367 Panyasis
1568 327 1598 359 'et
1621 322 1805 361 adolescens
1830 329 1895 362 iam

281 383 395 422 Persici
423 382 500 416 belli
530 377 747 426 temporibuS,
785 376 925 425 Olymp.
956 378 1085 412 LXXV.
1146 374 1238 411 Idem
1264 373 1373 410 seruus
1395 372 1488 410 fuisse
1514 375 1647 411 traditur
1673 378 1774 411 Samii
1797 381 1898 412 cuius·

282 438 377 477 dam,
411 431 522 468 forma
544 430 739 479 pulcerrima
754 427 934 477 praeditus:
972 437 1001 462 et
1017 429 1116 462 Samo
1133 424 1292 474 profugus
1310 440 1385 461 cum
1403 426 1598 469 Herodoto,
1625 427 1798 468 historico,
1820 442 1894 477 ope-

281 501 353 523 ram
377 485 487 529 daret,
515 483 694 517 litterarum
716 491 750 526 et<
771 481 975 528 eloquentiae
1002 492 1115 514 amore
1140 488 1250 526 captus
1274 475 1396 519 fuisse:v
1411 481 1499 513 cuius
1516 482 1611 514 etiam
1628 477 1786 516 amasium
1802 477 1895 516 fuisse

280 539 400 575 dicunt.
466 537 624 573 Animum
657 532 696 568 ad
728 534 892 581 poeticam
920 530 1044 579 adpulit
1064 540 1094 565 et
1114 531 1147 564 in
1167 528 1365 565 Macedonia
1383 529 1462 565 obiit
1475 530 1562 577 apud
1578 531 1790 572 Archelaum,
1817 541 1895 567 tunc

281 594 347 627 eius
371 601 494 637 regem.
553 583 684 633 Scripsit
713 584 874 619 vistim-iam
905 582 1060 629 aduersus
1081 583 1223 617 Xerxem
1244 592 1443 630 reportatam
1468 582 1507 617 ab
1534 582 1795 624 Atheniensibus,
1834 596 1897 631 pro

278 645 368 678 cuius
389 640 547 689 poematis
570 636 702 685 singulis
724 635 861 671 versibus
884 647 1020 669 aureum
1046 633 1194 673 staterem
1217 635 1351 682 accepit.
1406 636 1583 669 Decretum
1610 631 1736 682 insuper
1760 631 1839 674 fuit,
1865 644 1900 670 vt

276 706 398 744 poema
417 689 496 726 illud
513 703 589 724 cum
613 690 755 723 Homeri
774 686 971 722 carminibus
987 687 1184 722 recitaretur.
1216 686 1372 721 Lamiam.
1426 687 1467 719 Et
1485 685 1546 720 alia
1563 684 1722 734 quaedam
1739 688 1805 721 eius
1821 697 1900 736 poe-

280 756 370 782 mata
402 739 687 778 circumferuntur.

180 798 418 838 Choriambicis
446 792 585 830 versibus
608 790 762 839 Aesopias
784 788 909 827 fabulas
932 786 1052 837 scripsit
1073 787 1158 823 libris
1174 788 1211 822 X.
1237 788 1363 824 Babrias
1383 785 1435 823 seu
1453 788 1603 830 Babrius,
1629 786 1669 823 de
1685 801 1752 837 quo
1768 786 1872 838 supra.

178 848 331 900 Χορικὲς,
358 848 446 882 chori
467 846 535 879 dux
553 850 588 877 ct
609 841 767 888 magister.
820 841 914 875 Talis
934 837 994 874 fuit
1017 841 1188 886 Agathou,
1216 841 1271 886 qui
1293 839 1478 875 histrionica
1502 843 1666 881 carmina,
1696 838 1898 889 ὑποκριτικοὲ

280 901 388 949 μέλη,
415 892 621 943 composuit,
650 902 679 927 et
703 889 767 941 ipse
789 891 980 926 histrionem
1009 893 1040 924 in
1063 887 1154 924 scena
1180 893 1255 937 egit.
1289 888 1389 935 (infra
1414 893 1447 925 in
1470 893 1678 936 Myrmex.)—

182 967 281 1019 Xog²3v
311 961 439 1012 δίδωμι,
477 963 604 998 chorum
626 960 686 1001 do,
724 957 810 994 idem
838 957 923 994 valet
956 971 993 993 ac
1023 956 1130 1006 gloria
1152 955 1311 993 excellere
1331 971 1366 992 ac
1389 959 1527 992 vincere.
1581 958 1668 992 Nam
1690 955 1775 1005 apud
1801 958 1900 992 Athe.

283 1015 406 1054 nienses
429 1016 551 1050 comici
573 1022 603 1047 et
626 1013 739 1059 tragici
758 1021 874 1058 poetae
897 1012 1039 1044 chorum
1063 1008 1280 1056 impetrabant
1303 1021 1372 1044 non
1388 1021 1527 1053 omne83
1554 1005 1611 1044 ‘sed
1629 1008 1781 1045 clariores
1796 1008 1900 1058 digni.

281 1083 344 1120 que
366 1067 483 1106 habiti,
507 1064 682 1114 postquam
703 1065 776 1097 artis
799 1060 874 1096 suae
895 1059 1059 1110 specimen
1080 1057 1262 1096 edidissent.
1347 1061 1352 1065 “
1850 1080 1855 1083 ,

182 1137 298 1191 Χορὸς,
326 1138 359 1171 in
383 1131 522 1170 ecclesiis
545 1132 746 1166 cantantium
769 1139 889 1164 coetus.
956 1127 1176 1163 Ecclefiarum
1202 1128 1295 1163 chori
1316 1125 1409 1162 diuifi
1432 1124 1524 1161 fuere
1548 1129 1581 1161 in
1605 1125 1685 1162 duas
1699 1136 1803 1174 partes
1819 1136 1900 1163 tem-

284 1201 366 1239 pore
387 1184 587 1224 Constantii,
614 1181 820 1217 Constantini
838 1182 886 1216 M.
911 1179 989 1225 filii,
1027 1190 1057 1215 et
1073 1180 1236 1222 Flauiani,
1261 1177 1402 1227 episcopi
1424 1180 1636 1221 Antiochiae,
1672 1176 1819 1215 bifariam
1834 1181 1899 1215 Da.

280 1238 361 1275 vidis
382 1235 528 1286 psalmos
553 1243 712 1269 canentes
766 1235 831 1281 Qi
863 1245 936 1268 mos
958 1232 1013 1278 [if]
1039 1231 1358 1280 (antiphonarum),
1382 1231 1573 1266 Antiochiae
1588 1232 1736 1278 primum
1757 1242 1902 1280 coeptus,

281 1301 389 1328 totum
410 1298 568 1324 terrarum
593 1285 708 1321 orbem
736 1284 847 1332 possea
872 1282 1020 1332 peruasit„

182 1363 387 1401 Chosroem,
413 1368 527 1404 regem
552 1350 739 1394 Persarum,
766 1349 993 1399 depraedicant
1013 1347 1107 1398 supra
1127 1347 1223 1398 ipsius
1241 1350 1395 1384 meritum
1419 1360 1488 1384 non
1506 1357 1632 1384 tantum
1647 1345 1778 1391 Persae,
1800 1345 1852 1385 sed
1871 1358 1902 1386 et

284 1407 436 1447 nonnulli
461 1409 712 1445 Romanorum,
749 1413 783 1438 vt
805 1404 986 1439 litterarum
1016 1411 1200 1441 amatorem
1224 1402 1344 1450 quique
1367 1399 1406 1435 ad
1429 1397 1657 1448 philosophiae
1679 1400 1809 1437 nostrae
1835 1401 1902 1437 cul-

285 1475 363 1498 men
383 1456 531 1499 euaserit,
568 1469 644 1491 curn
667 1458 695 1491 ei
724 1456 915 1503 graecanica
944 1450 1062 1502 scripta
1090 1452 1129 1488 ab
1149 1456 1323 1501 interprete
1346 1452 1492 1501 quodam
1517 1454 1549 1486 in
1571 1451 1729 1500 perficam
1753 1451 1902 1501 linguam

287 1511 385 1549 essent
406 1507 578 1550 conuersa,
617 1511 658 1543 ita
679 1517 713 1542 vt
737 1505 945 1542 Aristotelem
976 1505 1093 1540 melius
1120 1503 1305 1547 edidicerit,
1344 1517 1444 1552 quam
1472 1502 1711 1543 Demosthenes
1731 1505 1905 1550 Thucydi.

286 1564 383 1605 dem,
427 1572 457 1596 et
481 1561 653 1610 platonicis
674 1558 881 1606 dogmatibus
902 1566 989 1592 totus
1012 1555 1086 1592 esset
1107 1554 1262 1597 refertus,
1308 1565 1342 1590 vt
1360 1569 1421 1591 nec
1443 1556 1605 1591 Timaeus
1623 1557 1695 1591 eius
1718 1555 1903 1605 intelligen-

287 1618 366 1653 tiam
390 1611 560 1661 effugerit,
587 1624 648 1646 nec
670 1609 824 1645 Phaedon
845 1622 906 1643 nec
929 1611 1068 1656 Gorgias
1083 1617 1144 1643 etc.
1170 1620 1210 1642 cx
1229 1606 1389 1653 Agathia.

184 1682 432 1724 Chrissodorus,
459 1676 581 1715 Panisci
595 1680 628 1714 F.
646 1690 685 1713 ex
703 1679 834 1725 Copto,
859 1675 935 1710 vrbe
949 1675 1113 1723 Aegypti,
1143 1682 1239 1721 poeta
1255 1675 1383 1721 epicus,
1407 1671 1560 1708 Anassafii
1583 1675 1663 1721 imp.
1686 1675 1900 1723 temporibus.
1935 1712 1937 1714 ,

284 1733 413 1783 Scripsit
437 1732 584 1791 qsaztrica
606 1731 696 1764 libi-is
715 1730 779 1765 VI.
802 1727 868 1763 siue
891 1725 931 1762 de
950 1723 1366 1784 Isauriae'expugnatione,
1388 1725 1427 1759 ab
1447 1723 1612 1760 Anastasio
1627 1723 1732 1770 facim
1759 1723 1903 1780 Ποίτριω

285 1785 352 1821 siue
378 1785 530 1833 Origines
554 1782 688 1822 CPuIis,
714 1778 855 1815 Verslbus
871 1780 1012 1813 heroicis
1028 1778 1118 1811 lthrzs
1130 1777 1220 1812 XII.
1244 1776 1404 1822 Origenes
1434 1776 1653 1822 Theffalozices
1673 1778 1764 1812 libris
1777 1779 1902 1815 XXV.

283 1838 435 1884 Origines
458 1834 573 1869 Nacles
601 1845 704 1881 prope
726 1829 958 1879 Heliopolim,
986 1832 1019 1863 in
1042 1840 1105 1877 qua
1126 1825 1198 1862 sunt
1219 1829 1360 1876 Aphaca.
1418 1827 1572 1871 Origines
1594 1829 1722 1871 Mileti,
1749 1830 1835 1865 vrbis
1853 1833 1904 1866 10.

285 1892 368 1925 niae.
423 1887 578 1934 Origines
606 1884 776 1919 Trallizim.
818 1879 982 1929 *Origines
1004 1880 1256 1930 Aphrodistadis.
1307 1878 1485 1930 Ecplzrafin
1505 1878 1572 1915 fiue
1593 1880 1904 1929 defiriptiono'msta-

285 1948 417 1975 tuarum
439 1942 472 1973 in
492 1936 652 1984 gymnafio
678 1936 859 1980 Zeuxippi,
886 1944 917 1969 et
937 1933 998 1968 alia
1020 1931 1133 1968 multa.

186 2006 442 2055 Chrystrnthius,
466 2003 656 2045 Sardianus,
682 2000 917 2052 philosophus,
943 2013 1043 2049 quem
1067 1998 1211 2036 lulianus
1231 2011 1290 2047 per
1311 1997 1431 2034 litteras
1455 1996 1622 2034 arceffiuit.
1674 1998 1733 2036 Ille
1750 2012 1829 2038 vero
1843 1998 1903 2039 suo

288 2059 369 2096 loeo
389 2056 525 2103 mansit,
552 2071 570 2091 a
587 2069 668 2091 vana
690 2054 796 2103 gloria
817 2053 993 2098 alienus-et
1016 2050 1129 2087 diuino
1154 2060 1234 2086 nutu
1257 2052 1371 2086 omnia
1392 2047 1524 2089 faciens.
1575 2051 1632 2086 Ex
1653 2052 1816 2099 Eunapio.

190 2136 414 2186 Chrysippus,
443 2131 660 2181 Apollonidae
679 2133 712 2166 F.
731 2129 881 2173 Solenfis,
903 2129 956 2165 vel
970 2126 1155 2171 Tarsensis,
1183 2125 1416 2176 philosophus,
1437 2124 1610 2175 discipulus
1625 2127 1800 2171 Cleanthis,
1828 2128 1902 2178 post

292 2201 390 2237 quern
413 2186 529 2223 stoicae
552 2182 681 2219 scholae
703 2180 861 2232 praefuit,
887 2192 917 2217 et
941 2182 1022 2217 obiit
1047 2183 1155 2217 aetatis
1178 2192 1262 2215 anno
1286 2180 1425 2214 LXXIII.
1448 2180 1490 2214 ob
1512 2179 1661 2215 haustum
1690 2180 1814 2216 auidius
1832 2194 1901 2218 me.

293 2253 367 2275 rum
386 2240 541 2285 vertigine
556 2245 743 2283 correptuS,
774 2235 843 2275 vel,
879 2244 913 2268 vt
937 2233 1007 2275 alii,
1032 2234 1074 2268 ob
1098 2235 1239 2268 nimium
1263 2228 1362 2266 risum
1390 2230 1530 2279 Olymp.
1553 2233 1698 2268 CXLIII.
1751 2230 1903 2267 Conscri-

293 2291 352 2340 psit
373 2290 470 2325 libros
493 2289 599 2336 plures
623 2299 721 2335 quarn
746 2288 851 2322 DCC.
871 2283 1137 2334 philosophicos,
1164 2284 1335 2321 hissoricos
1355 2292 1385 2319 et
1399 2285 1643 2333 grammatIcos.
1693 2284 1901 2334 sophismata

290 2341 452 2392 quaedam
477 2338 654 2388 Chrysippi
677 2336 791 2374 Suidas
815 2335 918 2383 adfert
940 2350 957 2373 e
972 2338 1110 2373 Laertio.

1851 2385 1952 2424 Ad*
