2049 2720
755 82 1015 121 EDITIONES.
1257 85 1328 121 Lib.
1345 84 1414 122 IV.
1430 98 1453 121 c.
1468 87 1630 123 XXXII.
1708 101 1747 133 37

29 186 116 220 Inter
131 196 167 218 ea
189 193 277 218 noua
299 178 421 230 prodiit
444 177 562 220 editio,
600 193 617 214 a
639 181 745 215 nitore
770 179 899 215 chartae
921 188 953 215 et
974 189 1133 227 typorum
1158 181 1278 228 magis,
1320 193 1419 230 quam
1445 181 1484 216 ab
1507 180 1691 219 eruditione
1713 192 1744 218 et

23 234 196 284 'sagacitate
219 236 339 281 ingenii
364 231 658 267 commendabilis:

129 331 215 366 Aelii
240 329 396 377 Aristidis
419 331 630 378 Adrianenfis
657 330 765 376 Opera
789 331 911 364 omnia:
933 341 1044 375 graece
1065 336 1095 364 et
1116 330 1234 370 latine,
1259 332 1290 364 in
1305 331 1367 366 duo
1384 333 1541 366 volimu'na
1557 331 1739 376 distributa.

28 383 106 420 Cum
133 385 220 418 noris
247 390 278 417 et
313 383 578 417 emendationibus
607 382 699 417 Guil.
722 381 876 420 Canteri,
916 379 1080 425 Tristam',
1119 381 1291 421 Palm-ii,
1339 383 1377 416 T.
1399 384 1516 422 Fabri,
1552 384 1741 428 Spanlzemii,

28 435 229 470 Norrmanni
246 441 276 468 et
299 435 407 468 Lami).
432 434 535 477 Bofiz:
558 433 711 467 adiunffis
734 433 865 478 insuper
892 438 1031 466 veterum
1042 433 1173 478 scholiis
1198 440 1229 467 et
1246 434 1479 479 prolegomenis
1506 437 1634 480 Sopatri
1653 435 1743 480 Apa-

26 487 164 532 memſss,
196 487 234 519 ab
256 487 417 520 erroribus
440 478 480 519 ti
496 486 671 529 plurimum
692 486 902 531 repurgatis,-
932 495 1048 529 graeca
1077 496 1144 518 tum
1168 487 1276 518 mrstis
1297 486 1384 519 codd.
1410 489 1510 520 variis
1532 493 1561 521 ct
1583 485 1743 531 prm-stan-

26 537 143 583 tiffi'mis
164 538 298 571 collata:
320 536 475 580 recensuit
497 543 526 570 et
549 535 717 582 obser-uait.
731 536 811 582 suas
836 536 947 570 adiecit
971 536 1098 570 Samuel
1123 537 1206 570 Jehb.
1230 581 1232 583 ‚
1259 537 1382 570 Oxonii
1405 549 1422 571 e
1438 539 1563 571 theatro
1587 537 1743 572 Sheldon.

25 588 92 624 vol.
108 589 133 623 I.
160 599 243 631 1722.
268 600 296 630 4.
332 587 395 622 vol.
413 588 451 620 11.
474 599 562 630 1730.
583 600 612 631 4.
647 585 798 634 impensis
824 585 942 624 Dauid.
976 587 1084 631 Lyon.
1136 585 1236 622 Conf.
1260 589 1330 623 aaa
1354 587 1469 624 erudit.
1495 587 1575 636 Lips
1603 602 1630 623 a.
1653 601 1742 632 1724.

24 651 98 688 pag.
116 650 181 684 425.
206 649 237 674 et
259 653 285 674 a.
304 650 380 683 ¹73¹·
411 637 486 686 pag.
511 642 556 683 56.
582 649 677 686 atque
699 639 850 673 Clement.
876 636 952 672 bibl.
976 650 1042 672 cur.
1065 648 1123 673 etc.
1147 648 1230 674 tom.
1248 639 1286 673 ΙΙ.
1313 652 1387 687 pag.
1408 647 1451 679 81.
1477 637 1540 687 seq.
1594 641 1743 675 Multum

17 690 156 739 'q'uidem
179 689 326 725 adhibuit
349 689 535 737 diligentiae
554 691 588 723 in
615 689 827 737 colligendis,
872 702 954 738 quae
974 687 1015 723 ad
1039 689 1305 725 emendationem
1329 702 1424 740 atque
1443 693 1744 737 interpretationem

21 741 188 782 facerent,
226 739 376 776 subsidiis.
441 743 527 776 Nam
561 752 686 789 praeter
722 739 843 776 scholia
873 751 904 775 et
935 742 1066 776 Canteri
1091 753 1185 776 notas
1206 752 1237 777 et
1258 743 1437 789 praefixam
1462 741 1606 777 Aristidis
1630 744 1743 784 vitam,

24 807 44 830 a
58 791 227 828 Maffonio
250 793 347 828 dodle
362 791 599 839 compositam,
626 794 732 826 varios
752 806 788 827 ex
804 791 949 826 Trissnni
972 792 1177 841 aliorumque
1192 796 1223 827 in
1239 791 1348 828 fronte
1365 805 1625 829 memoratorum
1643 795 1682 830 V.
1699 796 1743 829 D.

24 845 176 894 operibus
198 846 274 879 hinc
295 843 369 878 inde
391 842 559 892 decerptos
581 843 668 878 dedit
692 842 806 881 fiores,
832 853 913 878 etex
928 842 1111 887 codicibus,
1136 845 1338 880 Coisliiiiano
1353 855 1448 894 atque
1462 845 1667 893 Anglicanis‚
1690 845 1742 880 ad-

25 895 98 931 tulit
117 896 266 931 lediiouis
288 897 492 935 varietatem,
529 905 560 930 et
582 894 674 942 plura
700 894 902 929 emendauit:
928 906 1090 942 praeterea
1110 894 1237 931 duobus
1260 898 1416 943 exemplis
1436 896 1511 932 edit.
1535 898 1742 932 florentinae

25 945 98 982 vsus
121 946 184 989 est,
205 959 347 995 quorum
371 946 509 980 alterum
535 960 553 980 a
568 946 720 980 Federico
747 946 895 981 Morello
918 959 994 980 cum
1017 958 1119 981 mssto
1146 960 1186 981 ex
1210 958 1297 994 parte
1313 947 1470 983 collatum
1491 959 1575 990 erat,
1601 949 1740 983 alterum

22 1000 110 1035 notis
133 997 326 1047 quibusdam
351 997 586 1045 marginalibus
612 997 652 1032 ab
676 995 784 1032 Isaaco
808 996 1004 1032 casaubono
1027 997 1232 1033 illustratum.
1287 1000 1324 1033 In
1345 1003 1431 1034 notis
1454 1010 1549 1048 atque
1570 997 1740 1035 obseruatt.

23 1059 120 1086 tomo
141 1048 235 1084 alteri
255 1051 404 1090 adnexis,
430 1048 534 1083 multa
557 1049 637 1083 bene
660 1048 821 1096 dodieque
842 1049 1011 1097 explicuit.
1073 1048 1235 1084 Praemisit
1258 1059 1338 1088 tom.
1356 1052 1378 1084 I.
1402 1050 1519 1086 iudicia
1544 1049 1584 1086 de
1604 1049 1741 1086 Aristide

22 1099 157 1148 superba
179 1110 210 1135 et
233 1111 378 1135 veterum
405 1110 436 1134 et
456 1103 686 1135 recentiorum.
739 1103 781 1134 At
805 1102 891 1135 enim
927 1101 1092 1148 permulta
1122 1099 1226 1135 deesse
1256 1100 1296 1135 ad
1327 1100 1505 1137 editionem
1534 1115 1603 1137 non
1632 1102 1741 1137 dicam

23 1151 223 1192 absolutam,
251 1149 303 1187 sed
325 1150 546 1200 probabilem,
574 1154 665 1185 cuius
688 1152 818 1186 virtutes
842 1149 1061 1197 respondeant
1083 1162 1220 1186 externo
1242 1149 1415 1198 splendido
1435 1153 1554 1193 cultui7
1583 1157 1646 1188 iam
1669 1153 1739 1202 plu·

21 1217 72 1240 res
94 1200 264 1239 senserunt.
317 1205 428 1237 Nemo
451 1212 558 1237 tamen
581 1204 730 1250 grauius,
765 1212 795 1237 et
819 1200 929 1237 forsan
955 1215 1061 1250 aequo
1083 1202 1228 1237 acerbius
1249 1202 1288 1237 de
1312 1204 1421 1239 Iebbio
1448 1207 1579 1252 eiusque
1597 1204 1740 1240 editione

22 1255 194 1295 indicauit,
219 1267 318 1303 quam
345 1254 454 1288 Reiske
477 1256 509 1288 in
532 1252 632 1302 praes.
650 1253 690 1288 ad
707 1252 771 1289 vol.
790 1255 845 1289 lII.
863 1252 1089 1288 animaduerff.
1108 1267 1139 1301 p.
1156 1255 1243 1289 VIII.
1262 1252 1328 1303 sqq.
1355 1258 1500 1301 (notatus
1515 1255 1590 1290 ideo
1607 1271 1624 1291 a
1641 1258 1740 1292 Com.

21 1306 206 1350 Rewiczky
226 1309 259 1341 in
283 1305 356 1342 bibl.
380 1318 428 1354 gr.
446 1316 476 1340 et
490 1305 546 1340 lar.
568 1318 640 1354 pag.
658 1307 726 1349 67.)
780 1306 808 1339 Is
836 1317 913 1340 vero
936 1316 1028 1340 acute
1052 1304 1171 1340 iudicat
1193 1305 1233 1341 de
1257 1308 1390 1354 ingenio
1414 1318 1445 1342 et
1466 1307 1654 1356 eloquentia
1672 1310 1741 1342 Ari.

22 1357 129 1398 ssidis,
156 1371 298 1406 eumque
322 1367 395 1404 apte
410 1368 582 1404 comparat
598 1370 674 1391 cum
692 1356 925 1392 Demosthene.
979 1353 1048 1404 Ipse
1066 1356 1197 1398 Rastia,
1221 1356 1362 1392 editurus
1379 1357 1563 1400 Aristidem,
1585 1359 1679 1408 plura
1694 1373 1741 1394 re·

23 1409 118 1458 liquit
145 1410 314 1444 volumina
336 1408 447 1457 praelo
467 1420 594 1457 parata:
626 1410 716 1443 n.11.
738 1407 817 1446 voll,
840 1407 889 1444 ed.
913 1409 1099 1446 Iebbianae‚
1133 1411 1193 1443 tria
1217 1409 1295 1444 voll.
1315 1409 1514 1445 ineditorum
1538 1423 1584 1458 gr.
1608 1409 1743 1446 scholia·

22 1461 160 1502 flatum,
202 1474 303 1496 vnum
326 1459 505 1503 volumen,
550 1457 639 1509 quod
663 1462 809 1495 continet
830 1463 931 1495 varias
954 1459 1110 1495 leeiiones
1134 1473 1173 1495 ex
1197 1459 1324 1495 duobus
1347 1461 1444 1496 codd.
1469 1464 1604 1497 Monac.
1627 1463 1740 1497 Bauer.

22 1521 54 1549 et
74 1515 172 1548 tribus
188 1513 486 1553 Meermannianis‚
520 1511 646 1546 abeius
665 1524 767 1546 vxore
784 1522 968 1560 excerptas,
996 1510 1136 1560 denique
1153 1525 1255 1546 nouas
1274 1512 1590 1555 animaduersiones,
1630 1527 1739 1548 emen-

23 1564 104 1600 datis
129 1576 260 1612 quoque
282 1566 338 1604 iis,
383 1575 462 1612 quas
484 1577 511 1597 a.
531 1567 613 1607 1761.
637 1565 670 1597 in
687 1563 797 1597 lucem
816 1560 973 1598 emiserat.
1001 1576 1030 1598 v.
1049 1564 1166 1597 Reiskz'i
1186 1566 1303 1602 vitam,
1330 1562 1453 1611 Lipfiae
1470 1573 1552 1607 1783.
1571 1572 1600 1604 8.
1621 1578 1655 1612 p.
1675 1577 1740 1608 172.

22 1617 73 1652 vbi
101 1615 192 1663 plura
219 1615 302 1650 beati
326 1617 383 1650 viri
408 1625 529 1656 mssta,
563 1614 603 1648 ad
620 1617 769 1650 audlores
785 1627 835 1661 gr.
856 1616 1071 1662 pertinentia,
1094 1613 1315 1663 designantur.
1369 1614 1470 1651 Conf.
1496 1616 1571 1651 ibid.
1587 1616 1742 1665 epistolae

21 1666 62 1703 ad
83 1668 249 1703 Reiskium
272 1680 347 1716 pag.
370 1668 440 1713 196.
458 1662 503 1715 sq.
527 1677 598 1701 202.
617 1663 661 1715 sq.
683 1677 758 1711 205.
777 1664 822 1716 sq.
841 1675 871 1700 et
893 1678 959 1702 212.
988 1665 1088 1701 Harl.

125 1774 293 1810 Editiones
319 1787 357 1808 ac
381 1773 545 1810 versiones
571 1774 772 1823 singularum
797 1772 1016 1823 quarumdam
1041 1774 1196 1821 Aristidis
1221 1777 1432 1816 orationum,
1469 1785 1501 1812 et
1516 1777 1675 1813 librorum
1700 1775 1741 1811 de

23 1825 111 1862 ciuili
135 1840 172 1862 ac
202 1825 337 1875 finiplici
361 1824 522 1868 dielione,
549 1823 643 1874 supra
666 1830 700 1862 in
722 1824 909 1862 recensione
933 1825 1130 1873 scriptorum
1153 1826 1317 1862 editorum
1333 1826 1478 1862 Aristidis
1496 1826 1554 1863 suo
1569 1829 1646 1863 loco
1663 1840 1739 1863 con-

14 1877 231 1928 'fignauimus
291 1877 385 1912 Plura
418 1876 560 1911 Aristidis
585 1879 658 1913 loca
683 1877 819 1913 illustrat
842 1878 992 1912 Ezechiel
1012 1878 1219 1923 Spanlzemius
1245 1881 1277 1912 in
1301 1880 1592 1914 Exercitationibus
1620 1878 1661 1914 de
1684 1877 1739 1913 vsu

21 1944 61 1966 ac
83 1928 268 1978 praestantia
292 1925 550 1969 numismatum,
576 1940 607 1964 et
629 1929 698 1964 aliis
724 1927 843 1977 scriptis
870 1927 932 1963 suis
959 1928 1184 1963 eruditiffimis.
1211 1931 1334 1968 Fabric,
1386 1931 1504 1966 Reiskii
1519 1941 1616 1979 atque
1638 1931 1740 1965 Abre-

15 1982 96 2029 sckii
119 1980 243 2016 labores
260 1990 291 2016 et
310 1981 508 2015 coniec'luras
525 1984 589 2016 iam
608 1978 700 2029 supra
714 1980 927 2016 laudauimus.
981 1979 1046 2014 Alii
1064 1993 1140 2015 vero
1158 1983 1230 2019 VV,
1252 1982 1327 2016 DD.
1345 1980 1527 2029 periculum
1546 1980 1694 2018 fecerunt
1707 1991 1738 2017 et

22 2033 103 2070 locis
138 2031 278 2067 Aristidis
308 2031 424 2066 luxatis
452 2041 506 2067 aut
537 2035 697 2079 corruptis
724 2032 886 2067 medicam
918 2044 1056 2066 manum
1085 2031 1237 2068 adhibere
1265 2032 1468 2068 studuerunt:
1516 2047 1542 2068 e.
1567 2047 1598 2083 g.
1643 2035 1738 2068 Lam-

23 2086 130 2119 bertus
162 2084 232 2131 B‘Zst
262 2086 294 2117 in
328 2082 517 2119 animaduu.
554 2086 587 2118 in
620 2082 790 2131 scriptores
814 2096 969 2130 graecos,
1006 2084 1299 2131 Franecker.i715.
1329 2092 1359 2126 8.
1400 2097 1475 2132 pag.
1505 2089 1642 2131 69-75.
1683 2085 1738 2120 alii

23 2139 82 2170 viri
113 2133 198 2169 doc'li
228 2134 341 2184 paffitn
362 2143 543 2173 tentarunt,
570 2134 803 2175 emendarunt,
830 2144 883 2169 aut
905 2134 1102 2170 illustrarunt
1128 2135 1221 2183 plura
1238 2136 1385 2182 Aristidis
1411 2136 1501 2181 ioca,
1535 2151 1561 2173 e.
1577 2150 1608 2185 g.
1632 2138 1736 2172 Hem-

22 2183 151 2223 ssethus.
175 2185 213 2221 ad
239 2188 438 2227 Lucumoni,
486 2187 676 2222 Valckenar.
709 2186 748 2221 ad
779 2185 993 2221 Herodotum
1022 2187 1072 2222 ed.
1097 2182 1232 2222 Wesse'l.
1255 2196 1287 2223 et
1310 2187 1350 2223 ad
1373 2187 1539 2234 Euripidis
1565 2189 1736 2235 Hippoly-

24 2246 112 2278 tum.
143 2237 291 2273 Doruille
305 2237 343 2272 ad
362 2239 562 2280 mairona,
589 2239 722 2286 Lennep
745 2238 784 2274 ad
801 2237 990 2273 Phalaridos
1015 2238 1182 2279 epistolas,
1210 2239 1303 2274 Koen
1319 2239 1358 2274 ad
1383 2242 1533 2274 Corinth.
1555 2249 1734 2287 grammat.

22 2288 158 2325 Bernard
180 2300 209 2324 et
232 2289 343 2335 reliqui
367 2291 554 2335 in²erpretes
576 2289 615 2324 ad
640 2292 812 2325 Thomam
837 2289 1054 2337 Magistrum,
1092 2303 1147 2339 qui
1181 2291 1286 2326 multa
1305 2289 1450 2327 laudauit
1474 2290 1619 2326 Aristidis
1649 2291 1734 2333 loca,

23 2341 244 2387 Wyttenbach
266 2341 306 2376 ad
327 2341 490 2377 Plutarchi
509 2341 565 2377 lib.
589 2340 629 2377 de
653 2343 684 2377 S.
699 2343 740 2378 N.
756 2345 795 2378 V.
820 2342 935 2390 Toup.
959 2340 1132 2377 emendssaer.
1155 2342 1194 2377 ad
1217 2342 1352 2378 Suidam
1373 2352 1405 2378 et
1432 2339 1639 2387 Hesychium
1664 2343 1733 2378 alii.

1058 2395 1085 2428 E
1114 2405 1131 2436 3
1669 2407 1732 2443 que
