2013 2725
172 173 219 215 ’ἵο
321 159 598 202 Lib.1V.e.1X.
735 158 955 196 EPICTETI
985 158 1182 194 CODICES
1214 157 1353 195 MssTt
1678 160 1899 195 vot.111.p.262

277 265 315 298 In
338 260 466 296 Stobaei
487 255 665 304 florilegio
688 252 877 302 frequentet·
899 252 1048 289 laudatur
1071 255 1210 303 Epid'teti
1237 250 1467 293 Encliiridion.
1495 252 1571 289 iicet
1591 266 1631 289 ex
1656 254 1713 291 illo
1737 254 1900 304 produda

175 315 249 352 loca
271 311 434 362 quaedam
459 313 506 345 vel
529 308 626 357 plane
647 321 715 342 non
737 307 888 355 legantur
911 307 944 340 in
968 305 1099 348 libello,
1135 306 1236 353 qualis
1262 307 1362 340 hodie
1383 304 1480 340 exstat
1507 317 1537 340 et
1562 307 1665 354 qualis
1686 322 1705 342 a
1729 308 1899 356 Simplicio

175 369 371 416 exponitur,
399 362 450 397 vel
472 364 565 396 anites
592 357 708 407 scripta
728 361 917 393 habeantur.
969 356 1064 392 Vnde
1089 356 1248 392 Salmalio
1270 356 1450 406 aliquando
1472 359 1504 391 in
1525 367 1670 392 mentem
1694 362 1779 394 venit
1804 357 1903 408 suspi-

175 421 263 461 cari,
289 419 367 452 duas
389 414 546 449 editiones
568 409 737 446 enchiridii
763 406 903 445 diuersas
925 409 965 444 ab
985 411 1124 443 Arriano
1145 407 1244 445 factas
1267 406 1349 451 else,
1374 421 1514 457 quarum
1532 410 1565 443 in
1588 409 1684 444 aliam
1701 411 1903 458 Simplicius,

178 473 214 508 in
239 470 336 503 aliam
359 469 515 502 Siobaeus
536 463 695 498 inciderit.
754 465 927 509 Vtcunque
952 459 1005 496 isia
1028 458 1057 495 se
1082 460 1221 501 habent,
1262 459 1421 495 editiones
1442 472 1473 496 et
1497 463 1779 508 interpretationes
1800 461 1903 498 libeni

180 523 291 558 eximii
316 518 387 554 sunt
409 514 661 567 propemodum
688 511 948 548 innumerabiles.
976 512 1103 547 Fabric.
1129 531 1176 539 —
1203 512 1275 547 Cel.
1292 513 1402 560 Heyne
1418 514 1451 547 in
1468 511 1594 561 proleg.
1611 511 1650 547 ad
1669 509 1758 548 suam
1775 513 1848 548 edit,
1866 513 1904 548 u„

178 575 317 621 Epicteti
342 582 416 620 pag.
435 569 571 602 xxviii
590 564 657 615 sqq.
685 579 754 600 non
779 565 847 599 vult
868 564 949 598 stare
969 578 987 599 a
1010 563 1152 610 partibus
1178 562 1348 605 Szssmalii,
1376 574 1406 598 et
1430 563 1617 611 duplicem,
1639 563 1723 599 vnde
1745 566 1829 600 mira
1850 563 1906 599 illa

178 625 363 663 lectionum
386 618 548 656 diuersitas
570 618 729 656 manarit,
767 614 896 652 fontem
921 613 1148 662 inuestigando
1173 614 1304 663 detegit.
1364 616 1513 650 Primum
1536 625 1607 650 orta
1629 615 1673 650 est
1695 615 1750 651 ffla
1772 618 1906 651 varietas

182 691 221 713 ex
245 690 302 717 eo,
331 672 437 722 quod,
465 683 564 719 quum
587 673 651 704 hoc
672 668 876 703 enchiridion
898 680 959 716 pro
980 667 1065 701 libro
1089 663 1163 702 esset
1187 665 1395 708 memoriali,
1418 666 1512 716 quod
1533 664 1780 704 circumferrent
1798 668 1908 703 homi-

182 742 260 768 nes,
285 725 440 776 quodque
465 722 592 758 summa
612 721 779 756 doctrinae
802 719 920 754 stoicae
944 721 1128 754 contineret
1151 721 1279 766 capita,
1307 718 1402 753 multi
1427 719 1531 753 multa
1553 721 1584 752 in
1609 721 1756 767 margine
1780 717 1910 754 adleue-

183 790 280 819 runt,
314 791 395 826 quae
416 789 496 810 mox
520 789 538 809 a
560 773 714 814 librariis,
750 773 805 820 qui
829 770 998 819 exemplar
1019 768 1259 812 describebant,
1300 772 1333 804 in
1359 767 1422 817 ipsa
1443 767 1631 819 philosophi
1653 771 1749 805 verba
1771 768 1843 805 sunt
1864 782 1912 806 re.

184 844 300 880 cepta3
338 827 443 867 vnde,
477 826 548 860 aliis
579 822 725 865 testeus,
765 823 835 857 aliis
866 821 972 857 rursus
1002 821 1136 867 additis,
1175 823 1257 856 mira
1286 818 1498 869 discrepantia
1525 832 1615 864 orta,
1653 819 1747 857 facile
1774 821 1910 869 intelligi

186 882 300 934 potest.
355 882 465 927 Itaque
487 881 521 912 in
543 879 665 911 Ioanne
687 875 827 910 Stobaeo
850 872 1012 909 nonnulla
1031 872 1201 908 laudantur
1220 873 1332 910 aliter,
1358 887 1396 908 ac
1420 876 1452 909 in
1475 873 1605 921 vulgata
1628 873 1770 910 lectione
1795 873 1913 908 haben-

186 946 255 973 tor,
283 943 314 968 et
329 932 479 980 Epidieto
501 929 683 964 tribuuntur
702 926 783 968 alia,
809 938 893 974 quae
918 938 977 960 nec
994 926 1026 959 in
1043 927 1191 967 Arriano,
1212 937 1272 959 nee
1288 927 1322 959 in
1340 926 1490 975 Episteto
1507 928 1729 972 reperiuntur:
1756 938 1837 974 quae
1856 922 1913 959 sub

187 985 420 1022 sententiarum
442 983 684 1028 Epidietearum
705 980 842 1012 nomine
864 977 945 1011 bene
972 989 1012 1011 ex
1034 989 1075 1011 eo
1100 976 1172 1023 post
1193 974 1275 1011 alios
1298 977 1434 1024 collegit
1451 975 1667 1019 mamardus,
1693 987 1765 1011 tum
1784 976 1916 1011 Meibo·

189 1042 293 1077 mius,
319 1036 509 1083 repetiitque
532 1033 693 1079 thonus.
748 1027 840 1062 Alter
860 1025 1005 1062 diuersae
1029 1026 1180 1061 lectionis
1203 1024 1280 1061 fons
1304 1031 1395 1062 ortus
1420 1027 1464 1061 est
1489 1041 1525 1062 ex
1551 1024 1718 1062 sedulitate
1736 1030 1915 1063 hominum

189 1089 455 1125 christianorum,
494 1085 550 1132 qui
577 1081 616 1116 ad
650 1082 818 1127 puriorem
845 1077 1032 1115 doctrinam
1058 1078 1217 1126 refingere
1241 1077 1416 1113 voluerunt
1437 1081 1500 1114 hoc
1526 1078 1741 1114 enchiridion.
1798 1081 1848 1114 Ex
1873 1090 1916 1114 eo

190 1153 309 1191 genere
332 1137 376 1173 est
401 1138 431 1170 S.
452 1135 520 1169 Nili
546 1130 749 1168 enchiridion
763 1133 807 1177 η)
829 1141 860 1165 et
886 1133 930 1171 is,
955 1142 1054 1178 quem
1075 1127 1312 1174 paraphrasten
1334 1129 1519 1179 adpellant,
1547 1132 1615 1165 hoc
1635 1130 1696 1165 est:
1721 1127 1827 1180 ipsum
1852 1132 1916 1165 En,

191 1190 374 1230 chiridion‚
405 1185 448 1223 ad
471 1184 661 1222 christianae
681 1181 849 1218 doetrinae
870 1178 1053 1217 formulam
1076 1179 1385 1217 adcommodatum.
1438 1179 1570 1229 Insuper
1594 1185 1627 1216 in
1651 1181 1728 1218 bibl.
1751 1180 1917 1227 Medicea,

191 1239 355 1280 Parifieufi
380 1238 513 1286 aliisque
534 1235 656 1272 exstant
673 1233 892 1282 exemplaria,
918 1232 989 1269 aliis
1010 1230 1118 1267 modis
1136 1246 1155 1266 a
1171 1231 1347 1268 christianis
1370 1233 1557 1268 hominibus
1574 1236 1779 1270 concinnata.
1830 1234 1920 1269 Hine

193 1309 264 1332 non
284 1289 409 1329 neeess‘e
433 1291 500 1332 est,
526 1299 560 1323 vt
582 1299 659 1322 cum
676 1284 832 1321 salmasio
854 1284 1022 1335 duplicem
1045 1283 1223 1319 editionem
1239 1284 1278 1318 ab
1294 1287 1436 1321 Arriano
1451 1282 1571 1321 fadiam
1586 1284 1762 1335 fingamus.
1791 1284 1892 1321 Harl.
1915 1319 1919 1333 ἐ

361 1391 533 1427 III—VI.
574 1389 745 1426 Codices
780 1388 920 1423 Mssti
959 1392 997 1422 et
1029 1387 1257 1423 Editiones
1291 1387 1529 1422 Enclziridii
1560 1387 1753 1433 Epiffcti.

302 1472 362 1517 [In
384 1466 480 1504 codd.
507 1468 633 1505 mattis,
659 1476 695 1501 vt
716 1468 780 1500 iam
807 1464 978 1500 adnotauit
1000 1463 1039 1499 el.
1056 1465 1188 1512 Heyne,
1215 1461 1295 1498 solet
1318 1460 1388 1498 sere
1410 1465 1476 1499 hoc
1498 1463 1702 1499 enchiridion
1723 1461 1922 1513 adscriptum

199 1523 262 1561 effe
279 1523 319 1558 ad
340 1520 464 1556 calcem
485 1520 609 1553 Arriani
632 1518 840 1565 aliorumque
860 1514 1074 1564 scriptorum,
1101 1526 1157 1551 aut
1178 1515 1254 1550 latet
1278 1519 1310 1550 in
1334 1513 1473 1564 syllogis
1491 1517 1657 1551 variorum
1674 1514 1923 1565 opusculorum.

200 1589 267 1612 vno
288 1575 460 1610 volumine
480 1565 818 1618 comprehensorum,
854 1579 906 1602 aut
930 1565 1091 1603 seruatum
1119 1566 1163 1603 est
1189 1568 1222 1601 in
1243 1568 1404 1616 Simplicii
1429 1567 1650 1616 expolitione,
1684 1571 1774 1602 cuius
1794 1567 1923 1603 codiee·

201 1627 325 1664 exstant
341 1626 424 1661 bene
439 1621 544 1657 multi.
597 1623 708 1668 Qare
731 1623 884 1655 omnium
907 1618 1059 1655 codicum
1077 1621 1282 1654 enumeratio
1298 1620 1328 1653 h.
1341 1618 1363 1654 l.
1379 1618 1497 1654 institui
1513 1622 1635 1668 nequit.
1689 1622 1793 1656 Mitto
1812 1622 1924 1663 etiam,

202 1692 285 1729 quae
308 1672 530 1713 Montfaucon
551 1675 585 1707 in
608 1672 755 1707 biblioth.
770 1673 864 1706 MSS.
883 1674 1101 1713 memorauit.
1128 1673 1288 1720 quoniam
1308 1673 1337 1706 ei
1355 1683 1425 1707 non
1446 1667 1573 1719 semper
1596 1681 1682 1706 certa
1703 1671 1784 1708 fides
1803 1671 1848 1707 est
1867 1674 1925 1708 ha-

201 1729 327 1769 benda.
353 1738 384 1764 et
406 1726 488 1761 liber
505 1722 571 1774 ipse
592 1722 688 1759 facile
710 1723 816 1773 potest
837 1725 981 1771 reperiri.

305 1798 344 1831 In
365 1792 512 1829 biblioth.
535 1793 685 1827 Laurent.
701 1790 903 1832 Florentiae,
930 1789 1006 1826 teste
1030 1787 1190 1824 Bandinio
1213 1790 1247 1824 in
1267 1786 1361 1823 catal.
1375 1788 1472 1824 MSS.
1490 1800 1596 1835 graec.
1620 1791 1654 1824 in
1675 1788 1747 1826 eod.
1763 1790 1926 1826 XXXVII.

206 1848 287 1899 plut.
303 1860 348 1891 31.
370 1858 419 1881 nr.
435 1849 465 1884 8.
491 1845 590 1888 (tom.
608 1844 646 1877 11.
671 1855 745 1892 pag.
763 1854 808 1886 ¹¹5
827 1839 888 1890 sq.)
942 1844 989 1877 Ex
1013 1840 1194 1876 enchiridio
1216 1849 1367 1889 excerpta
1387 1842 1491 1887 capita
1510 1841 1641 1874 XXXV.
1664 1853 1728 1876 nec
1745 1843 1859 1876 omnia
1880 1843 1927 1876 in-

207 1910 315 1949 tegra:
347 1917 398 1926 —-
433 1898 468 1930 in
496 1894 572 1930 cod.
590 1897 644 1928 IV.
667 1895 747 1941 plut.
763 1905 807 1939 55.
836 1906 883 1928 nr.
899 1905 944 1939 25.
980 1891 1156 1928 Enchiridii
1186 1889 1386 1940 paraphrafis
1414 1903 1550 1939 graeca,
1587 1893 1722 1927 andtore
1752 1892 1926 1928 christiano

208 1949 356 2002 quodam
378 1949 532 1989 homine,
553 1943 690 1990 saeculi,
716 1954 749 1980 vt
766 1943 910 1986 videtur,
933 1947 1055 1993 quinti,
1082 1941 1195 1979 asceta.
1247 1940 1463 1978 concordare
1487 1956 1579 1983 eam,
1604 1941 1711 1979 scribit
1734 1943 1869 1979 Bandin.
1888 1946 1928 1981 II.

209 2015 284 2051 pag.
299 2013 367 2044 ²33·
393 2011 470 2034 cum
492 1998 577 2033 edita
596 2011 615 2032 a
638 1996 777 2032 Nicolao
800 1996 981 2032 Blancardo
1001 1995 1072 2043 post
1091 1996 1279 2042 Epidietum
1302 2006 1377 2042 pag.
1395 1997 1594 2039 327—367.
1621 2015 1670 2021 —
1693 1995 1816 2030 Ibidem
1838 2008 1930 2031 enar·

211 2057 292 2090 ratio
322 2054 356 2087 in
385 2048 636 2090 Euchiridium,
676 2062 694 2084 a
722 2047 910 2083 Christiano
941 2046 1074 2096 scripta,
1115 2044 1277 2087 necdum,
1309 2054 1343 2079 vt
1372 2044 1516 2086 videtur,
1543 2045 1638 2081 edita.
1673 2067 1722 2073 —
1755 2044 1929 2082 Eiusmodi

210 2105 374 2142 enarratio
396 2100 509 2149 paullo
536 2099 682 2138 vberior‚
709 2102 741 2134 in
762 2098 836 2134 cod.
855 2100 939 2134 XIII.
965 2099 1045 2147 plut.
1063 2109 1116 2142 74.
1139 2110 1187 2133 nr.
1203 2099 1234 2133 6.
1253 2095 1339 2142 (vol.
1356 2097 1411 2131 III.
1438 2108 1511 2143 pag.
1529 2098 1609 2140 ¹03·)
1636 2118 1687 2124 -—
1714 2099 1852 2145 Epicteti
1875 2112 1930 2134 en.

212 2158 292 2193 chir.
310 2165 341 2191 et
355 2152 514 2202 Simplicii
527 2153 561 2187 'in
580 2150 659 2186 illud
676 2153 949 2191 commentarius,
975 2163 1052 2185 cum
1068 2149 1216 2184 iconibus
1233 2147 1376 2183 duorum
1395 2145 1671 2196 philosophorum
1687 2151 1718 2184 in
1735 2149 1811 2185 cod.
1830 2150 1929 2187 XXII.

213 2208 294 2258 plut.
309 2215 356 2249 81.
378 2204 466 2251 (vol.
484 2205 536 2238 III.
560 2215 630 2250 pag.
645 2214 705 2244 234
723 2199 766 2251 sq.
787 2202 837 2236 vbi
862 2203 985 2237 multus
1006 2201 1049 2237 est
1072 2199 1205 2237 Bandin.
1225 2198 1265 2234 de
1287 2198 1485 2247 Simplicio.)
1512 2219 1563 2226 —
1589 2201 1773 2251 Sententiae
1798 2199 1932 2238 selectae

214 2273 254 2296 ex
279 2257 494 2298 Democrito,
520 2256 672 2304 Epitsteto
691 2263 722 2289 et
744 2253 832 2295 aliis,
854 2255 889 2288 in
912 2253 984 2289 cod.
1001 2254 1056 2288 IV.
1083 2252 1164 2302 plut.
1179 2257 1224 2298 58.
1247 2263 1295 2286 nr.
1314 2263 1345 2295 7.
1366 2250 1448 2296 (vol.
1461 2252 1501 2285 11.
1522 2262 1597 2299 pag.
1613 2254 1702 2299 442.)
1727 2271 1779 2279 -—
1805 2255 1932 2289 Citatut

1895 2316 1932 2340 m

260 2395 304 2429 η)
330 2387 419 2428 Qiod
438 2387 490 2418 alii
508 2386 545 2418 ad
565 2385 746 2418 nai-lamam
778 2386 870 2417 veluti
897 2386 1048 2415 auderem
1099 2392 1172 2416 tom.
1187 2385 1210 2414 1.
1225 2395 1252 2425 p.
1269 2383 1384 2423 739.‘et
1397 2382 1520 2416 Fabric.
1534 2386 1565 2415 Β.
1580 2385 1632 2416 Gr.
1646 2386 1682 2416 V.
1698 2394 1744 2422 ⁴3»
1758 2394 1805 2417 ιι.
1818 2385 1879 2418 vol.
1894 2385 1931 2421 κ,

213 2435 331 2468 ‘referte
341 2431 522 2466 induerunt.
542 2430 603 2462 vid.
614 2429 790 2462 Heumanm'
804 2430 867 2461 aeta
881 2427 1050 2473 philosoph.
1095 2438 1165 2472 pag.
1182 2437 1249 2465 432.
1350 2423 1359 2427 ”“
