2013 2725
240 144 281 187 36
334 141 406 178 Lib.
421 141 490 177 IV.
503 153 526 176 e.
543 139 655 178 VIII.
705 140 883 176 IOSEPHI
913 140 1161 176 VERSIONES
1195 139 1602 179 FRANCOGALLICAE

241 235 367 272 Claude
383 238 522 280 Fremy.
549 249 589 270 en
612 234 640 269 la
657 236 728 270 Rue
745 236 777 271 S.
791 236 905 283 laques
919 249 936 270 a
952 233 1129 283 l'enseigne
1147 237 1175 270 S.
1194 237 1318 271 Martin
1336 247 1394 272 etc.
1446 235 1600 272 Additum
1624 237 1666 273 esl
1684 237 1833 272 liissoriae
1847 235 1888 272 de
1902 249 1956 272 ex·

239 287 327 322 cidio
349 287 411 322 iud.
436 286 693 329 compendium,
719 289 807 335 quod¹
835 286 938 321 lludio
961 287 1083 323 Dauid.
1101 289 1216 334 Kykeri
1243 309 1291 314 —
1319 290 1418 331 (uon,
1445 299 1478 323 vt
1499 288 1631 337 quidam
1657 287 1811 331 scribunt,
1835 289 1956 330 X<'.'eri,

237 349 293 374 aut
315 341 424 374 Killeri
449 340 514 384 ———)
542 353 581 374 ex
597 339 746 373 hebraico
764 336 903 386 losepho
921 338 1020 374 latine
1032 341 1264 374 concinnatum
1283 340 1439 386 Francisc.
1465 340 1642 386 Belleforqst
1669 344 1701 375 in
1722 341 1871 388 gallicam
1894 341 1955 374 lin-

238 403 339 437 guam
355 390 521 426 transtulit.
573 393 727 425 Ceterum
745 387 983 426 obseruandum
995 419 1005 433 ,
1032 394 1139 426 miuus
1156 396 1242 426 recle
1257 391 1416 426 editorem
1435 395 1542 426 vocari
1559 407 1576 426 a
1591 393 1738 426 Fabricio
1757 393 1902 426 Rea-ium
1917 392 1955 426 dc

238 444 268 477 la
290 442 405 481 Valle,
433 452 464 478 et
486 457 504 477 a
521 445 616 477 Cotta
634 444 712 477 leun
729 443 754 475 Ie
774 443 871 476 Frere
886 442 923 476 de
941 444 1058 478 Laws.
1092 463 1143 470 —-
1173 454 1253 488 1573.
1278 444 1435 489 Lugduni
1462 454 1492 478 et
1515 445 1645 492 Pnrffits
1670 442 1753 492 apud
1777 443 1957 478 Claudium

238 496 441 534 Micraeum‚
475 494 514 527 ΙΙ.
534 494 612 528 voll.
636 496 670 528 in
695 494 811 528 oetaua
833 491 961 535 forma,
995 493 1055 530 alia
1078 497 1221 542 priorem
1244 498 1367 543 excepit
1389 495 1509 536 editio,
1536 494 1558 529 li
1581 505 1690 530 tamen
1715 495 1796 536 alia,
1832 505 1864 529 et
1887 507 1957 529 non

238 548 368 593 potius,
397 555 429 579 vt
443 547 534 579 Ottio
550 543 693 588 viderur,
718 557 807 579 noua
825 547 941 593 primis
956 544 1098 580 recensio
1114 545 1250 580 dicenda
1270 547 1313 580 lit.
1367 549 1544 581 Auelorem
1571 548 1665 582 habet
1684 549 1832 581 Froncm's
1850 547 1959 579 Bour-

234 599 330 645 goin‚
366 597 558 635 Ninernois‚
586 595 667 631 fleur
681 595 721 631 de
740 598 906 645 Daignon.
962 596 1083 632 Eadem
1101 597 1265 645 Burgundi
1285 597 1386 632 versio
1411 609 1440 632 et
1460 598 1613 646 Lugduni
1638 597 1722 644 apud
1748 601 1835 632 loan.
1852 598 1958 631 Tem-

237 648 409 696 poralem,
434 659 465 683 et
482 648 591 697 postea
609 647 694 698 apud
715 647 846 683 heredes
866 650 975 684 iacobi
994 650 1075 683 lunti
1092 649 1174 684 edita
1189 651 1302 684 dicitur
1319 651 1357 684 ab
1377 653 1493 696 ltzigio.
1547 652 1678 684 Interim
1696 652 1761 685 iam
1781 649 1959 694 Burgundi

239 698 424 734 versionem
440 699 480 734 ad
496 711 618 735 textum
634 699 767 747 quidem
785 713 939 748 graecum
959 700 1171 735 emendatum
1191 715 1251 735 vna
1269 715 1343 736 cum
1362 701 1508 737 versione
1528 702 1627 737 latina
1647 699 1746 736 edidit
1770 697 1795 736 l'.
1809 701 1908 735 Fran
1923 699 1960 734 dc

239 752 271 785 la
289 752 356 786 Va!
371 750 488 786 eodem
505 765 612 793 anno,
643 752 783 800 Parisiis,
811 751 873 792 vel⁷
896 762 930 787 vt
946 754 996 786 alii
1014 752 1151 790 volunt,
1181 766 1266 798 ¹570-
1299 755 1420 799 lttigius
1436 755 1511 787 citat
1526 753 1556 788 la
1571 753 1792 801 biblioiheque
1806 750 1836 786 d’
1849 753 1960 786 Λητοί-

240 816 281 837 ne
299 803 341 836 du
360 802 515 842 verdier.
541 817 613 852 pag.
630 806 701 845 368.
736 824 777 828 ——
808 814 894 847 1597.
913 806 1072 838 Antonius
1087 806 1194 849 Fayus
1207 832 1214 842 ,
1236 804 1337 839 theol.
1356 807 1504 849 Durior,
1532 816 1561 839 et
1578 802 1836 839 reformatorum
1854 806 1887 837 in
1910 816 1960 837 ec·

241 852 336 888 clesia
352 854 561 889 Vltraiecstina
588 856 751 888 Britannia
775 856 815 888 V.
839 857 878 889 D.
901 855 1062 897 minister.
1089 860 1142 904 qui
1164 858 1290 890 Liuium
1311 856 1419 903 gallici
1438 853 1594 890 sermonis
1616 857 1721 890 babitu
1738 855 1885 899 donauit,
1910 856 1961 888 10-

240 903 379 952 seplium
398 919 527 954 quoque
543 907 727 946 Graecum,
757 917 788 940 vt
805 907 1035 950 Hieronymus
1053 919 1127 941 eum
1146 919 1256 947 vocat,
1285 909 1414 942 Liuium
1427 935 1437 949 ⁷
1464 907 1582 942 eodem
1601 910 1726 942 honore
1742 908 1891 954 dignatus
1906 904 1963 940 est.

242 955 357 991 Versio
375 956 414 991 de
430 969 519 992 nouo
537 955 622 992 facta
639 955 701 992 fuit
720 970 757 992 ex
775 959 923 1001 Graeco,
949 955 1100 1006 impressa
1115 971 1174 1006 per
1199 960 1299 994 Iehan
1321 958 1353 994 le
1369 962 1483 995 Preux.
1507 957 1569 995 fol.
1595 960 1659 994 vidi
1683 960 1798 1000 lenae,
1824 967 1856 994 et
1877 958 1963 992 Her·

243 1007 306 1056 bip.
323 1010 356 1043 in
371 1008 447 1043 bibl.
465 1009 640 1043 Scotorum
657 1007 856 1044 Benedidlin.
1910 1043 1942 1077 ss

308 1112 313 1115 '
346 1101 517 1150 plerasque
531 1099 627 1137 hasce
641 1101 815 1142 versiones,
836 1101 890 1138 etfi
905 1117 922 1137 a
939 1102 1148 1151 popularibus
1173 1099 1234 1137 suis
1255 1100 1367 1144 fae‘tas,
1389 1102 1473 1138 Galli
1500 1115 1614 1149 parum
1637 1101 1864 1145 aestimarunt3
1887 1100 1965 1136 aliae

246 1153 288 1187 ob
307 1152 368 1188 stili
385 1154 585 1190 barbariem,
614 1154 689 1188 alia<
707 1165 741 1187 vt
757 1156 863 1188 minus
879 1165 987 1188 curate
1005 1152 1126 1195 fac‘las,
1151 1155 1326 1189 nonnullas
1346 1154 1433 1201 quasi
1458 1153 1615 1202 suspectas
1637 1153 1677 1187 de
1701 1152 1833 1189 haeresi.
1885 1151 1967 1188 Feli·

246 1206 315 1238 cius
341 1217 387 1238 res
410 1203 496 1239 cellit
512 1205 658 1239 Gilberto
675 1205 897 1244 Genebramr'o,
929 1206 1097 1240 hebraicae
1122 1208 1266 1253 primum
1301 1206 1431 1253 linguae
1462 1209 1548 1251 apud
1574 1203 1758 1240 Parisienses
1780 1201 1967 1253 professori,

248 1254 447 1303 Aquensium
470 1256 580 1304 postea
602 1259 635 1291 in
659 1260 832 1303 promncia
855 1256 1116 1305 archiepiscop0‚
1151 1258 1194 1292 ob
1214 1260 1312 1292 varias
1336 1257 1575 1292 lucubrationes
1600 1260 1633 1291 in
1659 1256 1812 1291 litteraria
1835 1258 1967 1290 ciuitate

250 1307 350 1342 clai-0.
403 1309 515 1356 Qum
535 1319 607 1342 ante
622 1307 728 1356 ipsum
742 1310 823 1343 intra
840 1321 878 1353 50
893 1322 1055 1343 annorum
1072 1305 1211 1356 spatium
1235 1321 1249 1353 5
1269 1318 1325 1343 aut
1346 1313 1365 1344 6
1384 1306 1509 1357 losephi
1532 1307 1691 1343 versones
1714 1304 1968 1355 francogallicae

249 1356 458 1407 prodiissent,
485 1359 596 1407 poslea
610 1359 663 1395 vel
680 1373 739 1394 100
757 1363 832 1395 anni
850 1358 947 1408 elapsi
964 1357 1055 1402 sunt,
1080 1371 1252 1408 antequam
1273 1364 1341 1408 quis
1358 1358 1397 1395 de
1413 1373 1499 1394 noua
1516 1359 1662 1394 versione
1686 1364 1854 1407 cogitaret.
1905 1359 1968 1393 Lu-

251 1423 322 1444 cem
341 1411 420 1445 vidit
438 1413 504 1444 eius
520 1408 623 1445 versio
640 1414 786 1459 primum
804 1418 887 1458 1578.
908 1413 1041 1460 Pax-istis
1057 1411 1142 1459 apud
1163 1412 1362 1446 Michaelem
1380 1414 1562 1451 Somnum,
1589 1409 1650 1446 fol.
1675 1431 1727 1438 —-—
1752 1418 1840 1451 1588.
1857 1409 1968 1456 Pffl'ffi

250 1460 338 1509 apud
361 1461 536 1497 Claudium
555 1464 762 1510 Rogwium,
788 1470 819 1502 8.
852 1484 904 1490 —-
933 1467 1024 1505 1604.
1048 1463 1132 1510 apud
1154 1465 1275 1497 Lucam
1300 1465 1469 1504 Bruneau,
1495 1470 1526 1504 8.
1560 1482 1609 1490 -—
1647 1467 1739 1509 1609.
1764 1467 1851 1505 1627.
1877 1465 1968 1506 1639·

250 1516 344 1554 1646.
368 1510 429 1548 fol.
481 1515 596 1561 Neque
615 1523 725 1549 tamen
750 1524 873 1562 praeter
896 1512 956 1548 ssili
985 1514 1163 1548 barbariem
1192 1517 1299 1548 naeuis
1322 1513 1384 1549 suis
1400 1517 1502 1549 caruit
1523 1512 1625 1549 versio
1640 1513 1859 1556 Genebrardi,
1883 1524 1966 1561 quos

248 1563 362 1612 passim
381 1578 399 1598 a
416 1564 519 1599 doctis
537 1567 643 1600 notari
661 1564 779 1601 videas.
814 1586 860 1592 —-
896 1567 1042 1600 Demum
1062 1567 1213 1600 omuibus
1236 1564 1480 1613 francogallicis
1504 1565 1629 1614 Iosepbi
1655 1565 1875 1613 interpretibus
1899 1563 1968 1612 pal-

247 1628 340 1650 mam
357 1619 533 1665 praeripuit
548 1616 702 1652 Arnaulci
716 1616 892 1664 ci'Andilly
912 1615 978 1652 fiue
1002 1616 1154 1652 dic‘lionis
1178 1620 1350 1664 puritatem
1377 1616 1519 1666 spectes,
1545 1627 1576 1651 et
1595 1616 1810 1665 elegantem.
1836 1614 1902 1651 siue
1920 1617 1967 1649 in·

249 1670 394 1715 terpretis
409 1666 598 1703 facultatem
618 1679 647 1703 et
664 1668 782 1711 fidem,
806 1668 873 1703 siue
899 1677 1055 1715 typorum
1077 1668 1270 1703 munditiem
1295 1680 1326 1705 et
1348 1670 1528 1716 figurarum
1548 1671 1612 1703 aeri
1639 1665 1810 1704 incisarum
1828 1678 1896 1704 tum
1914 1679 1968 1702 ve-

247 1719 426 1762 nustatem,
452 1730 523 1755 tum
541 1720 792 1756 multitudinem.
845 1721 930 1764 1567.
946 1724 989 1764 ω’)
1004 1723 1148 1768 primum
1169 1722 1297 1769 Pariſsis
1319 1720 1404 1768 apud
1420 1723 1546 1755 Petrum
1569 1721 1717 1761 Peritum,
1745 1722 1783 1755 11.
1798 1729 1880 1755 tom.
1905 1717 1968 1753 fol.

249 1773 450 1818 antiquitates
467 1770 538 1806 lud.
573 1774 656 1816 1669
685 1775 782 1807 etiam
796 1771 927 1807 historia
941 1772 975 1809 B.
993 1773 1016 1805 1.
1034 1774 1099 1806 vita
1119 1769 1264 1820 losephi‚
1290 1772 1358 1806 libri
1376 1783 1489 1806 contra
1506 1775 1625 1820 Apion.
1649 1782 1742 1820 atque
1758 1770 1797 1806 de
1817 1770 1968 1806 Maccab.

249 1822 420 1864 tractatus,
448 1835 511 1857 vna
535 1836 609 1857 cum
631 1823 778 1858 Philonis
801 1822 840 1857 ad
861 1825 980 1857 Caium
996 1822 1182 1867 Caligulam
1206 1823 1371 1871 legatione
1394 1823 1584 1871 prodierunt
1606 1824 1670 1857 lioc
1692 1826 1876 1870 interprete.
1931 1822 1967 1856 ln

249 1873 407 1908 vertendo
425 1873 536 1909 libello
551 1873 593 1909 de
606 1875 754 1911 Maccab.
771 1887 842 1909 non
855 1876 984 1909 Erasini
1002 1873 1209 1921 paraphrasin
1221 1902 1230 1917 ,
1256 1885 1289 1908 vt
1309 1873 1554 1916 Genebmrdus,
1578 1871 1630 1908 sed
1653 1887 1806 1922 graecum
1829 1882 1966 1912 textum,

251 1924 362 1972 Ittigio
383 1924 407 1959 fi
429 1923 616 1970 credimus,
648 1925 692 1959 ess
714 1924 878 1974 sequutus.
930 1927 1030 1966 Sunt,
1059 1929 1112 1973 qui
1136 1925 1317 1960 versionem
1340 1928 1425 1960 hanc
1447 1928 1572 1960 ratione
1592 1925 1650 1959 {lili
1673 1927 1834 1973 prioribus
1849 1925 1969 1960 melio-

251 1986 342 2018 rem,
373 1974 426 2010 sed
450 1978 619 2025 archetypi
642 1974 776 2011 sensum
794 1975 886 2025 saepe
906 1974 1130 2011 deformatum
1156 1975 1217 2011 effe
1238 1977 1398 2020 iudicent⁷
1427 1990 1528 2025 quum
1552 1973 1618 2025 ipse
1639 1979 1737 2011 etiam
1754 1979 1911 2024 interpres
1932 1978 1966 2010 in

253 2029 481 2075 antiquitatum
501 2026 648 2063 versione
664 2027 801 2063 fateatur
818 2026 848 2063 se
869 2041 886 2061 a
908 2040 1030 2075 graeco
1048 2038 1135 2062 textu
1158 2029 1310 2063 nonnihil
1325 2027 1502 2070 dissentire.
1529 2024 1715 2075 praesertim
1735 2031 1768 2063 in
1787 2028 1890 2067 locis,
1914 2027 1968 2061 vbi

251 2081 356 2124 graeci
374 2088 477 2113 textus
491 2081 659 2127 corruptio
676 2079 859 2127 corrigendi
878 2077 1094 2114 necessitatem
1112 2079 1167 2114 sibi
1184 2077 1387 2127 imposuerit.
1413 2101 1464 2107 —
1491 2083 1582 2120 1663.
1604 2082 1682 2122 1676
1705 2088 1736 2114 et
1757 2083 1847 2123 1677.
1873 2080 1969 2115 Pari-

241 2128 326 2178 siis,
348 2132 390 2165 V.
406 2140 490 2165 tom.
514 2137 543 2171 8.
570 2133 704 2176 repetita
725 2130 769 2165 est
790 2130 990 2173 Andtllyana
1012 2132 1091 2165 haec
1119 2131 1239 2173 versio,
1267 2135 1353 2171 1681.
1381 2130 1638 2169 Am'stelodami,
1666 2129 1724 2165 fol.
1752 2144 1829 2166 cum
1852 2131 1967 2179 figuris

255 2182 319 2215 aeri
337 2179 462 2223 incisis,
483 2191 514 2216 vt
531 2183 640 2230 Ittigio
656 2181 867 2224 videbantur⁷
890 2181 1005 2228 elegan
1023 2181 1151 2224 illimis,
1179 2181 1228 2218 sed
1254 2183 1332 2218 bibl.
1347 2183 1514 2218 historicae
1527 2197 1547 2216 a
1561 2179 1725 2217 Meuselio
1738 2181 1841 2218 editae
1857 2183 1967 2218 auclo-

253 2234 298 2267 ris
315 2231 455 2275 iudicio,
480 2231 575 2269 valde
591 2231 779 2282 deturpatis.
807 2254 856 2261 -
884 2234 970 2278 1693.
988 2237 1084 2279 1694.
1100 2235 1283 2275 Bruxelhs,
1310 2237 1351 2271 V.
1367 2234 1446 2272 voll.
1462 2243 1493 2276 8.
1514 2253 1563 2262 —
1590 2246 1686 2277 ¹700·
1709 2234 1891 2272 Amstelod.
1905 2230 1967 2269 fol.

658 2294 661 2299 '
1888 2297 1968 2321 cum

297 2414 353 2450 vv)
375 2414 419 2442 An
444 2414 513 2451 1667
524 2414 538 2443 ἓ
