<?xml version="1.0" encoding="UTF-8"?>
<!DOCTYPE html PUBLIC "-//W3C//DTD XHTML 1.0 Transitional//EN"
    "http://www.w3.org/TR/xhtml1/DTD/xhtml1-transitional.dtd">
<html xmlns="http://www.w3.org/1999/xhtml" xml:lang="en" lang="en">
 <head>
  <title>
</title>
<meta http-equiv="Content-Type" content="text/html;charset=utf-8" />
  <meta name='ocr-system' content='tesseract 3.04.00' />
  <meta name='ocr-capabilities' content='ocr_page ocr_carea ocr_par ocr_line ocrx_word'/>
</head>
<body>
  <div class='ocr_page' id='page_1' title='image "./bibliothecagraec05fabruoft_0614.png"; bbox 0 0 2013 2725; ppageno 0'>
   <div class='ocr_carea' id='block_1_1' title="bbox 257 155 1292 219">
    <p class='ocr_par' dir='ltr' id='par_1_1' title="bbox 257 155 1292 219">
     <span class='ocr_line' id='line_1_1' title="bbox 257 155 1292 219; baseline -0.013 -11"><span class='ocrx_word' id='word_1_1' title='bbox 257 184 315 219; x_wconf 79' lang='lat'>59²</span> <span class='ocrx_word' id='word_1_2' title='bbox 420 168 493 203; x_wconf 64' lang='lat' dir='ltr'>La.</span> <span class='ocrx_word' id='word_1_3' title='bbox 509 163 578 201; x_wconf 75' lang='lat' dir='ltr'>IV.</span> <span class='ocrx_word' id='word_1_4' title='bbox 592 175 615 199; x_wconf 84' lang='lat' dir='ltr'>t.</span> <span class='ocrx_word' id='word_1_5' title='bbox 627 159 775 199; x_wconf 52' lang='lat' dir='ltr'><em>XXIV,</em></span> <span class='ocrx_word' id='word_1_6' title='bbox 941 155 1116 197; x_wconf 58' lang='lat' dir='ltr'>ormam</span> <span class='ocrx_word' id='word_1_7' title='bbox 1147 156 1292 196; x_wconf 76' lang='lat' dir='ltr'>AETAS</span> 
     </span>
    </p>
   </div>
   <div class='ocr_carea' id='block_1_2' title="bbox 256 249 1971 512">
    <p class='ocr_par' dir='ltr' id='par_1_2' title="bbox 256 249 1971 512">
     <span class='ocr_line' id='line_1_2' title="bbox 256 249 1966 308; baseline -0.011 -9"><span class='ocrx_word' id='word_1_8' title='bbox 256 259 496 303; x_wconf 79' lang='lat' dir='ltr'>controuersia,</span> <span class='ocrx_word' id='word_1_9' title='bbox 521 272 604 308; x_wconf 84' lang='lat' dir='ltr'>quae</span> <span class='ocrx_word' id='word_1_10' title='bbox 619 256 659 293; x_wconf 86' lang='lat' dir='ltr'>de</span> <span class='ocrx_word' id='word_1_11' title='bbox 674 257 816 306; x_wconf 82' lang='lat' dir='ltr'>Oppiani</span> <span class='ocrx_word' id='word_1_12' title='bbox 835 263 936 291; x_wconf 86' lang='lat' dir='ltr'>aetate</span> <span class='ocrx_word' id='word_1_13' title='bbox 952 266 1073 303; x_wconf 85' lang='lat' dir='ltr'>magna</span> <span class='ocrx_word' id='word_1_14' title='bbox 1087 253 1129 289; x_wconf 74' lang='lat' dir='ltr'>esi</span> <span class='ocrx_word' id='word_1_15' title='bbox 1140 278 1149 292; x_wconf 83' lang='lat'><strong>‚</strong></span> <span class='ocrx_word' id='word_1_16' title='bbox 1176 252 1271 290; x_wconf 82' lang='lat' dir='ltr'>facile</span> <span class='ocrx_word' id='word_1_17' title='bbox 1286 252 1517 300; x_wconf 75' lang='lat' dir='ltr'><strong>componitur,</strong></span> <span class='ocrx_word' id='word_1_18' title='bbox 1544 249 1568 288; x_wconf 80' lang='lat' dir='ltr'>ss</span> <span class='ocrx_word' id='word_1_19' title='bbox 1584 263 1659 289; x_wconf 86' lang='lat' dir='ltr'>cum</span> <span class='ocrx_word' id='word_1_20' title='bbox 1674 254 1854 291; x_wconf 60' lang='lat' dir='ltr'>Schneidero</span> <span class='ocrx_word' id='word_1_21' title='bbox 1866 255 1908 292; x_wconf 50' lang='lat' dir='ltr'>v,</span> <span class='ocrx_word' id='word_1_22' title='bbox 1925 255 1966 292; x_wconf 61' lang='lat' dir='ltr'>c,</span> 
     </span>
     <span class='ocr_line' id='line_1_3' title="bbox 258 304 1969 361; baseline -0.009 -11"><span class='ocrx_word' id='word_1_23' title='bbox 258 317 325 361; x_wconf 72' lang='lat' dir='ltr'>(vti</span> <span class='ocrx_word' id='word_1_24' title='bbox 349 317 414 348; x_wconf 85' lang='lat' dir='ltr'>iam</span> <span class='ocrx_word' id='word_1_25' title='bbox 436 314 470 347; x_wconf 84' lang='lat' dir='ltr'>in</span> <span class='ocrx_word' id='word_1_26' title='bbox 493 310 616 346; x_wconf 84' lang='lat' dir='ltr'>Introd.</span> <span class='ocrx_word' id='word_1_27' title='bbox 639 312 674 344; x_wconf 91' lang='lat' dir='ltr'>in</span> <span class='ocrx_word' id='word_1_28' title='bbox 694 308 765 345; x_wconf 80' lang='lat' dir='ltr'>hist.</span> <span class='ocrx_word' id='word_1_29' title='bbox 779 310 814 343; x_wconf 92' lang='lat' dir='ltr'>L.</span> <span class='ocrx_word' id='word_1_30' title='bbox 829 308 887 342; x_wconf 86' lang='lat' dir='ltr'>Gr.</span> <span class='ocrx_word' id='word_1_31' title='bbox 903 310 927 342; x_wconf 88' lang='lat'>1.</span> <span class='ocrx_word' id='word_1_32' title='bbox 951 308 1002 341; x_wconf 85' lang='lat' dir='ltr'>vbi</span> <span class='ocrx_word' id='word_1_33' title='bbox 1025 319 1098 354; x_wconf 84' lang='lat' dir='ltr'>pag.</span> <span class='ocrx_word' id='word_1_34' title='bbox 1113 317 1168 350; x_wconf 81' lang='lat'>225</span> <span class='ocrx_word' id='word_1_35' title='bbox 1187 304 1254 354; x_wconf 85' lang='lat' dir='ltr'>sqq.</span> <span class='ocrx_word' id='word_1_36' title='bbox 1281 304 1322 340; x_wconf 91' lang='lat' dir='ltr'>de</span> <span class='ocrx_word' id='word_1_37' title='bbox 1343 305 1498 352; x_wconf 84' lang='lat' dir='ltr'>Oppiano</span> <span class='ocrx_word' id='word_1_38' title='bbox 1520 307 1573 355; x_wconf 86' lang='lat' dir='ltr'>egi</span> <span class='ocrx_word' id='word_1_39' title='bbox 1595 305 1706 353; x_wconf 83' lang='lat' dir='ltr'>paullo</span> <span class='ocrx_word' id='word_1_40' title='bbox 1727 305 1843 349; x_wconf 79' lang='lat' dir='ltr'>fusius,</span> <span class='ocrx_word' id='word_1_41' title='bbox 1870 306 1969 343; x_wconf 76' lang='lat' dir='ltr'>adno-</span> 
     </span>
     <span class='ocr_line' id='line_1_4' title="bbox 258 354 1971 409; baseline -0.009 -8"><span class='ocrx_word' id='word_1_42' title='bbox 258 367 354 409; x_wconf 82' lang='lat' dir='ltr'>taui,)</span> <span class='ocrx_word' id='word_1_43' title='bbox 368 366 538 399; x_wconf 66' lang='lat' dir='ltr'>auctorem</span> <span class='ocrx_word' id='word_1_44' title='bbox 552 362 704 396; x_wconf 80' lang='lat' dir='ltr'>carminis</span> <span class='ocrx_word' id='word_1_45' title='bbox 722 361 762 396; x_wconf 89' lang='lat' dir='ltr'>de</span> <span class='ocrx_word' id='word_1_46' title='bbox 777 355 972 407; x_wconf 75' lang='lat' dir='ltr'>piscatione,</span> <span class='ocrx_word' id='word_1_47' title='bbox 998 355 1092 393; x_wconf 69' lang='lat' dir='ltr'>fuiss&#39;e</span> <span class='ocrx_word' id='word_1_48' title='bbox 1107 358 1145 391; x_wconf 90' lang='lat' dir='ltr'>ab</span> <span class='ocrx_word' id='word_1_49' title='bbox 1159 370 1217 398; x_wconf 87' lang='lat' dir='ltr'>eo,</span> <span class='ocrx_word' id='word_1_50' title='bbox 1271 359 1301 390; x_wconf 91' lang='lat' dir='ltr'>ui</span> <span class='ocrx_word' id='word_1_51' title='bbox 1316 355 1356 391; x_wconf 88' lang='lat' dir='ltr'>de</span> <span class='ocrx_word' id='word_1_52' title='bbox 1373 358 1547 391; x_wconf 86' lang='lat' dir='ltr'>venatione</span> <span class='ocrx_word' id='word_1_53' title='bbox 1567 354 1675 392; x_wconf 80' lang='lat' dir='ltr'>versus</span> <span class='ocrx_word' id='word_1_54' title='bbox 1700 360 1842 406; x_wconf 62' lang='lat' dir='ltr'>pepigit,</span> <span class='ocrx_word' id='word_1_55' title='bbox 1861 360 1971 394; x_wconf 74' lang='lat' dir='ltr'>omni.</span> 
     </span>
     <span class='ocr_line' id='line_1_5' title="bbox 259 370 1969 459; baseline -0.005 -7"><span class='ocrx_word' id='word_1_56' title='bbox 259 430 306 453; x_wconf 85' lang='lat' dir='ltr'>no</span> <span class='ocrx_word' id='word_1_57' title='bbox 329 413 496 452; x_wconf 84' lang='lat' dir='ltr'>diuersum</span> <span class='ocrx_word' id='word_1_58' title='bbox 522 413 701 448; x_wconf 80' lang='lat' dir='ltr'>statuimus.</span> <span class='ocrx_word' id='word_1_59' title='bbox 754 411 815 446; x_wconf 88' lang='lat' dir='ltr'>Ille</span> <span class='ocrx_word' id='word_1_60' title='bbox 834 409 965 459; x_wconf 84' lang='lat' dir='ltr'>quidem</span> <span class='ocrx_word' id='word_1_61' title='bbox 987 412 1022 445; x_wconf 87' lang='lat' dir='ltr'>in</span> <span class='ocrx_word' id='word_1_62' title='bbox 1045 370 1268 444; x_wconf 58' lang='lat' dir='ltr'>animaduerlil.</span> <span class='ocrx_word' id='word_1_63' title='bbox 1286 406 1327 443; x_wconf 89' lang='lat' dir='ltr'>ad</span> <span class='ocrx_word' id='word_1_64' title='bbox 1349 406 1422 442; x_wconf 83' lang='lat' dir='ltr'>libr.</span> <span class='ocrx_word' id='word_1_65' title='bbox 1440 409 1462 441; x_wconf 86' lang='lat'>1.</span> <span class='ocrx_word' id='word_1_66' title='bbox 1484 406 1525 442; x_wconf 90' lang='lat' dir='ltr'>de</span> <span class='ocrx_word' id='word_1_67' title='bbox 1545 411 1716 444; x_wconf 79' lang='lat' dir='ltr'>venatione</span> <span class='ocrx_word' id='word_1_68' title='bbox 1739 422 1814 458; x_wconf 84' lang='lat' dir='ltr'>pag.</span> <span class='ocrx_word' id='word_1_69' title='bbox 1828 421 1885 456; x_wconf 81' lang='lat'>345</span> <span class='ocrx_word' id='word_1_70' title='bbox 1901 407 1969 459; x_wconf 70' lang='lat' dir='ltr'>sqq·</span> 
     </span>
     <span class='ocr_line' id='line_1_6' title="bbox 257 457 1805 512; baseline -0.006 -7"><span class='ocrx_word' id='word_1_71' title='bbox 257 468 382 506; x_wconf 78' lang='lat' dir='ltr'>multus</span> <span class='ocrx_word' id='word_1_72' title='bbox 396 466 437 502; x_wconf 89' lang='lat' dir='ltr'>de</span> <span class='ocrx_word' id='word_1_73' title='bbox 451 475 552 502; x_wconf 83' lang='lat' dir='ltr'>aetate</span> <span class='ocrx_word' id='word_1_74' title='bbox 566 466 727 512; x_wconf 83' lang='lat' dir='ltr'>Oppiani,</span> <span class='ocrx_word' id='word_1_75' title='bbox 753 459 985 499; x_wconf 87' lang='lat' dir='ltr'>demonstrasse</span> <span class='ocrx_word' id='word_1_76' title='bbox 997 460 1054 496; x_wconf 82' lang='lat' dir='ltr'>fibi</span> <span class='ocrx_word' id='word_1_77' title='bbox 1071 461 1253 501; x_wconf 69' lang='lat' dir='ltr'>videbatur,</span> <span class='ocrx_word' id='word_1_78' title='bbox 1280 460 1471 508; x_wconf 67' lang='lat' dir='ltr'>Oppianum</span> <span class='ocrx_word' id='word_1_79' title='bbox 1487 457 1565 496; x_wconf 78' lang='lat' dir='ltr'>vers.</span> <span class='ocrx_word' id='word_1_80' title='bbox 1579 472 1625 496; x_wconf 84' lang='grc' dir='ltr'>ιο.</span> <span class='ocrx_word' id='word_1_81' title='bbox 1643 458 1684 495; x_wconf 89' lang='lat' dir='ltr'>de</span> <span class='ocrx_word' id='word_1_82' title='bbox 1699 470 1805 497; x_wconf 85' lang='lat' dir='ltr'>venat.</span> 
     </span>
    </p>
   </div>
   <div class='ocr_carea' id='block_1_3' title="bbox 494 532 1274 579">
    <p class='ocr_par' dir='ltr' id='par_1_3' title="bbox 494 532 1274 579">
     <span class='ocr_line' id='line_1_7' title="bbox 494 532 1274 579; baseline -0.01 -10"><span class='ocrx_word' id='word_1_83' title='bbox 494 541 532 576; x_wconf 69' lang='grc' dir='ltr'>τῷ</span> <span class='ocrx_word' id='word_1_84' title='bbox 553 538 588 579; x_wconf 72' lang='grc' dir='ltr'>ῥοὲ</span> <span class='ocrx_word' id='word_1_85' title='bbox 607 537 714 579; x_wconf 60' lang='grc' dir='ltr'>κατ-ἦρ,</span> <span class='ocrx_word' id='word_1_86' title='bbox 749 538 892 578; x_wconf 62' lang='grc' dir='ltr'>κρατερῇσι</span> <span class='ocrx_word' id='word_1_87' title='bbox 914 534 1089 572; x_wconf 61' lang='grc' dir='ltr'><strong><em>πονησάμενος</em></strong></span> <span class='ocrx_word' id='word_1_88' title='bbox 1111 532 1274 570; x_wconf 69' lang='grc' dir='ltr'>κκλοῖμῃσι,</span> 
     </span>
    </p>
   </div>
   <div class='ocr_carea' id='block_1_4' title="bbox 258 608 2013 2462">
    <p class='ocr_par' dir='ltr' id='par_1_4' title="bbox 258 608 2013 2462">
     <span class='ocr_line' id='line_1_8' title="bbox 258 608 1977 665; baseline -0.005 -11"><span class='ocrx_word' id='word_1_89' title='bbox 258 619 333 665; x_wconf 75' lang='lat' dir='ltr'>(vbi</span> <span class='ocrx_word' id='word_1_90' title='bbox 350 616 434 654; x_wconf 87' lang='lat' dir='ltr'>olim</span> <span class='ocrx_word' id='word_1_91' title='bbox 449 615 614 664; x_wconf 85' lang='lat' dir='ltr'>legebatur</span> <span class='ocrx_word' id='word_1_92' title='bbox 630 611 687 652; x_wconf 72' lang='grc' dir='ltr'>τόν</span> <span class='ocrx_word' id='word_1_93' title='bbox 700 618 749 663; x_wconf 69' lang='grc' dir='ltr'>ῥα</span> <span class='ocrx_word' id='word_1_94' title='bbox 766 635 777 643; x_wconf 87' lang='lat'><strong>·</strong></span> <span class='ocrx_word' id='word_1_95' title='bbox 792 608 971 661; x_wconf 66' lang='grc' dir='ltr'>μεγάλῃσι</span> <span class='ocrx_word' id='word_1_96' title='bbox 988 611 1066 654; x_wconf 84' lang='lat' dir='ltr'>etc.)</span> <span class='ocrx_word' id='word_1_97' title='bbox 1094 611 1128 646; x_wconf 84' lang='lat' dir='ltr'>h.</span> <span class='ocrx_word' id='word_1_98' title='bbox 1143 623 1168 645; x_wconf 88' lang='lat' dir='ltr'>e.</span> <span class='ocrx_word' id='word_1_99' title='bbox 1189 611 1238 644; x_wconf 72' lang='lat' dir='ltr'>cui</span> <span class='ocrx_word' id='word_1_100' title='bbox 1250 615 1347 655; x_wconf 84' lang='lat' dir='ltr'>pater</span> <span class='ocrx_word' id='word_1_101' title='bbox 1361 610 1447 644; x_wconf 84' lang='lat' dir='ltr'>orbis</span> <span class='ocrx_word' id='word_1_102' title='bbox 1463 610 1628 655; x_wconf 75' lang='lat' dir='ltr'>imperium</span> <span class='ocrx_word' id='word_1_103' title='bbox 1643 609 1751 644; x_wconf 76' lang='lat' dir='ltr'>hahere</span> <span class='ocrx_word' id='word_1_104' title='bbox 1764 609 1865 650; x_wconf 81' lang='lat' dir='ltr'><em>dedit,</em></span> <span class='ocrx_word' id='word_1_105' title='bbox 1888 610 1977 658; x_wconf 75' lang='lat' dir='ltr'>quod</span> 
     </span>
     <span class='ocr_line' id='line_1_9' title="bbox 259 660 1973 716; baseline -0.005 -11"><span class='ocrx_word' id='word_1_106' title='bbox 259 672 326 716; x_wconf 76' lang='lat' dir='ltr'>ipse</span> <span class='ocrx_word' id='word_1_107' title='bbox 341 669 457 704; x_wconf 80' lang='lat' dir='ltr'>validis</span> <span class='ocrx_word' id='word_1_108' title='bbox 476 669 603 701; x_wconf 66' lang='lat' dir='ltr'>lacertis</span> <span class='ocrx_word' id='word_1_109' title='bbox 618 666 818 713; x_wconf 73' lang='lat' dir='ltr'>acquisierat,</span> <span class='ocrx_word' id='word_1_110' title='bbox 847 660 1014 710; x_wconf 67' lang='lat' dir='ltr'>respe&#39;xiss&#39;e</span> <span class='ocrx_word' id='word_1_111' title='bbox 1029 661 1113 697; x_wconf 81' lang='lat' dir='ltr'>bella</span> <span class='ocrx_word' id='word_1_112' title='bbox 1128 661 1234 696; x_wconf 88' lang='lat' dir='ltr'>ciuilia</span> <span class='ocrx_word' id='word_1_113' title='bbox 1249 663 1375 701; x_wconf 86' lang='lat' dir='ltr'>Seueri,</span> <span class='ocrx_word' id='word_1_114' title='bbox 1400 662 1513 709; x_wconf 85' lang='lat' dir='ltr'>quibus</span> <span class='ocrx_word' id='word_1_115' title='bbox 1531 673 1634 709; x_wconf 88' lang='lat' dir='ltr'>quum</span> <span class='ocrx_word' id='word_1_116' title='bbox 1652 660 1808 696; x_wconf 80' lang='lat' dir='ltr'>Albinum</span> <span class='ocrx_word' id='word_1_117' title='bbox 1822 660 1973 711; x_wconf 75' lang='lat' dir='ltr'>denique,</span> 
     </span>
     <span class='ocr_line' id='line_1_10' title="bbox 258 710 1974 770; baseline -0.006 -13"><span class='ocrx_word' id='word_1_118' title='bbox 258 722 390 770; x_wconf 85' lang='lat' dir='ltr'>imperii</span> <span class='ocrx_word' id='word_1_119' title='bbox 409 718 590 764; x_wconf 74' lang='lat' dir='ltr'>aemulum,</span> <span class='ocrx_word' id='word_1_120' title='bbox 611 714 742 758; x_wconf 80' lang='lat' dir='ltr'>vicisset,</span> <span class='ocrx_word' id='word_1_121' title='bbox 768 726 800 751; x_wconf 91' lang='lat' dir='ltr'>et</span> <span class='ocrx_word' id='word_1_122' title='bbox 819 714 933 764; x_wconf 83' lang='lat' dir='ltr'>paullo</span> <span class='ocrx_word' id='word_1_123' title='bbox 948 712 1038 762; x_wconf 77' lang='lat' dir='ltr'>post,</span> <span class='ocrx_word' id='word_1_124' title='bbox 1066 712 1153 749; x_wconf 84' lang='lat' dir='ltr'>bello</span> <span class='ocrx_word' id='word_1_125' title='bbox 1168 713 1319 747; x_wconf 79' lang='lat' dir='ltr'>Parthico</span> <span class='ocrx_word' id='word_1_126' title='bbox 1341 712 1538 761; x_wconf 82' lang='lat' dir='ltr'>profligato,</span> <span class='ocrx_word' id='word_1_127' title='bbox 1566 711 1812 761; x_wconf 74' lang='lat' dir='ltr'>Ctesiphontem</span> <span class='ocrx_word' id='word_1_128' title='bbox 1833 710 1974 761; x_wconf 74' lang='lat' dir='ltr'>cepisset,</span> 
     </span>
     <span class='ocr_line' id='line_1_11' title="bbox 259 765 1977 813; baseline -0.005 -5"><span class='ocrx_word' id='word_1_129' title='bbox 259 774 369 811; x_wconf 82' lang='lat' dir='ltr'>filium</span> <span class='ocrx_word' id='word_1_130' title='bbox 384 773 565 810; x_wconf 88' lang='lat' dir='ltr'>maiorem,</span> <span class='ocrx_word' id='word_1_131' title='bbox 590 769 641 803; x_wconf 88' lang='lat' dir='ltr'>M.</span> <span class='ocrx_word' id='word_1_132' title='bbox 657 767 830 802; x_wconf 76' lang='lat' dir='ltr'>Aurelium</span> <span class='ocrx_word' id='word_1_133' title='bbox 843 766 1043 801; x_wconf 83' lang='lat' dir='ltr'><em>Antoninum</em></span> <span class='ocrx_word' id='word_1_134' title='bbox 1059 768 1204 813; x_wconf 87' lang='lat' dir='ltr'>primum</span> <span class='ocrx_word' id='word_1_135' title='bbox 1220 777 1247 799; x_wconf 89' lang='lat' dir='ltr'>a.</span> <span class='ocrx_word' id='word_1_136' title='bbox 1264 765 1305 798; x_wconf 92' lang='lat' dir='ltr'>V.</span> <span class='ocrx_word' id='word_1_137' title='bbox 1324 765 1360 798; x_wconf 87' lang='lat' dir='ltr'>C.</span> <span class='ocrx_word' id='word_1_138' title='bbox 1378 776 1441 809; x_wconf 84' lang='lat'>951.</span> <span class='ocrx_word' id='word_1_139' title='bbox 1465 767 1548 798; x_wconf 82' lang='lat' dir='ltr'>circa</span> <span class='ocrx_word' id='word_1_140' title='bbox 1565 765 1709 799; x_wconf 87' lang='lat' dir='ltr'>hiemem</span> <span class='ocrx_word' id='word_1_141' title='bbox 1726 767 1853 813; x_wconf 87' lang='lat' dir='ltr'>imperii</span> <span class='ocrx_word' id='word_1_142' title='bbox 1880 766 1977 813; x_wconf 82' lang='lat' dir='ltr'>parti·</span> 
     </span>
     <span class='ocr_line' id='line_1_12' title="bbox 261 814 1976 873; baseline -0.006 -13"><span class='ocrx_word' id='word_1_143' title='bbox 261 828 370 873; x_wconf 85' lang='lat' dir='ltr'>cipem</span> <span class='ocrx_word' id='word_1_144' title='bbox 386 821 478 860; x_wconf 79' lang='lat' dir='ltr'>fecit,</span> <span class='ocrx_word' id='word_1_145' title='bbox 507 822 696 868; x_wconf 82' lang='lat' dir='ltr'>Oppianum</span> <span class='ocrx_word' id='word_1_146' title='bbox 713 820 809 866; x_wconf 87' lang='lat' dir='ltr'>igitur</span> <span class='ocrx_word' id='word_1_147' title='bbox 822 820 886 853; x_wconf 92' lang='lat' dir='ltr'>hoc</span> <span class='ocrx_word' id='word_1_148' title='bbox 901 816 941 852; x_wconf 92' lang='lat' dir='ltr'>de</span> <span class='ocrx_word' id='word_1_149' title='bbox 956 820 1129 861; x_wconf 81' lang='lat' dir='ltr'>venatione</span> <span class='ocrx_word' id='word_1_150' title='bbox 1144 827 1278 851; x_wconf 83' lang='lat' dir='ltr'>carmen</span> <span class='ocrx_word' id='word_1_151' title='bbox 1297 814 1407 863; x_wconf 84' lang='lat' dir='ltr'>paullo</span> <span class='ocrx_word' id='word_1_152' title='bbox 1429 814 1499 863; x_wconf 82' lang='lat' dir='ltr'>post</span> <span class='ocrx_word' id='word_1_153' title='bbox 1523 828 1560 850; x_wconf 89' lang='lat' dir='ltr'>ea</span> <span class='ocrx_word' id='word_1_154' title='bbox 1582 825 1735 864; x_wconf 83' lang='lat' dir='ltr'>tempora</span> <span class='ocrx_word' id='word_1_155' title='bbox 1755 814 1910 864; x_wconf 78' lang='lat' dir='ltr'>scripsisse</span> <span class='ocrx_word' id='word_1_156' title='bbox 1930 816 1976 850; x_wconf 90' lang='lat' dir='ltr'>vi-</span> 
     </span>
     <span class='ocr_line' id='line_1_13' title="bbox 261 865 1977 916; baseline -0.005 -7"><span class='ocrx_word' id='word_1_157' title='bbox 261 876 350 915; x_wconf 78' lang='lat' dir='ltr'>deri,</span> <span class='ocrx_word' id='word_1_158' title='bbox 376 876 454 908; x_wconf 84' lang='lat' dir='ltr'>viuo</span> <span class='ocrx_word' id='word_1_159' title='bbox 471 871 579 907; x_wconf 83' lang='lat' dir='ltr'>adhuc</span> <span class='ocrx_word' id='word_1_160' title='bbox 593 872 732 909; x_wconf 80' lang='lat' dir='ltr'>Senem,</span> <span class='ocrx_word' id='word_1_161' title='bbox 759 872 813 916; x_wconf 90' lang='lat' dir='ltr'>qui</span> <span class='ocrx_word' id='word_1_162' title='bbox 831 868 967 903; x_wconf 87' lang='lat' dir='ltr'>demum</span> <span class='ocrx_word' id='word_1_163' title='bbox 981 882 1009 902; x_wconf 87' lang='lat' dir='ltr'>a.</span> <span class='ocrx_word' id='word_1_164' title='bbox 1028 869 1068 902; x_wconf 92' lang='lat' dir='ltr'>V.</span> <span class='ocrx_word' id='word_1_165' title='bbox 1084 869 1125 902; x_wconf 87' lang='lat' dir='ltr'>C.</span> <span class='ocrx_word' id='word_1_166' title='bbox 1141 870 1218 912; x_wconf 82' lang='lat'><strong>964.</strong></span> <span class='ocrx_word' id='word_1_167' title='bbox 1235 865 1266 901; x_wconf 92' lang='lat' dir='ltr'>d.</span> <span class='ocrx_word' id='word_1_168' title='bbox 1282 877 1312 909; x_wconf 81' lang='grc'>4,</span> <span class='ocrx_word' id='word_1_169' title='bbox 1329 867 1420 901; x_wconf 79' lang='lat' dir='ltr'>Febr.</span> <span class='ocrx_word' id='word_1_170' title='bbox 1439 867 1528 900; x_wconf 86' lang='lat' dir='ltr'>obiit.</span> <span class='ocrx_word' id='word_1_171' title='bbox 1580 867 1687 907; x_wconf 89' lang='lat' dir='ltr'>Tum,</span> <span class='ocrx_word' id='word_1_172' title='bbox 1715 867 1887 915; x_wconf 81' lang='lat' dir='ltr'>postquam</span> <span class='ocrx_word' id='word_1_173' title='bbox 1903 865 1977 901; x_wconf 85' lang='lat' dir='ltr'>Til·</span> 
     </span>
     <span class='ocr_line' id='line_1_14' title="bbox 261 915 1976 968; baseline -0.005 -6"><span class='ocrx_word' id='word_1_174' title='bbox 261 927 431 964; x_wconf 80' lang='lat' dir='ltr'>lemontii,</span> <span class='ocrx_word' id='word_1_175' title='bbox 458 924 611 963; x_wconf 75' lang='lat' dir='ltr'>Fabricii,</span> <span class='ocrx_word' id='word_1_176' title='bbox 634 920 854 968; x_wconf 82' lang='lat' dir='ltr'>Scaligerique</span> <span class='ocrx_word' id='word_1_177' title='bbox 872 916 1043 953; x_wconf 78' lang='lat' dir='ltr'>sententias</span> <span class='ocrx_word' id='word_1_178' title='bbox 1059 920 1278 955; x_wconf 57' lang='lat' dir='ltr'>examinarit,</span> <span class='ocrx_word' id='word_1_179' title='bbox 1304 915 1414 951; x_wconf 81' lang='lat' dir='ltr'>addito</span> <span class='ocrx_word' id='word_1_180' title='bbox 1438 916 1626 951; x_wconf 82' lang='lat' dir='ltr'>testimonio</span> <span class='ocrx_word' id='word_1_181' title='bbox 1647 920 1846 952; x_wconf 81' lang='lat' dir='ltr'>innominati</span> <span class='ocrx_word' id='word_1_182' title='bbox 1864 919 1976 953; x_wconf 66' lang='lat' dir='ltr'>aueto-</span> 
     </span>
     <span class='ocr_line' id='line_1_15' title="bbox 262 964 1974 1025; baseline -0.006 -11"><span class='ocrx_word' id='word_1_183' title='bbox 262 981 325 1019; x_wconf 79' lang='lat' dir='ltr'>ris,</span> <span class='ocrx_word' id='word_1_184' title='bbox 352 978 405 1025; x_wconf 86' lang='lat' dir='ltr'>qui</span> <span class='ocrx_word' id='word_1_185' title='bbox 425 977 523 1009; x_wconf 81' lang='lat' dir='ltr'>vitam</span> <span class='ocrx_word' id='word_1_186' title='bbox 538 973 679 1020; x_wconf 84' lang='lat' dir='ltr'>Oppiani</span> <span class='ocrx_word' id='word_1_187' title='bbox 694 969 832 1017; x_wconf 81' lang='lat' dir='ltr'>scripsit,</span> <span class='ocrx_word' id='word_1_188' title='bbox 860 968 946 1004; x_wconf 82' lang='lat' dir='ltr'>haud</span> <span class='ocrx_word' id='word_1_189' title='bbox 964 967 1098 1016; x_wconf 82' lang='lat' dir='ltr'>quidem</span> <span class='ocrx_word' id='word_1_190' title='bbox 1115 978 1204 1003; x_wconf 87' lang='lat' dir='ltr'>certo</span> <span class='ocrx_word' id='word_1_191' title='bbox 1221 977 1375 1016; x_wconf 85' lang='lat' dir='ltr'>tutoque,</span> <span class='ocrx_word' id='word_1_192' title='bbox 1401 976 1433 1001; x_wconf 90' lang='lat' dir='ltr'>et</span> <span class='ocrx_word' id='word_1_193' title='bbox 1455 967 1568 1002; x_wconf 85' lang='lat' dir='ltr'>multis</span> <span class='ocrx_word' id='word_1_194' title='bbox 1592 966 1634 1002; x_wconf 89' lang='lat' dir='ltr'>de</span> <span class='ocrx_word' id='word_1_195' title='bbox 1650 971 1804 1004; x_wconf 85' lang='lat' dir='ltr'>varietate</span> <span class='ocrx_word' id='word_1_196' title='bbox 1825 964 1974 1006; x_wconf 50' lang='lat' dir='ltr'>lectioni&amp;</span> 
     </span>
     <span class='ocr_line' id='line_1_16' title="bbox 261 1017 1976 1068; baseline -0.006 -4"><span class='ocrx_word' id='word_1_197' title='bbox 261 1029 348 1066; x_wconf 83' lang='lat' dir='ltr'>etde</span> <span class='ocrx_word' id='word_1_198' title='bbox 365 1023 500 1062; x_wconf 81' lang='lat' dir='ltr'>diffensu</span> <span class='ocrx_word' id='word_1_199' title='bbox 517 1033 683 1062; x_wconf 82' lang='lat' dir='ltr'>veterum,</span> <span class='ocrx_word' id='word_1_200' title='bbox 709 1023 760 1057; x_wconf 90' lang='lat' dir='ltr'>cui</span> <span class='ocrx_word' id='word_1_201' title='bbox 777 1023 967 1068; x_wconf 75' lang='lat' dir='ltr'>imperatori</span> <span class='ocrx_word' id='word_1_202' title='bbox 983 1022 1151 1067; x_wconf 82' lang='lat' dir='ltr'>Oppianus</span> <span class='ocrx_word' id='word_1_203' title='bbox 1167 1029 1320 1067; x_wconf 78' lang='lat' dir='ltr'>poemata</span> <span class='ocrx_word' id='word_1_204' title='bbox 1334 1017 1389 1053; x_wconf 88' lang='lat' dir='ltr'>sua</span> <span class='ocrx_word' id='word_1_205' title='bbox 1402 1018 1575 1061; x_wconf 88' lang='lat' dir='ltr'>dedicarit,</span> <span class='ocrx_word' id='word_1_206' title='bbox 1603 1021 1637 1053; x_wconf 88' lang='lat' dir='ltr'>in</span> <span class='ocrx_word' id='word_1_207' title='bbox 1658 1019 1808 1055; x_wconf 85' lang='lat' dir='ltr'>medium</span> <span class='ocrx_word' id='word_1_208' title='bbox 1831 1021 1976 1068; x_wconf 80' lang='lat' dir='ltr'>prolatis,</span> 
     </span>
     <span class='ocr_line' id='line_1_17' title="bbox 264 1068 1977 1123; baseline -0.004 -10"><span class='ocrx_word' id='word_1_209' title='bbox 264 1083 325 1120; x_wconf 77' lang='lat' dir='ltr'>ait,</span> <span class='ocrx_word' id='word_1_210' title='bbox 361 1077 432 1113; x_wconf 82' lang='lat' dir='ltr'>satis</span> <span class='ocrx_word' id='word_1_211' title='bbox 462 1075 635 1123; x_wconf 74' lang='lat' dir='ltr'>adparere,</span> <span class='ocrx_word' id='word_1_212' title='bbox 673 1073 811 1107; x_wconf 80' lang='lat' dir='ltr'>mirifice</span> <span class='ocrx_word' id='word_1_213' title='bbox 836 1070 906 1106; x_wconf 83' lang='lat' dir='ltr'>falli</span> <span class='ocrx_word' id='word_1_214' title='bbox 935 1084 1012 1106; x_wconf 88' lang='lat' dir='ltr'>cum</span> <span class='ocrx_word' id='word_1_215' title='bbox 1035 1070 1201 1118; x_wconf 83' lang='lat' dir='ltr'>Scaligero</span> <span class='ocrx_word' id='word_1_216' title='bbox 1225 1068 1389 1110; x_wconf 81' lang='lat' dir='ltr'>Vosfium,</span> <span class='ocrx_word' id='word_1_217' title='bbox 1416 1073 1471 1119; x_wconf 88' lang='lat' dir='ltr'>qui</span> <span class='ocrx_word' id='word_1_218' title='bbox 1501 1072 1533 1104; x_wconf 88' lang='lat' dir='ltr'>in</span> <span class='ocrx_word' id='word_1_219' title='bbox 1554 1069 1640 1105; x_wconf 89' lang='lat' dir='ltr'>libro</span> <span class='ocrx_word' id='word_1_220' title='bbox 1663 1069 1703 1106; x_wconf 79' lang='lat' dir='ltr'>de</span> <span class='ocrx_word' id='word_1_221' title='bbox 1726 1073 1977 1120; x_wconf 66' lang='lat' dir='ltr'>poetis-graecis</span> 
     </span>
     <span class='ocr_line' id='line_1_18' title="bbox 263 1118 1978 1181; baseline 0.001 -24"><span class='ocrx_word' id='word_1_222' title='bbox 263 1145 339 1181; x_wconf 41' lang='lat' dir='ltr'>pag,</span> <span class='ocrx_word' id='word_1_223' title='bbox 359 1126 579 1176; x_wconf 71' lang='lat' dir='ltr'>221‚s0ripfit‚</span> <span class='ocrx_word' id='word_1_224' title='bbox 605 1123 793 1161; x_wconf 84' lang='lat' dir='ltr'>Caracallae</span> <span class='ocrx_word' id='word_1_225' title='bbox 808 1118 993 1162; x_wconf 65' lang='grc' dir='ltr'>ἁλιευτικοὶ</span> <span class='ocrx_word' id='word_1_226' title='bbox 1013 1121 1159 1157; x_wconf 76' lang='lat' dir='ltr'>dedicata</span> <span class='ocrx_word' id='word_1_227' title='bbox 1182 1119 1294 1163; x_wconf 88' lang='lat' dir='ltr'>fuisse,</span> <span class='ocrx_word' id='word_1_228' title='bbox 1322 1124 1399 1157; x_wconf 90' lang='lat' dir='ltr'>viuo</span> <span class='ocrx_word' id='word_1_229' title='bbox 1418 1120 1526 1156; x_wconf 85' lang='lat' dir='ltr'>adhuc</span> <span class='ocrx_word' id='word_1_230' title='bbox 1548 1122 1670 1157; x_wconf 92' lang='lat' dir='ltr'>Seuero</span> <span class='ocrx_word' id='word_1_231' title='bbox 1694 1133 1801 1172; x_wconf 84' lang='lat' dir='ltr'>patre,</span> <span class='ocrx_word' id='word_1_232' title='bbox 1827 1125 1978 1171; x_wconf 86' lang='lat' dir='ltr'>Cynege·</span> 
     </span>
     <span class='ocr_line' id='line_1_19' title="bbox 264 1172 1977 1224; baseline -0.006 -6"><span class='ocrx_word' id='word_1_233' title='bbox 264 1186 328 1218; x_wconf 83' lang='lat' dir='ltr'>tica</span> <span class='ocrx_word' id='word_1_234' title='bbox 345 1194 422 1217; x_wconf 85' lang='lat' dir='ltr'>vero</span> <span class='ocrx_word' id='word_1_235' title='bbox 437 1179 562 1217; x_wconf 79' lang='lat' dir='ltr'>eidem,</span> <span class='ocrx_word' id='word_1_236' title='bbox 587 1187 722 1212; x_wconf 85' lang='lat' dir='ltr'>mortuo</span> <span class='ocrx_word' id='word_1_237' title='bbox 738 1186 840 1224; x_wconf 89' lang='lat' dir='ltr'>patre.</span> <span class='ocrx_word' id='word_1_238' title='bbox 895 1177 1019 1210; x_wconf 83' lang='lat' dir='ltr'>Contra</span> <span class='ocrx_word' id='word_1_239' title='bbox 1043 1173 1214 1215; x_wconf 77' lang='lat' dir='ltr'>adfirmat,</span> <span class='ocrx_word' id='word_1_240' title='bbox 1239 1186 1372 1208; x_wconf 89' lang='lat' dir='ltr'>carmen</span> <span class='ocrx_word' id='word_1_241' title='bbox 1393 1172 1433 1208; x_wconf 89' lang='lat' dir='ltr'>de</span> <span class='ocrx_word' id='word_1_242' title='bbox 1462 1175 1631 1208; x_wconf 86' lang='lat' dir='ltr'>venatione</span> <span class='ocrx_word' id='word_1_243' title='bbox 1651 1173 1691 1208; x_wconf 89' lang='lat' dir='ltr'>ab</span> <span class='ocrx_word' id='word_1_244' title='bbox 1716 1176 1893 1222; x_wconf 77' lang='lat' dir='ltr'>Oppiano,</span> <span class='ocrx_word' id='word_1_245' title='bbox 1918 1172 1977 1209; x_wconf 76' lang='lat' dir='ltr'>nisi</span> 
     </span>
     <span class='ocr_line' id='line_1_20' title="bbox 266 1222 1980 1284; baseline -0.005 -15"><span class='ocrx_word' id='word_1_246' title='bbox 266 1248 370 1284; x_wconf 82' lang='lat' dir='ltr'>paene</span> <span class='ocrx_word' id='word_1_247' title='bbox 386 1244 488 1280; x_wconf 83' lang='lat' dir='ltr'>puero</span> <span class='ocrx_word' id='word_1_248' title='bbox 502 1229 628 1270; x_wconf 87' lang='lat' dir='ltr'>adhuc,</span> <span class='ocrx_word' id='word_1_249' title='bbox 654 1238 685 1262; x_wconf 85' lang='lat' dir='ltr'>et</span> <span class='ocrx_word' id='word_1_250' title='bbox 701 1240 876 1275; x_wconf 83' lang='lat' dir='ltr'>germanae</span> <span class='ocrx_word' id='word_1_251' title='bbox 891 1225 1009 1260; x_wconf 85' lang='lat' dir='ltr'>indolis</span> <span class='ocrx_word' id='word_1_252' title='bbox 1024 1225 1157 1271; x_wconf 75' lang='lat' dir='ltr'>linguae</span> <span class='ocrx_word' id='word_1_253' title='bbox 1167 1238 1302 1273; x_wconf 81' lang='lat' dir='ltr'>graecae</span> <span class='ocrx_word' id='word_1_254' title='bbox 1318 1222 1449 1274; x_wconf 86' lang='lat' dir='ltr'>prorsus</span> <span class='ocrx_word' id='word_1_255' title='bbox 1466 1226 1599 1272; x_wconf 85' lang='lat' dir='ltr'>ignaro,</span> <span class='ocrx_word' id='word_1_256' title='bbox 1627 1222 1718 1260; x_wconf 89' lang='lat' dir='ltr'>scribi</span> <span class='ocrx_word' id='word_1_257' title='bbox 1745 1239 1814 1261; x_wconf 89' lang='lat' dir='ltr'>non</span> <span class='ocrx_word' id='word_1_258' title='bbox 1829 1223 1980 1275; x_wconf 75' lang='lat' dir='ltr'>potuisse·</span> 
     </span>
     <span class='ocr_line' id='line_1_21' title="bbox 266 1276 1979 1332; baseline -0.004 -14"><span class='ocrx_word' id='word_1_259' title='bbox 266 1288 519 1332; x_wconf 83' lang='lat' dir='ltr'>„Comparent,</span> <span class='ocrx_word' id='word_1_260' title='bbox 545 1282 605 1318; x_wconf 84' lang='lat' dir='ltr'>ait,</span> <span class='ocrx_word' id='word_1_261' title='bbox 631 1276 750 1327; x_wconf 83' lang='lat' dir='ltr'>quaeso</span> <span class='ocrx_word' id='word_1_262' title='bbox 769 1281 828 1313; x_wconf 87' lang='lat' dir='ltr'>viri</span> <span class='ocrx_word' id='word_1_263' title='bbox 842 1277 1076 1326; x_wconf 83' lang='lat' dir='ltr'>intelligentes,</span> <span class='ocrx_word' id='word_1_264' title='bbox 1102 1286 1134 1311; x_wconf 87' lang='lat' dir='ltr'>et</span> <span class='ocrx_word' id='word_1_265' title='bbox 1148 1289 1283 1324; x_wconf 78' lang='lat' dir='ltr'>graecae</span> <span class='ocrx_word' id='word_1_266' title='bbox 1298 1276 1429 1324; x_wconf 85' lang='lat' dir='ltr'>linguae</span> <span class='ocrx_word' id='word_1_267' title='bbox 1445 1277 1546 1324; x_wconf 90' lang='lat' dir='ltr'>probe</span> <span class='ocrx_word' id='word_1_268' title='bbox 1561 1279 1653 1324; x_wconf 81' lang='lat' dir='ltr'>periti</span> <span class='ocrx_word' id='word_1_269' title='bbox 1668 1277 1864 1324; x_wconf 81' lang='lat' dir='ltr'>elegantiam</span> <span class='ocrx_word' id='word_1_270' title='bbox 1882 1276 1979 1311; x_wconf 88' lang='lat' dir='ltr'>libro-</span> 
     </span>
     <span class='ocr_line' id='line_1_22' title="bbox 267 1326 1979 1382; baseline -0.005 -11"><span class='ocrx_word' id='word_1_271' title='bbox 267 1350 341 1374; x_wconf 82' lang='lat' dir='ltr'>rum</span> <span class='ocrx_word' id='word_1_272' title='bbox 359 1335 398 1370; x_wconf 86' lang='lat' dir='ltr'>(le</span> <span class='ocrx_word' id='word_1_273' title='bbox 413 1331 606 1382; x_wconf 74' lang='lat' dir='ltr'>piscatione,</span> <span class='ocrx_word' id='word_1_274' title='bbox 633 1343 709 1365; x_wconf 87' lang='lat' dir='ltr'>eum</span> <span class='ocrx_word' id='word_1_275' title='bbox 725 1328 855 1371; x_wconf 76' lang='lat' dir='ltr'>duritie,</span> <span class='ocrx_word' id='word_1_276' title='bbox 883 1327 951 1363; x_wconf 84' lang='lat' dir='ltr'>fere</span> <span class='ocrx_word' id='word_1_277' title='bbox 969 1328 1108 1362; x_wconf 86' lang='lat' dir='ltr'>dixerim</span> <span class='ocrx_word' id='word_1_278' title='bbox 1124 1328 1268 1362; x_wconf 83' lang='lat' dir='ltr'>barbarie</span> <span class='ocrx_word' id='word_1_279' title='bbox 1290 1326 1460 1370; x_wconf 65' lang='lat' dir='ltr'>dictionis,</span> <span class='ocrx_word' id='word_1_280' title='bbox 1488 1340 1570 1374; x_wconf 87' lang='lat' dir='ltr'>quae</span> <span class='ocrx_word' id='word_1_281' title='bbox 1591 1340 1650 1376; x_wconf 89' lang='lat' dir='ltr'>per</span> <span class='ocrx_word' id='word_1_282' title='bbox 1670 1338 1810 1376; x_wconf 85' lang='lat' dir='ltr'>quatuor</span> <span class='ocrx_word' id='word_1_283' title='bbox 1833 1328 1979 1376; x_wconf 67' lang='lat' dir='ltr'>reliquos</span> 
     </span>
     <span class='ocr_line' id='line_1_23' title="bbox 268 1378 1980 1435; baseline -0.004 -13"><span class='ocrx_word' id='word_1_284' title='bbox 268 1389 551 1435; x_wconf 79' lang='lat' dir='ltr'>Cynegeticorum</span> <span class='ocrx_word' id='word_1_285' title='bbox 565 1383 665 1417; x_wconf 81' lang='lat' dir='ltr'>libros</span> <span class='ocrx_word' id='word_1_286' title='bbox 684 1382 802 1429; x_wconf 81' lang='lat' dir='ltr'>vbique</span> <span class='ocrx_word' id='word_1_287' title='bbox 820 1383 922 1427; x_wconf 85' lang='lat' dir='ltr'>magis</span> <span class='ocrx_word' id='word_1_288' title='bbox 938 1380 1057 1414; x_wconf 87' lang='lat' dir='ltr'>latinae</span> <span class='ocrx_word' id='word_1_289' title='bbox 1073 1379 1203 1425; x_wconf 80' lang='lat' dir='ltr'>linguae</span> <span class='ocrx_word' id='word_1_290' title='bbox 1219 1378 1378 1417; x_wconf 78' lang='lat' dir='ltr'>indolem,</span> <span class='ocrx_word' id='word_1_291' title='bbox 1401 1390 1498 1427; x_wconf 83' lang='lat' dir='ltr'>quarn</span> <span class='ocrx_word' id='word_1_292' title='bbox 1515 1391 1649 1426; x_wconf 80' lang='lat' dir='ltr'>graecae</span> <span class='ocrx_word' id='word_1_293' title='bbox 1663 1378 1815 1414; x_wconf 60' lang='lat' dir='ltr'>dictionis</span> <span class='ocrx_word' id='word_1_294' title='bbox 1831 1382 1980 1415; x_wconf 83' lang='lat' dir='ltr'>natiuum</span> 
     </span>
     <span class='ocr_line' id='line_1_24' title="bbox 269 1427 1981 1481; baseline -0.004 -9"><span class='ocrx_word' id='word_1_295' title='bbox 269 1452 301 1478; x_wconf 84' lang='lat' dir='ltr'>et</span> <span class='ocrx_word' id='word_1_296' title='bbox 315 1450 510 1481; x_wconf 64' lang='lat' dir='ltr'>germanum</span> <span class='ocrx_word' id='word_1_297' title='bbox 527 1437 667 1469; x_wconf 80' lang='lat' dir='ltr'>nitorem</span> <span class='ocrx_word' id='word_1_298' title='bbox 684 1445 760 1479; x_wconf 83' lang='lat' dir='ltr'>prae</span> <span class='ocrx_word' id='word_1_299' title='bbox 776 1430 806 1466; x_wconf 87' lang='lat' dir='ltr'>se</span> <span class='ocrx_word' id='word_1_300' title='bbox 819 1429 900 1475; x_wconf 84' lang='lat' dir='ltr'>fert;</span> <span class='ocrx_word' id='word_1_301' title='bbox 925 1429 1131 1464; x_wconf 83' lang='lat' dir='ltr'>confiderent</span> <span class='ocrx_word' id='word_1_302' title='bbox 1148 1429 1284 1464; x_wconf 81' lang='lat' dir='ltr'>vniuerfi</span> <span class='ocrx_word' id='word_1_303' title='bbox 1301 1432 1405 1476; x_wconf 80' lang='lat' dir='ltr'>operis</span> <span class='ocrx_word' id='word_1_304' title='bbox 1423 1432 1584 1476; x_wconf 84' lang='lat' dir='ltr'>totiusque</span> <span class='ocrx_word' id='word_1_305' title='bbox 1598 1429 1640 1463; x_wconf 85' lang='lat' dir='ltr'>de</span> <span class='ocrx_word' id='word_1_306' title='bbox 1652 1432 1822 1466; x_wconf 82' lang='lat' dir='ltr'>venatione</span> <span class='ocrx_word' id='word_1_307' title='bbox 1844 1427 1981 1479; x_wconf 57' lang='lat' dir='ltr'>discipli-¹</span> 
     </span>
     <span class='ocr_line' id='line_1_25' title="bbox 270 1478 1981 1537; baseline -0.003 -16"><span class='ocrx_word' id='word_1_308' title='bbox 270 1484 331 1530; x_wconf 63' lang='lat' dir='ltr'>m}</span> <span class='ocrx_word' id='word_1_309' title='bbox 348 1499 468 1537; x_wconf 53' lang='lat' dir='ltr'>partes,</span> <span class='ocrx_word' id='word_1_310' title='bbox 492 1499 591 1534; x_wconf 74' lang='lat' dir='ltr'>quam</span> <span class='ocrx_word' id='word_1_311' title='bbox 609 1484 695 1519; x_wconf 86' lang='lat' dir='ltr'>male</span> <span class='ocrx_word' id='word_1_312' title='bbox 712 1483 865 1524; x_wconf 60' lang='lat' dir='ltr'>structae,</span> <span class='ocrx_word' id='word_1_313' title='bbox 893 1495 993 1530; x_wconf 83' lang='lat' dir='ltr'>quam</span> <span class='ocrx_word' id='word_1_314' title='bbox 1011 1483 1117 1530; x_wconf 87' lang='lat' dir='ltr'>inepte</span> <span class='ocrx_word' id='word_1_315' title='bbox 1131 1482 1232 1515; x_wconf 81' lang='lat' dir='ltr'>verbis</span> <span class='ocrx_word' id='word_1_316' title='bbox 1247 1491 1277 1515; x_wconf 85' lang='lat' dir='ltr'>et</span> <span class='ocrx_word' id='word_1_317' title='bbox 1292 1478 1453 1515; x_wconf 80' lang='lat' dir='ltr'>sententiis</span> <span class='ocrx_word' id='word_1_318' title='bbox 1468 1482 1661 1516; x_wconf 62' lang='lat' dir='ltr'>coniunctae</span> <span class='ocrx_word' id='word_1_319' title='bbox 1675 1480 1746 1524; x_wconf 82' lang='lat' dir='ltr'>sint,</span> <span class='ocrx_word' id='word_1_320' title='bbox 1773 1495 1844 1522; x_wconf 83' lang='lat' dir='ltr'>nec,</span> <span class='ocrx_word' id='word_1_321' title='bbox 1867 1480 1981 1525; x_wconf 88' lang='lat' dir='ltr'>credo,</span> 
     </span>
     <span class='ocr_line' id='line_1_26' title="bbox 271 1529 1983 1581; baseline -0.006 -3"><span class='ocrx_word' id='word_1_322' title='bbox 271 1543 478 1581; x_wconf 75' lang='lat' dir='ltr'>dubitabunt,</span> <span class='ocrx_word' id='word_1_323' title='bbox 504 1536 677 1572; x_wconf 81' lang='lat' dir='ltr'>sententiae</span> <span class='ocrx_word' id='word_1_324' title='bbox 691 1534 819 1569; x_wconf 80' lang='lat' dir='ltr'>nostrae</span> <span class='ocrx_word' id='word_1_325' title='bbox 833 1533 1023 1569; x_wconf 84' lang='lat' dir='ltr'>accedere.“</span> <span class='ocrx_word' id='word_1_326' title='bbox 1076 1535 1200 1567; x_wconf 88' lang='lat' dir='ltr'>Verum</span> <span class='ocrx_word' id='word_1_327' title='bbox 1225 1544 1300 1579; x_wconf 83' lang='lat' dir='ltr'>pag.</span> <span class='ocrx_word' id='word_1_328' title='bbox 1318 1544 1394 1576; x_wconf 86' lang='lat'>404.</span> <span class='ocrx_word' id='word_1_329' title='bbox 1422 1531 1462 1567; x_wconf 87' lang='lat' dir='ltr'>ad</span> <span class='ocrx_word' id='word_1_330' title='bbox 1483 1532 1556 1568; x_wconf 88' lang='lat' dir='ltr'>libr.</span> <span class='ocrx_word' id='word_1_331' title='bbox 1575 1534 1627 1568; x_wconf 83' lang='lat'>111.</span> <span class='ocrx_word' id='word_1_332' title='bbox 1651 1531 1690 1567; x_wconf 91' lang='lat' dir='ltr'>de</span> <span class='ocrx_word' id='word_1_333' title='bbox 1711 1529 1890 1581; x_wconf 86' lang='lat' dir='ltr'>piscatione</span> <span class='ocrx_word' id='word_1_334' title='bbox 1912 1532 1983 1568; x_wconf 84' lang='lat' dir='ltr'>vul·</span> 
     </span>
     <span class='ocr_line' id='line_1_27' title="bbox 271 1581 1980 1645; baseline -0.006 -16"><span class='ocrx_word' id='word_1_335' title='bbox 271 1607 384 1645; x_wconf 70' lang='lat' dir='ltr'>garum</span> <span class='ocrx_word' id='word_1_336' title='bbox 407 1590 597 1627; x_wconf 76' lang='lat' dir='ltr'>sententiam</span> <span class='ocrx_word' id='word_1_337' title='bbox 618 1589 758 1622; x_wconf 87' lang='lat' dir='ltr'>omnino</span> <span class='ocrx_word' id='word_1_338' title='bbox 781 1584 933 1626; x_wconf 80' lang='lat' dir='ltr'>damnat,</span> <span class='ocrx_word' id='word_1_339' title='bbox 965 1595 995 1619; x_wconf 83' lang='lat' dir='ltr'>et</span> <span class='ocrx_word' id='word_1_340' title='bbox 1017 1581 1131 1618; x_wconf 73' lang='lat' dir='ltr'>diserte</span> <span class='ocrx_word' id='word_1_341' title='bbox 1152 1585 1356 1632; x_wconf 73' lang='lat' dir='ltr'>pronuntiat,</span> <span class='ocrx_word' id='word_1_342' title='bbox 1391 1585 1558 1618; x_wconf 63' lang='lat' dir='ltr'>auctorem</span> <span class='ocrx_word' id='word_1_343' title='bbox 1581 1586 1731 1619; x_wconf 81' lang='lat' dir='ltr'>carminis</span> <span class='ocrx_word' id='word_1_344' title='bbox 1760 1585 1797 1618; x_wconf 76' lang='lat' dir='ltr'>dc</span> <span class='ocrx_word' id='word_1_345' title='bbox 1817 1587 1980 1619; x_wconf 72' lang='lat' dir='ltr'>venatione</span> 
     </span>
     <span class='ocr_line' id='line_1_28' title="bbox 272 1632 2013 1695; baseline -0.004 -16"><span class='ocrx_word' id='word_1_346' title='bbox 272 1650 421 1695; x_wconf 78' lang='lat' dir='ltr'>Apamea</span> <span class='ocrx_word' id='word_1_347' title='bbox 438 1640 634 1680; x_wconf 74' lang='lat' dir='ltr'>oriundum,</span> <span class='ocrx_word' id='word_1_348' title='bbox 661 1640 775 1685; x_wconf 86' lang='lat' dir='ltr'>(quam</span> <span class='ocrx_word' id='word_1_349' title='bbox 800 1640 940 1685; x_wconf 78' lang='lat' dir='ltr'>patriam</span> <span class='ocrx_word' id='word_1_350' title='bbox 962 1634 1052 1670; x_wconf 83' lang='lat' dir='ltr'>suam</span> <span class='ocrx_word' id='word_1_351' title='bbox 1075 1632 1141 1683; x_wconf 84' lang='lat' dir='ltr'>ipse</span> <span class='ocrx_word' id='word_1_352' title='bbox 1163 1634 1246 1669; x_wconf 89' lang='lat' dir='ltr'>libro</span> <span class='ocrx_word' id='word_1_353' title='bbox 1263 1636 1302 1670; x_wconf 88' lang='lat'>11.</span> <span class='ocrx_word' id='word_1_354' title='bbox 1324 1648 1354 1670; x_wconf 87' lang='lat' dir='ltr'>v.</span> <span class='ocrx_word' id='word_1_355' title='bbox 1374 1647 1423 1679; x_wconf 84' lang='lat'>27.</span> <span class='ocrx_word' id='word_1_356' title='bbox 1438 1634 1523 1670; x_wconf 84' lang='lat' dir='ltr'>clare</span> <span class='ocrx_word' id='word_1_357' title='bbox 1538 1634 1683 1680; x_wconf 59' lang='lat' dir='ltr'>indicam)</span> <span class='ocrx_word' id='word_1_358' title='bbox 1711 1638 1777 1684; x_wconf 86' lang='lat' dir='ltr'>qui,</span> <span class='ocrx_word' id='word_1_359' title='bbox 1803 1638 1984 1684; x_wconf 79' lang='lat' dir='ltr'>imperante</span> <span class='ocrx_word' id='word_1_360' title='bbox 2012 1665 2013 1668; x_wconf 22' lang='grc' dir='ltr'>η</span> 
     </span>
     <span class='ocr_line' id='line_1_29' title="bbox 275 1683 1984 1737; baseline -0.006 -5"><span class='ocrx_word' id='word_1_361' title='bbox 275 1694 445 1732; x_wconf 78' lang='lat' dir='ltr'>Caracalla</span> <span class='ocrx_word' id='word_1_362' title='bbox 461 1694 569 1728; x_wconf 88' lang='lat' dir='ltr'>Seueri</span> <span class='ocrx_word' id='word_1_363' title='bbox 587 1690 656 1724; x_wconf 79' lang='lat' dir='ltr'>filio</span> <span class='ocrx_word' id='word_1_364' title='bbox 675 1686 858 1737; x_wconf 87' lang='lat' dir='ltr'>scripserat,</span> <span class='ocrx_word' id='word_1_365' title='bbox 885 1686 980 1734; x_wconf 84' lang='lat' dir='ltr'>plane</span> <span class='ocrx_word' id='word_1_366' title='bbox 999 1683 1163 1721; x_wconf 82' lang='lat' dir='ltr'>diuersum</span> <span class='ocrx_word' id='word_1_367' title='bbox 1179 1684 1239 1721; x_wconf 89' lang='lat' dir='ltr'>esse</span> <span class='ocrx_word' id='word_1_368' title='bbox 1254 1686 1292 1720; x_wconf 84' lang='lat' dir='ltr'>ab</span> <span class='ocrx_word' id='word_1_369' title='bbox 1308 1686 1475 1730; x_wconf 73' lang='lat' dir='ltr'>Oppiam),</span> <span class='ocrx_word' id='word_1_370' title='bbox 1502 1686 1756 1723; x_wconf 49' lang='lat' dir='ltr'>Halieuma-orum</span> <span class='ocrx_word' id='word_1_371' title='bbox 1772 1687 1910 1728; x_wconf 60' lang='lat' dir='ltr'>auffert,</span> <span class='ocrx_word' id='word_1_372' title='bbox 1931 1688 1984 1737; x_wconf 75' lang='lat' dir='ltr'>qui</span> 
     </span>
     <span class='ocr_line' id='line_1_30' title="bbox 274 1737 2013 1788; baseline -0.006 -7"><span class='ocrx_word' id='word_1_373' title='bbox 274 1747 334 1784; x_wconf 84' lang='lat' dir='ltr'>sub</span> <span class='ocrx_word' id='word_1_374' title='bbox 348 1749 466 1783; x_wconf 82' lang='lat' dir='ltr'>Marco</span> <span class='ocrx_word' id='word_1_375' title='bbox 484 1744 653 1778; x_wconf 79' lang='lat' dir='ltr'>Antonino</span> <span class='ocrx_word' id='word_1_376' title='bbox 676 1742 810 1788; x_wconf 86' lang='lat' dir='ltr'>eiusque</span> <span class='ocrx_word' id='word_1_377' title='bbox 835 1738 905 1772; x_wconf 76' lang='lat' dir='ltr'>filio</span> <span class='ocrx_word' id='word_1_378' title='bbox 921 1738 1138 1778; x_wconf 84' lang='lat' dir='ltr'>Commodo,</span> <span class='ocrx_word' id='word_1_379' title='bbox 1171 1738 1280 1780; x_wconf 80' lang='lat' dir='ltr'>(cuius</span> <span class='ocrx_word' id='word_1_380' title='bbox 1303 1747 1412 1771; x_wconf 87' lang='lat' dir='ltr'>tamen</span> <span class='ocrx_word' id='word_1_381' title='bbox 1439 1737 1592 1772; x_wconf 77' lang='lat' dir='ltr'>vltimum</span> <span class='ocrx_word' id='word_1_382' title='bbox 1616 1740 1793 1786; x_wconf 84' lang='lat' dir='ltr'>imperium</span> <span class='ocrx_word' id='word_1_383' title='bbox 1814 1751 1885 1773; x_wconf 88' lang='lat' dir='ltr'>non</span> <span class='ocrx_word' id='word_1_384' title='bbox 1907 1738 1986 1773; x_wconf 74' lang='lat' dir='ltr'>adei·</span> <span class='ocrx_word' id='word_1_385' title='bbox 2012 1761 2013 1771; x_wconf 45' lang='lat'>1</span> 
     </span>
     <span class='ocr_line' id='line_1_31' title="bbox 276 1786 2013 1848; baseline -0.004 -17"><span class='ocrx_word' id='word_1_386' title='bbox 276 1801 352 1848; x_wconf 46' lang='grc' dir='ltr'>ἐξίῃ)</span> <span class='ocrx_word' id='word_1_387' title='bbox 379 1800 413 1831; x_wconf 87' lang='lat' dir='ltr'>in</span> <span class='ocrx_word' id='word_1_388' title='bbox 427 1798 506 1831; x_wconf 86' lang='lat' dir='ltr'>viuis</span> <span class='ocrx_word' id='word_1_389' title='bbox 522 1792 603 1835; x_wconf 78' lang='lat' dir='ltr'>fuit,</span> <span class='ocrx_word' id='word_1_390' title='bbox 629 1801 660 1827; x_wconf 88' lang='lat' dir='ltr'>et</span> <span class='ocrx_word' id='word_1_391' title='bbox 676 1803 810 1826; x_wconf 82' lang='lat' dir='ltr'>carmen</span> <span class='ocrx_word' id='word_1_392' title='bbox 825 1787 921 1824; x_wconf 84' lang='lat' dir='ltr'>suum</span> <span class='ocrx_word' id='word_1_393' title='bbox 937 1788 977 1824; x_wconf 89' lang='lat' dir='ltr'>de</span> <span class='ocrx_word' id='word_1_394' title='bbox 998 1786 1172 1835; x_wconf 83' lang='lat' dir='ltr'>piscatione</span> <span class='ocrx_word' id='word_1_395' title='bbox 1194 1787 1311 1822; x_wconf 81' lang='lat' dir='ltr'>iisdem</span> <span class='ocrx_word' id='word_1_396' title='bbox 1334 1786 1514 1822; x_wconf 84' lang='lat' dir='ltr'>dedicauit:</span> <span class='ocrx_word' id='word_1_397' title='bbox 1536 1787 1625 1836; x_wconf 82' lang='lat' dir='ltr'>quod</span> <span class='ocrx_word' id='word_1_398' title='bbox 1649 1791 1714 1824; x_wconf 86' lang='lat' dir='ltr'>iam</span> <span class='ocrx_word' id='word_1_399' title='bbox 1737 1788 1819 1823; x_wconf 89' lang='lat' dir='ltr'>olim</span> <span class='ocrx_word' id='word_1_400' title='bbox 1833 1787 1985 1824; x_wconf 76' lang='lat' dir='ltr'>Eusebius</span> <span class='ocrx_word' id='word_1_401' title='bbox 2011 1799 2013 1824; x_wconf 84' lang='lat' dir='ltr'>i</span> 
     </span>
     <span class='ocr_line' id='line_1_32' title="bbox 277 1837 2013 1890; baseline -0.005 -6"><span class='ocrx_word' id='word_1_402' title='bbox 277 1861 308 1887; x_wconf 74' lang='lat' dir='ltr'>et</span> <span class='ocrx_word' id='word_1_403' title='bbox 324 1847 438 1884; x_wconf 79' lang='lat' dir='ltr'>Suidas</span> <span class='ocrx_word' id='word_1_404' title='bbox 451 1846 678 1882; x_wconf 77' lang='lat' dir='ltr'>adfirmarunt.</span> <span class='ocrx_word' id='word_1_405' title='bbox 730 1843 972 1890; x_wconf 85' lang='lat' dir='ltr'>Argumentum</span> <span class='ocrx_word' id='word_1_406' title='bbox 989 1839 1077 1874; x_wconf 87' lang='lat' dir='ltr'>ducit</span> <span class='ocrx_word' id='word_1_407' title='bbox 1094 1852 1133 1874; x_wconf 87' lang='lat' dir='ltr'>ex</span> <span class='ocrx_word' id='word_1_408' title='bbox 1149 1851 1209 1880; x_wconf 77' lang='lat' dir='ltr'>eo,</span> <span class='ocrx_word' id='word_1_409' title='bbox 1236 1837 1324 1887; x_wconf 86' lang='lat' dir='ltr'>quod</span> <span class='ocrx_word' id='word_1_410' title='bbox 1340 1839 1544 1879; x_wconf 63' lang='lat' dir='ltr'>Athenaeus,</span> <span class='ocrx_word' id='word_1_411' title='bbox 1570 1841 1640 1886; x_wconf 84' lang='lat' dir='ltr'>(qui</span> <span class='ocrx_word' id='word_1_412' title='bbox 1660 1842 1710 1876; x_wconf 86' lang='lat' dir='ltr'>M.</span> <span class='ocrx_word' id='word_1_413' title='bbox 1730 1842 1887 1875; x_wconf 80' lang='lat' dir='ltr'>Antonini</span> <span class='ocrx_word' id='word_1_414' title='bbox 1901 1852 1987 1876; x_wconf 84' lang='lat' dir='ltr'>aeta·</span> <span class='ocrx_word' id='word_1_415' title='bbox 2009 1855 2013 1876; x_wconf 87' lang='grc' dir='ltr'>ι</span> 
     </span>
     <span class='ocr_line' id='line_1_33' title="bbox 277 1887 2013 1943; baseline -0.013 -6"><span class='ocrx_word' id='word_1_416' title='bbox 277 1913 310 1937; x_wconf 80' lang='lat' dir='ltr'>te</span> <span class='ocrx_word' id='word_1_417' title='bbox 330 1900 437 1943; x_wconf 57' lang='lat' dir='ltr'>vixit)</span> <span class='ocrx_word' id='word_1_418' title='bbox 460 1898 512 1933; x_wconf 83' lang='lat' dir='ltr'>lib.</span> <span class='ocrx_word' id='word_1_419' title='bbox 528 1897 598 1930; x_wconf 79' lang='lat' dir='ltr'>XII.</span> <span class='ocrx_word' id='word_1_420' title='bbox 620 1906 693 1942; x_wconf 77' lang='lat' dir='ltr'>pag.</span> <span class='ocrx_word' id='word_1_421' title='bbox 707 1905 772 1938; x_wconf 84' lang='lat'>537.</span> <span class='ocrx_word' id='word_1_422' title='bbox 797 1890 1028 1928; x_wconf 87' lang='lat' dir='ltr'>Commodum</span> <span class='ocrx_word' id='word_1_423' title='bbox 1051 1889 1223 1938; x_wconf 81' lang='lat' dir='ltr'>aequalem</span> <span class='ocrx_word' id='word_1_424' title='bbox 1245 1888 1302 1924; x_wconf 82' lang='lat' dir='ltr'>fibi</span> <span class='ocrx_word' id='word_1_425' title='bbox 1325 1892 1494 1929; x_wconf 84' lang='lat' dir='ltr'>nominat,</span> <span class='ocrx_word' id='word_1_426' title='bbox 1521 1887 1578 1927; x_wconf 66' lang='grc' dir='ltr'>τὶν</span> <span class='ocrx_word' id='word_1_427' title='bbox 1595 1889 1680 1929; x_wconf 64' lang='grc' dir='ltr'>καθ’</span> <span class='ocrx_word' id='word_1_428' title='bbox 1698 1890 1789 1938; x_wconf 62' lang='grc' dir='ltr'>ἡμᾶς</span> <span class='ocrx_word' id='word_1_429' title='bbox 1804 1887 1984 1941; x_wconf 59' lang='grc' dir='ltr'><strong><em>Κόμμοδονο</em></strong></span> <span class='ocrx_word' id='word_1_430' title='bbox 2009 1909 2013 1928; x_wconf 70' lang='grc'>,</span> 
     </span>
     <span class='ocr_line' id='line_1_34' title="bbox 278 1937 2013 1997; baseline -0.005 -9"><span class='ocrx_word' id='word_1_431' title='bbox 278 1953 363 1989; x_wconf 84' lang='lat' dir='ltr'>libro</span> <span class='ocrx_word' id='word_1_432' title='bbox 378 1963 457 1985; x_wconf 88' lang='lat' dir='ltr'>vero</span> <span class='ocrx_word' id='word_1_433' title='bbox 475 1950 498 1983; x_wconf 84' lang='lat' dir='ltr'>l.</span> <span class='ocrx_word' id='word_1_434' title='bbox 516 1959 590 1997; x_wconf 80' lang='lat' dir='ltr'>pag.</span> <span class='ocrx_word' id='word_1_435' title='bbox 608 1958 651 1987; x_wconf 85' lang='lat'>13.</span> <span class='ocrx_word' id='word_1_436' title='bbox 671 1945 874 1991; x_wconf 72' lang='lat' dir='ltr'>Oppianum,</span> <span class='ocrx_word' id='word_1_437' title='bbox 902 1942 1164 1977; x_wconf 75' lang='lat' dir='ltr'>Halieuticorum</span> <span class='ocrx_word' id='word_1_438' title='bbox 1179 1937 1387 1988; x_wconf 83' lang='lat' dir='ltr'>scriptorem,</span> <span class='ocrx_word' id='word_1_439' title='bbox 1411 1941 1564 1983; x_wconf 84' lang='lat' dir='ltr'>Cilicem,</span> <span class='ocrx_word' id='word_1_440' title='bbox 1581 1942 1694 1989; x_wconf 86' lang='lat' dir='ltr'>paullo</span> <span class='ocrx_word' id='word_1_441' title='bbox 1710 1953 1784 1977; x_wconf 86' lang='lat' dir='ltr'>ante</span> <span class='ocrx_word' id='word_1_442' title='bbox 1800 1940 1890 1978; x_wconf 85' lang='lat' dir='ltr'>suam</span> <span class='ocrx_word' id='word_1_443' title='bbox 1906 1937 1987 1979; x_wconf 48' lang='lat' dir='ltr'>aeta}</span> <span class='ocrx_word' id='word_1_444' title='bbox 2008 1940 2013 1983; x_wconf 68' lang='lat' dir='ltr'>i</span> 
     </span>
     <span class='ocr_line' id='line_1_35' title="bbox 281 1988 2013 2049; baseline -0.003 -10"><span class='ocrx_word' id='word_1_445' title='bbox 281 2015 348 2040; x_wconf 80' lang='lat' dir='ltr'>tem</span> <span class='ocrx_word' id='word_1_446' title='bbox 365 1997 516 2049; x_wconf 75' lang='lat' dir='ltr'>scripsisse</span> <span class='ocrx_word' id='word_1_447' title='bbox 533 1997 686 2042; x_wconf 81' lang='lat' dir='ltr'>adfirmat</span> <span class='ocrx_word' id='word_1_448' title='bbox 700 1998 749 2030; x_wconf 83' lang='lat' dir='ltr'>his</span> <span class='ocrx_word' id='word_1_449' title='bbox 765 1995 886 2035; x_wconf 66' lang='lat' dir='ltr'>vei-bie,</span> <span class='ocrx_word' id='word_1_450' title='bbox 912 1992 969 2031; x_wconf 77' lang='grc' dir='ltr'>τόν</span> <span class='ocrx_word' id='word_1_451' title='bbox 985 1991 1090 2043; x_wconf 69' lang='grc' dir='ltr'>ἆλῖγῳ</span> <span class='ocrx_word' id='word_1_452' title='bbox 1107 1990 1171 2040; x_wconf 69' lang='grc' dir='ltr'>πρὲ</span> <span class='ocrx_word' id='word_1_453' title='bbox 1188 1991 1275 2041; x_wconf 75' lang='grc' dir='ltr'>ἦμῶν</span> <span class='ocrx_word' id='word_1_454' title='bbox 1292 1989 1463 2041; x_wconf 75' lang='grc' dir='ltr'><em>Ὑενᾶμενον</em></span> <span class='ocrx_word' id='word_1_455' title='bbox 1488 1990 1679 2031; x_wconf 75' lang='grc' dir='ltr'>Ὀππιοινὸν</span> <span class='ocrx_word' id='word_1_456' title='bbox 1702 1995 1836 2032; x_wconf 67' lang='grc' dir='ltr'><em>Κίλικα.</em></span> <span class='ocrx_word' id='word_1_457' title='bbox 1888 1988 1985 2032; x_wconf 73' lang='lat' dir='ltr'>Suam</span> <span class='ocrx_word' id='word_1_458' title='bbox 2006 2008 2013 2034; x_wconf 62' lang='lat'>2¹*</span> 
     </span>
     <span class='ocr_line' id='line_1_36' title="bbox 281 2042 2013 2094; baseline -0.005 -3"><span class='ocrx_word' id='word_1_459' title='bbox 281 2056 338 2091; x_wconf 86' lang='lat' dir='ltr'>ille</span> <span class='ocrx_word' id='word_1_460' title='bbox 353 2056 394 2089; x_wconf 91' lang='lat' dir='ltr'>V.</span> <span class='ocrx_word' id='word_1_461' title='bbox 411 2053 455 2087; x_wconf 93' lang='lat' dir='ltr'>D.</span> <span class='ocrx_word' id='word_1_462' title='bbox 475 2049 662 2085; x_wconf 83' lang='lat' dir='ltr'>sententiam</span> <span class='ocrx_word' id='word_1_463' title='bbox 684 2047 810 2082; x_wconf 78' lang='lat' dir='ltr'>vberius</span> <span class='ocrx_word' id='word_1_464' title='bbox 830 2049 965 2094; x_wconf 87' lang='lat' dir='ltr'>exponit</span> <span class='ocrx_word' id='word_1_465' title='bbox 988 2055 1020 2080; x_wconf 90' lang='lat' dir='ltr'>et</span> <span class='ocrx_word' id='word_1_466' title='bbox 1040 2043 1241 2092; x_wconf 85' lang='lat' dir='ltr'>potiffimum</span> <span class='ocrx_word' id='word_1_467' title='bbox 1263 2045 1375 2090; x_wconf 83' lang='lat' dir='ltr'>probat</span> <span class='ocrx_word' id='word_1_468' title='bbox 1398 2057 1436 2078; x_wconf 89' lang='lat' dir='ltr'>ex</span> <span class='ocrx_word' id='word_1_469' title='bbox 1458 2042 1573 2091; x_wconf 81' lang='lat' dir='ltr'>insigni</span> <span class='ocrx_word' id='word_1_470' title='bbox 1587 2058 1646 2093; x_wconf 83' lang='lat' dir='ltr'>per</span> <span class='ocrx_word' id='word_1_471' title='bbox 1660 2055 1834 2094; x_wconf 83' lang='lat' dir='ltr'>vtrumque</span> <span class='ocrx_word' id='word_1_472' title='bbox 1855 2055 1985 2083; x_wconf 77' lang='lat' dir='ltr'>carmen</span> <span class='ocrx_word' id='word_1_473' title='bbox 2009 2060 2013 2070; x_wconf 86' lang='lat'><em>¹</em></span> 
     </span>
     <span class='ocr_line' id='line_1_37' title="bbox 283 2094 2013 2154; baseline -0.005 -14"><span class='ocrx_word' id='word_1_474' title='bbox 283 2107 405 2154; x_wconf 80' lang='lat' dir='ltr'>ingenii</span> <span class='ocrx_word' id='word_1_475' title='bbox 421 2102 637 2148; x_wconf 62' lang='lat' dir='ltr'>dictionisque</span> <span class='ocrx_word' id='word_1_476' title='bbox 654 2096 835 2133; x_wconf 82' lang='lat' dir='ltr'>diuersitate</span> <span class='ocrx_word' id='word_1_477' title='bbox 848 2110 923 2132; x_wconf 85' lang='lat' dir='ltr'>cum</span> <span class='ocrx_word' id='word_1_478' title='bbox 942 2099 974 2130; x_wconf 87' lang='lat' dir='ltr'>in</span> <span class='ocrx_word' id='word_1_479' title='bbox 989 2105 1059 2132; x_wconf 83' lang='lat' dir='ltr'>toto</span> <span class='ocrx_word' id='word_1_480' title='bbox 1076 2097 1224 2144; x_wconf 80' lang='lat' dir='ltr'>corporis</span> <span class='ocrx_word' id='word_1_481' title='bbox 1241 2096 1350 2130; x_wconf 80' lang='lat' dir='ltr'>habitu</span> <span class='ocrx_word' id='word_1_482' title='bbox 1362 2122 1372 2137; x_wconf 84' lang='lat'>,</span> <span class='ocrx_word' id='word_1_483' title='bbox 1398 2106 1468 2130; x_wconf 86' lang='lat' dir='ltr'>tum</span> <span class='ocrx_word' id='word_1_484' title='bbox 1483 2097 1516 2130; x_wconf 90' lang='lat' dir='ltr'>in</span> <span class='ocrx_word' id='word_1_485' title='bbox 1529 2094 1731 2143; x_wconf 79' lang='lat' dir='ltr'>singularum</span> <span class='ocrx_word' id='word_1_486' title='bbox 1753 2100 1892 2143; x_wconf 85' lang='lat' dir='ltr'>partium</span> <span class='ocrx_word' id='word_1_487' title='bbox 1910 2111 1985 2134; x_wconf 85' lang='lat' dir='ltr'>con·</span> <span class='ocrx_word' id='word_1_488' title='bbox 2005 2111 2013 2132; x_wconf 69' lang='grc' dir='ltr'>σι</span> 
     </span>
     <span class='ocr_line' id='line_1_38' title="bbox 283 2139 2013 2200; baseline -0.005 -11"><span class='ocrx_word' id='word_1_489' title='bbox 283 2156 503 2194; x_wconf 79' lang='lat' dir='ltr'>formatione;</span> <span class='ocrx_word' id='word_1_490' title='bbox 530 2163 613 2200; x_wconf 83' lang='lat' dir='ltr'>quae</span> <span class='ocrx_word' id='word_1_491' title='bbox 633 2148 799 2184; x_wconf 80' lang='lat' dir='ltr'>diuersitas</span> <span class='ocrx_word' id='word_1_492' title='bbox 820 2155 907 2183; x_wconf 76' lang='lat' dir='ltr'>tanta</span> <span class='ocrx_word' id='word_1_493' title='bbox 930 2146 975 2181; x_wconf 89' lang='lat' dir='ltr'>illi</span> <span class='ocrx_word' id='word_1_494' title='bbox 999 2146 1140 2187; x_wconf 80' lang='lat' dir='ltr'>videtur,</span> <span class='ocrx_word' id='word_1_495' title='bbox 1166 2157 1200 2182; x_wconf 83' lang='lat' dir='ltr'>vt</span> <span class='ocrx_word' id='word_1_496' title='bbox 1217 2146 1309 2181; x_wconf 83' lang='lat' dir='ltr'>nulla</span> <span class='ocrx_word' id='word_1_497' title='bbox 1330 2159 1486 2193; x_wconf 84' lang='lat' dir='ltr'>vmquam</span> <span class='ocrx_word' id='word_1_498' title='bbox 1509 2149 1636 2182; x_wconf 86' lang='lat' dir='ltr'>ratione</span> <span class='ocrx_word' id='word_1_499' title='bbox 1649 2161 1673 2185; x_wconf 15' lang='lat' dir='ltr'>,a</span> <span class='ocrx_word' id='word_1_500' title='bbox 1690 2146 1780 2183; x_wconf 87' lang='lat' dir='ltr'>sensu</span> <span class='ocrx_word' id='word_1_501' title='bbox 1805 2139 1985 2198; x_wconf 66' lang='lat' dir='ltr'>iudicioque</span> <span class='ocrx_word' id='word_1_502' title='bbox 2004 2163 2013 2181; x_wconf 53' lang='lat' dir='ltr'>„v</span> 
     </span>
     <span class='ocr_line' id='line_1_39' title="bbox 284 2195 2006 2253; baseline -0.003 -10"><span class='ocrx_word' id='word_1_503' title='bbox 284 2206 344 2245; x_wconf 88' lang='lat' dir='ltr'>suo</span> <span class='ocrx_word' id='word_1_504' title='bbox 360 2210 533 2253; x_wconf 85' lang='lat' dir='ltr'>impetrare</span> <span class='ocrx_word' id='word_1_505' title='bbox 549 2203 703 2250; x_wconf 83' lang='lat' dir='ltr'>potuerit,</span> <span class='ocrx_word' id='word_1_506' title='bbox 728 2211 762 2236; x_wconf 82' lang='lat' dir='ltr'>vt</span> <span class='ocrx_word' id='word_1_507' title='bbox 778 2199 877 2234; x_wconf 83' lang='lat' dir='ltr'>libros</span> <span class='ocrx_word' id='word_1_508' title='bbox 892 2198 932 2234; x_wconf 87' lang='lat' dir='ltr'>de</span> <span class='ocrx_word' id='word_1_509' title='bbox 949 2201 1130 2234; x_wconf 84' lang='lat' dir='ltr'>Venatione</span> <span class='ocrx_word' id='word_1_510' title='bbox 1145 2207 1176 2232; x_wconf 91' lang='lat' dir='ltr'>et</span> <span class='ocrx_word' id='word_1_511' title='bbox 1192 2195 1371 2233; x_wconf 81' lang='lat' dir='ltr'>Piscatione</span> <span class='ocrx_word' id='word_1_512' title='bbox 1389 2198 1427 2232; x_wconf 88' lang='lat' dir='ltr'>ab</span> <span class='ocrx_word' id='word_1_513' title='bbox 1442 2196 1560 2232; x_wconf 86' lang='lat' dir='ltr'>eodem</span> <span class='ocrx_word' id='word_1_514' title='bbox 1585 2196 1716 2234; x_wconf 64' lang='lat' dir='ltr'>aufiore</span> <span class='ocrx_word' id='word_1_515' title='bbox 1736 2197 1902 2247; x_wconf 59' lang='lat' dir='ltr'>profectos</span> <span class='ocrx_word' id='word_1_516' title='bbox 1924 2197 1986 2237; x_wconf 73' lang='lat' dir='ltr'>esse</span> <span class='ocrx_word' id='word_1_517' title='bbox 2002 2208 2006 2237; x_wconf 70' lang='lat' dir='ltr'>i</span> 
     </span>
     <span class='ocr_line' id='line_1_40' title="bbox 285 2248 1985 2302; baseline -0.004 -9"><span class='ocrx_word' id='word_1_518' title='bbox 285 2257 440 2296; x_wconf 80' lang='lat' dir='ltr'>crederet.</span> <span class='ocrx_word' id='word_1_519' title='bbox 491 2256 582 2302; x_wconf 82' lang='lat' dir='ltr'>Qae</span> <span class='ocrx_word' id='word_1_520' title='bbox 605 2252 774 2300; x_wconf 75' lang='lat' dir='ltr'>postquam</span> <span class='ocrx_word' id='word_1_521' title='bbox 799 2250 911 2299; x_wconf 79' lang='lat' dir='ltr'>paullo</span> <span class='ocrx_word' id='word_1_522' title='bbox 931 2249 1024 2284; x_wconf 86' lang='lat' dir='ltr'>latius</span> <span class='ocrx_word' id='word_1_523' title='bbox 1048 2248 1249 2298; x_wconf 77' lang='lat' dir='ltr'>explanauit,</span> <span class='ocrx_word' id='word_1_524' title='bbox 1281 2251 1329 2293; x_wconf 84' lang='lat' dir='ltr'>(et</span> <span class='ocrx_word' id='word_1_525' title='bbox 1352 2261 1416 2294; x_wconf 73' lang='lat' dir='ltr'>ego</span> <span class='ocrx_word' id='word_1_526' title='bbox 1446 2261 1602 2296; x_wconf 85' lang='lat' dir='ltr'>magnam</span> <span class='ocrx_word' id='word_1_527' title='bbox 1625 2249 1709 2284; x_wconf 83' lang='lat' dir='ltr'>illius</span> <span class='ocrx_word' id='word_1_528' title='bbox 1730 2249 1840 2285; x_wconf 89' lang='lat' dir='ltr'>iudicii</span> <span class='ocrx_word' id='word_1_529' title='bbox 1862 2262 1985 2298; x_wconf 83' lang='lat' dir='ltr'>partem</span> 
     </span>
     <span class='ocr_line' id='line_1_41' title="bbox 287 2297 2002 2357; baseline -0.003 -13"><span class='ocrx_word' id='word_1_530' title='bbox 287 2315 355 2348; x_wconf 78' lang='lat' dir='ltr'>iam</span> <span class='ocrx_word' id='word_1_531' title='bbox 373 2309 485 2357; x_wconf 83' lang='lat' dir='ltr'>repetii</span> <span class='ocrx_word' id='word_1_532' title='bbox 501 2308 532 2340; x_wconf 92' lang='lat' dir='ltr'>in</span> <span class='ocrx_word' id='word_1_533' title='bbox 549 2302 671 2339; x_wconf 74' lang='lat' dir='ltr'>introd.</span> <span class='ocrx_word' id='word_1_534' title='bbox 684 2302 706 2337; x_wconf 94' lang='lat' dir='ltr'>l.</span> <span class='ocrx_word' id='word_1_535' title='bbox 723 2315 750 2336; x_wconf 90' lang='lat' dir='ltr'>c.</span> <span class='ocrx_word' id='word_1_536' title='bbox 769 2314 842 2348; x_wconf 80' lang='lat' dir='ltr'>pag.</span> <span class='ocrx_word' id='word_1_537' title='bbox 858 2314 916 2345; x_wconf 83' lang='lat'>230</span> <span class='ocrx_word' id='word_1_538' title='bbox 932 2299 993 2349; x_wconf 90' lang='lat' dir='ltr'>sq.)</span> <span class='ocrx_word' id='word_1_539' title='bbox 1007 2297 1174 2348; x_wconf 83' lang='lat' dir='ltr'>ingeniose</span> <span class='ocrx_word' id='word_1_540' title='bbox 1189 2298 1338 2341; x_wconf 78' lang='lat' dir='ltr'>ostendit,</span> <span class='ocrx_word' id='word_1_541' title='bbox 1358 2299 1443 2334; x_wconf 82' lang='lat' dir='ltr'>vnde</span> <span class='ocrx_word' id='word_1_542' title='bbox 1459 2310 1532 2335; x_wconf 87' lang='lat' dir='ltr'>nata</span> <span class='ocrx_word' id='word_1_543' title='bbox 1548 2299 1586 2335; x_wconf 76' lang='lat' dir='ltr'>sit</span> <span class='ocrx_word' id='word_1_544' title='bbox 1609 2298 1778 2336; x_wconf 60' lang='lat' dir='ltr'>manifesta</span> <span class='ocrx_word' id='word_1_545' title='bbox 1799 2300 1986 2348; x_wconf 70' lang='lat' dir='ltr'>similitudo,</span> <span class='ocrx_word' id='word_1_546' title='bbox 2000 2332 2002 2338; x_wconf 73' lang='grc'>,</span> 
     </span>
     <span class='ocr_line' id='line_1_42' title="bbox 286 2348 2001 2415; baseline -0.001 -23"><span class='ocrx_word' id='word_1_547' title='bbox 286 2374 371 2415; x_wconf 71' lang='lat' dir='ltr'>quae</span> <span class='ocrx_word' id='word_1_548' title='bbox 387 2359 537 2407; x_wconf 83' lang='lat' dir='ltr'>plurimis</span> <span class='ocrx_word' id='word_1_549' title='bbox 554 2353 625 2389; x_wconf 85' lang='lat' dir='ltr'>sane</span> <span class='ocrx_word' id='word_1_550' title='bbox 638 2354 718 2390; x_wconf 88' lang='lat' dir='ltr'>locis</span> <span class='ocrx_word' id='word_1_551' title='bbox 733 2365 809 2387; x_wconf 86' lang='lat' dir='ltr'>cum</span> <span class='ocrx_word' id='word_1_552' title='bbox 827 2355 860 2387; x_wconf 82' lang='lat' dir='ltr'>in</span> <span class='ocrx_word' id='word_1_553' title='bbox 876 2351 1079 2399; x_wconf 80' lang='lat' dir='ltr'>singulorum</span> <span class='ocrx_word' id='word_1_554' title='bbox 1095 2351 1270 2386; x_wconf 85' lang='lat' dir='ltr'>verborum</span> <span class='ocrx_word' id='word_1_555' title='bbox 1288 2348 1397 2385; x_wconf 83' lang='lat' dir='ltr'>forma</span> <span class='ocrx_word' id='word_1_556' title='bbox 1412 2361 1443 2386; x_wconf 90' lang='lat' dir='ltr'>et</span> <span class='ocrx_word' id='word_1_557' title='bbox 1457 2349 1530 2390; x_wconf 85' lang='lat' dir='ltr'>vsu,</span> <span class='ocrx_word' id='word_1_558' title='bbox 1555 2353 1587 2385; x_wconf 89' lang='lat' dir='ltr'>in</span> <span class='ocrx_word' id='word_1_559' title='bbox 1605 2353 1720 2400; x_wconf 82' lang='lat' dir='ltr'>quibus</span> <span class='ocrx_word' id='word_1_560' title='bbox 1737 2352 1896 2389; x_wconf 85' lang='lat' dir='ltr'>nonnulla</span> <span class='ocrx_word' id='word_1_561' title='bbox 1919 2348 1986 2390; x_wconf 81' lang='lat' dir='ltr'>suut</span> <span class='ocrx_word' id='word_1_562' title='bbox 2000 2384 2001 2389; x_wconf 68' lang='grc'>,</span> 
     </span>
     <span class='ocr_line' id='line_1_43' title="bbox 286 2399 1985 2462; baseline -0.001 -18"><span class='ocrx_word' id='word_1_563' title='bbox 286 2429 307 2462; x_wconf 59' lang='lat'>3</span> <span class='ocrx_word' id='word_1_564' title='bbox 325 2411 452 2462; x_wconf 75' lang='lat' dir='ltr'>vulgari</span> <span class='ocrx_word' id='word_1_565' title='bbox 476 2404 707 2446; x_wconf 78' lang='lat' dir='ltr'>cousuetudine</span> <span class='ocrx_word' id='word_1_566' title='bbox 726 2413 872 2453; x_wconf 70' lang='lat' dir='ltr'>remota,</span> <span class='ocrx_word' id='word_1_567' title='bbox 899 2413 968 2439; x_wconf 85' lang='lat' dir='ltr'>tum</span> <span class='ocrx_word' id='word_1_568' title='bbox 988 2404 1023 2440; x_wconf 85' lang='lat' dir='ltr'>in</span> <span class='ocrx_word' id='word_1_569' title='bbox 1045 2401 1238 2453; x_wconf 71' lang='lat' dir='ltr'>quibusdam</span> <span class='ocrx_word' id='word_1_570' title='bbox 1260 2399 1492 2441; x_wconf 81' lang='lat' dir='ltr'>sententiarum</span> <span class='ocrx_word' id='word_1_571' title='bbox 1512 2401 1646 2450; x_wconf 81' lang='lat' dir='ltr'>figuris,</span> <span class='ocrx_word' id='word_1_572' title='bbox 1672 2413 1811 2453; x_wconf 73' lang='lat' dir='ltr'>quatuor</span> <span class='ocrx_word' id='word_1_573' title='bbox 1829 2403 1871 2442; x_wconf 84' lang='lat' dir='ltr'>de</span> <span class='ocrx_word' id='word_1_574' title='bbox 1885 2402 1985 2450; x_wconf 50' lang='lat' dir='ltr'>Venes-</span> 
     </span>
    </p>
   </div>
   <div class='ocr_carea' id='block_1_5' title="bbox 1905 2460 1990 2502">
    <p class='ocr_par' dir='ltr' id='par_1_5' title="bbox 1905 2460 1990 2502">
     <span class='ocr_line' id='line_1_44' title="bbox 1905 2460 1990 2502; baseline 0.024 -10"><span class='ocrx_word' id='word_1_575' title='bbox 1905 2460 1990 2502; x_wconf 67' lang='lat' dir='ltr'>tione</span> 
     </span>
    </p>
   </div>
  </div>
 </body>
</html>
