2013 2725
173 171 219 213 76
296 163 572 204 Lib.1V.e.1X.
648 160 904 198 ENCHlRIDII
936 158 1157 196 EPICTETI
1188 157 1439 195 EDITIONES

179 272 249 298 tem
265 264 410 304 criticae,
429 257 551 295 Wolfii
565 255 800 293 adnotationes.
859 258 895 303 3)
914 258 1079 292 Platonica
1094 253 1204 291 fabula
1219 253 1259 290 de
1273 252 1444 290 sortitione
1460 255 1664 298 animarum3
1691 267 1732 290 ex
1752 253 1836 290 libro
1852 253 1895 291 de

179 313 345 363 republica
360 311 510 352 decimo,
539 321 664 358 graece.
714 311 749 354 4)
763 306 878 343 Verfio
896 309 986 343 loch.
1004 308 1185 342 Camerarii
1200 306 1311 342 latina.
1362 308 1392 351 5)
1412 305 1583 353 Qaedam
1600 305 1737 341 Hesiodi
1757 306 1894 356 aliaque,

179 379 258 401 cum
275 366 397 402 Cebete
417 360 650 410 comparanda.
703 361 743 404 6)
760 361 890 394 Prodici
910 358 950 395 de
973 359 1116 394 Hercule
1137 360 1226 394 biuio
1249 359 1391 393 narratio
1416 370 1454 393 ex
1477 358 1632 406 Xenoph.
1649 360 1699 394 M.
1715 359 1745 396 S,
1769 371 1896 407 graece,

179 430 258 453 cum
282 415 428 452 versione
448 413 567 449 Budaei
592 425 629 447 ae
648 409 839 446 Beffarionis
862 411 918 448 lat.
939 420 968 446 et
989 414 1119 460 poetica
1140 412 1248 445 Ioach.
1265 411 1446 445 Camerarii
1468 411 1669 452 imitatione,
1696 419 1756 445 etc.
1784 429 1831 436 ——
1858 406 1896 444 In

179 471 332 505 ILtomo
358 467 456 502 exstat
481 469 507 512 1)
524 464 664 510 Episteti
686 461 892 499 enchiridion
928 484 978 490 —-
1013 476 1089 498 cum
1112 461 1269 510 Simplicii
1291 459 1438 500 scholiis,
1471 461 1524 497 lat.
1546 475 1563 497 e
1591 460 1739 497 verfione
1766 459 1896 497 Wolfii.

179 517 345 558 Praefatio
362 527 488 554 exarata
503 517 546 552 est
561 517 665 551 Nonis
682 517 792 551 Martii
809 518 890 560 1561.
942 516 1210 551 Commentarius
1226 516 1260 548 in
1274 512 1467 562 particulas,
1492 525 1630 561 quarum
1646 511 1780 561 singulis
1804 509 1899 547 subii.

184 574 316 608 ciuntur
329 569 449 605 Wolfii
466 568 709 608 adnotationes,
737 579 894 614 magnam
911 577 1037 615 partem
1052 568 1180 601 criticae
1193 567 1226 599 in
1242 565 1336 599 verba
1351 563 1510 613 Simplicii
1526 577 1657 612 graeca,
1683 564 1726 599 esi
1740 560 1899 600 diffedlus.

184 643 237 652 -—
265 625 297 668 2)
313 623 451 671 Epi-‘steti
470 617 641 655 sententiae
656 618 780 666 aliquot
793 631 832 653 ex
848 619 980 653 Stobaei
996 617 1220 657 collectaneis,
1247 629 1286 652 ex
1299 616 1387 651 libris
1403 618 1532 652 Arriani
1556 608 1729 664 deperditis
1745 615 1900 665 reliquae.

183 695 237 705 -—
263 675 296 718 3)
311 671 490 709 Adnotatio
507 671 662 706 locorum
684 670 829 718 aliquot,
857 671 1080 718 Oporinianae
1097 668 1170 704 edit.
1194 682 1221 704 a.
1236 679 1320 714 1554.
1343 680 1424 716 quae
1445 666 1712 703 emendationem
1735 666 1900 716 postulare

185 725 346 762 videntur.
378 744 429 753 —
462 724 499 768 4)
514 723 691 758 Altercatio
712 719 872 757 Hadriani
893 724 979 769 Aug.
1004 731 1035 756 et
1057 722 1207 768 Epicteti.
1235 739 1285 746 —
1316 720 1349 764 5)
1366 718 1597 768 Qorumdam
1622 716 1901 767 philosophorum

182 777 401 827 problemata.
432 793 482 802 —
515 773 730 820 &Plutarchi
756 772 901 815 libellus,
927 786 995 821 quo
1015 772 1138 808 deridet
1158 773 1285 807 Stoicos
1301 781 1360 806 etc.
1383 780 1414 804 et
1431 769 1575 806 ciusdem
1590 771 1643 805 lib.
1661 769 1812 816 Gryllus,
1840 780 1899 805 etc.

183 831 240 866 lat.
258 842 297 865 ex
310 828 574 875 interpretatione
587 826 678 860 Hier.
695 824 823 859 Woffii.
848 823 975 859 additur
989 823 1080 860 locus
1098 823 1209 858 similis
1224 836 1263 858 ex
1279 821 1458 857 Theodori
1474 824 1580 857 Gazae
1593 820 1731 870 praefat.
1756 824 1790 856 in
1805 821 1903 858 histo·

183 883 269 918 riam
295 878 499 915 animalium.
532 897 584 905 -
616 879 655 924 7)
670 878 715 911 H.
728 875 849 912 Wolfii
873 875 976 923 elegia
995 877 1206 923 paraenetica.
1266 876 1304 908 In
1326 874 1431 909 calce.-
1466 874 1624 923 Βοβίεαι,
1651 887 1690 909 ex
1713 874 1831 920 officina
1853 874 1902 908 Io.

183 933 337 980 Opnrivzi.
364 946 392 967 a.
410 929 631 966 M.D.Lx111.
646 929 758 973 (1563.)
783 927 883 974 mense
899 929 1036 966 Martio,
1062 948 1114 954 --
1141 927 1274 961 Tomus
1291 927 1406 960 terrim
1418 928 1562 960 continet
1578 926 1716 960 Arriani
1730 938 1904 960 commen-

185 994 244 1019 tar.
262 984 318 1019 lib.
335 984 388 1017 IV.
405 981 458 1015 lat.
472 993 511 1015 ex
524 980 787 1026 interpretatione
806 988 837 1013 et
853 991 929 1012 cum
946 977 1206 1013 adnotationibus
1227 977 1355 1011 Wolfii.
1408 974 1568 1011 Praefatio
1587 975 1702 1025 scripta
1723 976 1766 1010 est
1793 980 1905 1023 Augu-

186 1035 252 1071 ssae
267 1032 426 1068 Vindelic.
454 1029 560 1065 Idibus
575 1032 659 1076 Aug.
680 1042 708 1062 a.
725 1029 776 1063 M.
787 1030 828 1062 D.
840 1030 905 1063 LX.
920 1030 1046 1073 (1560.)
1096 1030 1309 1076 Qatnquam
1323 1036 1426 1061 textus
1440 1039 1574 1074 graecus
1588 1027 1694 1068 abest,
1721 1026 1904 1063 adnotatio-

185 1098 245 1122 nes
266 1096 389 1125 tamen,
412 1081 547 1129 lingulis
563 1080 720 1129 capitibus
736 1076 912 1123 subiectae,
939 1082 1085 1116 maxime
1104 1081 1269 1130 pertinent
1287 1077 1326 1114 ad
1352 1081 1538 1115 orationem
1554 1091 1708 1129 graecam
1729 1077 1904 1116 emendan-

188 1137 279 1173 dam.
304 1156 356 1165 --
382 1133 493 1169 Editio
511 1132 634 1168 Colon.

290 1219 428 1266 Epffleti
464 1237 514 1245 —
551 1215 788 1257 Encheiridion‚
820 1235 871 1243 --
907 1216 1031 1253 Cebetis
1053 1214 1182 1255 tabula,
1208 1234 1260 1241 —
1286 1214 1438 1260 Simplicii
1466 1233 1519 1241 —-—
1538 1213 1661 1260 fibolia
1687 1235 1738 1241 —
1764 1214 1906 1250 Arriani

190 1279 352 1311 comment.
380 1290 429 1298 —
455 1270 569 1304 omnia
586 1268 720 1303 Hieron.
738 1266 860 1312 lVOffiO
877 1270 1068 1316 interprete,
1095 1280 1172 1302 cum
1195 1265 1339 1301 eiusdem
1363 1266 1639 1301 annotationibus.
1667 1266 1848 1310 Coloniae,
1870 1268 1903 1302 in

191 1325 279 1362 offic.
300 1323 561 1360 Birdzmannica,
593 1318 748 1354 sumtibus
771 1318 911 1354 Arnoldi
934 1319 1043 1363 Mylii.
1073 1331 1152 1364 1595.
1177 1325 1208 1358 8.
1240 1321 1287 1363 (in
1316 1316 1509 1366 quibusdam
1538 1319 1696 1367 exemplis
1721 1328 1774 1353 aut
1807 1320 1904 1353 tomis

191 1391 221 1413 a.
236 1378 323 1422 1596.
340 1373 381 1410 est
398 1373 576 1422 praefixus:
599 1381 630 1406 et
640 1373 804 1419 Vtriusque
820 1374 895 1406 anni
912 1372 1065 1419 exempla
1081 1369 1199 1405 suntin
1214 1369 1287 1404 bibl.
1303 1368 1497 1415 Bodleiana;
1513 1369 1554 1404 de
1568 1369 1710 1418 exempl.
1729 1372 1820 1415 1596.
1840 1368 1906 1405 vid.

191 1430 244 1464 Ιο.
259 1428 383 1462 Fabric.
400 1423 469 1460 hist.
486 1423 562 1458 bibl.
579 1420 669 1464 suae,
697 1431 777 1470 part.
796 1423 852 1457 VI.
872 1435 944 1470 pag.
963 1422 1052 1466 283.)
1079 1424 1192 1456 omnia
1207 1420 1340 1470 quidem
1357 1418 1554 1469 suppeditat:
1578 1431 1611 1456 at
1627 1423 1692 1456 hoc
1712 1419 1904 1457 discrimine.

191 1482 310 1517 Nitore
328 1489 487 1526 typorum
504 1484 534 1510 et
549 1475 677 1509 chartae
692 1476 770 1509 haec
787 1473 884 1508 editio
899 1474 982 1509 cedit
996 1472 1176 1509 ssafileenfi.
1229 1469 1352 1507 Desunt
1366 1475 1559 1519 cumprimis
1576 1472 1714 1520 longae,
1739 1487 1800 1509 nee
1820 1471 1906 1522 sper-

190 1529 320 1568 nendae
343 1528 462 1564 Wolfii
483 1524 716 1575 praefationes,
753 1534 783 1559 et
806 1528 938 1560 varietas
962 1525 1130 1566 lectionis,
1156 1526 1255 1559 textui
1276 1526 1414 1572 Epicteti
1439 1537 1558 1572 graeco
1581 1527 1615 1560 in
1640 1527 1790 1572 margine
1812 1524 1906 1564 Bafil.

192 1580 270 1619 edit.
291 1578 458 1628 adscripta.
509 1579 603 1612 Tum
620 1579 726 1624 graeci
741 1586 861 1618 textus,
889 1579 943 1612 cui
958 1578 997 1612 ab
1011 1576 1110 1612 altera
1126 1575 1282 1612 columna
1305 1574 1456 1624 opposita
1470 1576 1515 1611 esl
1528 1575 1631 1612 verfio
1653 1576 1770 1618 latina,
1798 1579 1905 1614 oratio

193 1633 239 1669 est
254 1643 407 1682 perpetua
419 1658 428 1672 ,
454 1640 567 1665 contra
584 1628 740 1663 adnotatt.
760 1630 794 1662 in
811 1628 877 1663 fine
895 1627 1101 1677 singulorum
1117 1638 1288 1664 tomorum
1307 1627 1417 1662 locum
1438 1639 1648 1676 occuparunt.
1701 1630 1850 1676 Denique
1871 1631 1906 1664 in

192 1696 290 1721 tomo
308 1686 364 1719 111.
382 1681 517 1718 versioni
537 1682 655 1715 latinae
670 1677 836 1727 oppositus
852 1679 894 1714 est
908 1690 1078 1715 contextus
1095 1683 1219 1715 Arriani
1237 1692 1388 1728 graecus:
1416 1679 1504 1727 quod
1531 1682 1672 1715 omnino
1685 1680 1767 1715 bene
1780 1678 1906 1717 factum

193 1736 249 1772 est.
285 1756 335 1762 —
369 1736 404 1769 In
422 1733 512 1768 catal.
529 1731 602 1766 bibl.
622 1731 825 1766 Fabricianae
848 1739 931 1780 part.
947 1732 971 1767 1.
992 1730 1064 1767 sect.
1081 1733 1122 1768 Π.
1144 1745 1221 1781 pag.
1237 1742 1305 1775 245.
1321 1728 1384 1766 fuit
1397 1731 1562 1780 exemplar
1579 1746 1655 1768 cum
1668 1731 1777 1768 collat.
1794 1731 1904 1775 Gudii‚

192 1798 226 1824 et
240 1785 412 1824 emendatt.
431 1781 564 1820 Salmas.
580 1785 697 1818 msstis.

291 1869 434 1917 Epiffeti
450 1870 572 1903 enchir.
590 1879 636 1914 gr.
665 1863 757 1901 Paris.
774 1864 858 1914 apud
875 1864 976 1901 Andr.
994 1864 1145 1901 Wechel.
1160 1867 1246 1910 1564.
1263 1877 1291 1910 4.
1345 1867 1441 1901 Hanc
1455 1868 1538 1902 mire
1554 1879 1661 1902 raram
1678 1865 1859 1902 editionem
1875 1876 1906 1903 et

188 1925 334 1971 capitum
350 1920 572 1960 distinctione,
600 1928 631 1952 et
644 1920 722 1953 hinc
737 1917 812 1952 inde
825 1918 967 1954 leolione
982 1931 1001 1953 a
1015 1915 1230 1965 superioribus
1249 1915 1398 1960 differre,
1423 1929 1516 1954 notat
1531 1919 1630 1954 Stollc
1646 1922 1680 1954 in
1695 1921 1811 1954 notitia
1830 1916 1905 1955 suae

189 1975 268 2010 bibl.
285 1974 351 2009 vol.
368 1974 390 2008 Ι.
415 1984 487 2020 pag.
506 1977 563 2013 328
578 1967 621 2019 sq.

291 2055 431 2099 Epiffi'eti
448 2055 571 2089 enchir.
588 2063 618 2087 et
634 2053 704 2089 Ceh.
721 2053 827 2089 tabula
845 2067 894 2102 gr.
908 2064 938 2090 et
953 2053 1008 2089 lat.
1036 2066 1075 2088 ex
1091 2053 1179 2089 offic.
1198 2054 1384 2100 Christoph.
1399 2054 1538 2089 Plautin.
1573 2056 1742 2103 Antwerp.
1767 2062 1851 2099 1578.
1873 2062 1903 2096 8.

189 2128 235 2138 .-
269 2115 351 2153 1585.
368 2114 397 2147 8.
423 2126 474 2132 --
502 2103 603 2152 Lugd.
619 2108 728 2140 Batau.
747 2114 829 2151 1585.
845 2118 895 2148 24.
924 2127 971 2132 —
1003 2105 1134 2140 Ainstel.
1151 2109 1238 2148 1627.
1257 2117 1306 2147 24.
1341 2126 1381 2131 —
1411 2106 1632 2152 Lt1gti.ssatau.
1655 2106 1772 2142 eodem
1798 2120 1905 2143 anno:

189 2173 240 2205 24.
280 2182 300 2185 --
346 2171 422 2193 cuin
439 2157 518 2197 aliis,
538 2158 679 2192 Cothen.
706 2157 912 2193 Anhaltinor.
932 2160 1020 2194 1620.
1038 2165 1069 2197 8.
1094 2175 1147 2184 ι·-
1172 2158 1205 2192 it.
1221 2169 1296 2192 cuin
1305 2157 1622 2202 Theoplzr.Charad.
1642 2157 1795 2206 Lugduni
1813 2171 1905 2206 1599.

189 2219 221 2252 8.
246 2231 298 2239 —
324 2210 430 2258 Epict.
445 2222 493 2257 gr.
510 2218 541 2242 et
555 2207 609 2243 lat.
634 2207 737 2256 Lugd.
756 2212 849 2244 1606.
873 2216 904 2248 8.
1900 2204 1904 2208 ’

1635 2245 1653 2263 b

290 2292 430 2339 Epier'eti
446 2291 637 2326 Euchiridon
663 2311 727 2325 —.
756 2290 988 2338 Claudiopoli‚
1012 2298 1093 2336 1585.
1111 2298 1141 2333 8.
1168 2304 1267 2341 quam
1283 2290 1465 2327 admodum
1490 2305 1597 2328 raram
1623 2292 1697 2329 edit.
1713 2298 1902 2331 m‘emorant

187 2346 283 2391 Prny
302 2348 331 2378 in
350 2343 452 2379 indice
471 2346 582 2379 rarior.
600 2343 671 2378 libr.
692 2343 763 2377 bibl.
783 2342 945 2379 Budensis.
970 2342 1081 2380 Budae
1095 2353 1177 2393 part.
1192 2347 1217 2380 1.
1235 2351 1328 2390 1780.
1344 2358 1419 2395 pag.
1436 2349 1504 2389 363.
1530 2357 1561 2381 et
1579 2359 1618 2382 ex
1633 2358 1674 2382 eo
1689 2347 1848 2382 Hummel.
1866 2350 1900 2383 in

188 2397 269 2448 Bibl.
283 2396 395 2435 libror.
411 2399 525 2432 rarior.
547 2393 652 2445 suppl.
667 2396 722 2431 111.
737 2408 810 2445 pag.
825 2406 872 2439 71.

1710 2479 1899 2527 Thesaurus
