2049 2720
49 129 114 158 Vol·
127 128 176 157 W-
193 135 220 162 P·
236 133 268 162 14
480 121 739 160 DtOPHANTI
771 123 893 159 ALEX.
921 122 1060 160 CODD.
1088 123 1226 159 MssTi
1278 124 1349 160 Lib.
1363 122 1428 159 IV
1426 135 1467 161 .c.
1482 121 1653 160 XXVII.
1701 125 1762 165 643

52 226 149 259 etiam
167 220 207 257 ad
222 220 436 269 geometriam
451 217 613 266 adplicare
634 221 746 268 incipit
765 218 917 268 exemplo
934 216 1094 258 Euclidis‚
1121 230 1220 265 quem
1243 229 1369 267 praeter
1391 232 1459 254 rem
1486 230 1526 254 eo
1551 222 1688 254 nomine
1710 233 1760 256 re-

50 273 292 324 prehenderunt
322 273 382 306 viri
412 269 584 306 doc'tiffirni
600 273 652 315 ἐ).
715 271 801 306 Libri
817 273 854 304 V.
875 269 1018 318 quaestio
1033 282 1079 314 23.
1103 280 1210 305 metro
1231 270 1297 304 siue
1319 273 1556 319 epigrammate
1579 271 1758 310 oclallicho

51 329 254 367 continetur,
290 322 374 358 vnde
389 323 544 357 Bachetus
560 320 669 358 ansam
687 321 745 358 illo
760 321 837 357 loco
852 319 962 356 sumsst
977 334 1014 356 ex
1039 320 1156 356 inedita
1174 322 1376 370 Anthologia
1391 323 1486 357 XLV.
1508 322 1670 358 eiusmodi
1696 328 1761 370 gri.

41 379 134 425 *phos
163 377 382 412 arithmeticos
411 373 613 422 producendi
642 383 737 422 atque
764 370 1013 421 interpretandi.
1047 382 1080 407 vt
1108 376 1219 407 notaui
1249 371 1342 420 supra
1363 374 1416 409 lib.
1436 374 1491 408 111.
1523 386 1591 421 cap.
1608 386 1654 417 32.
1677 368 1758 421 §Jffi

51 428 131 474 [vol.
150 430 204 462 1V.
228 441 300 476 pag.
314 427 396 471 452]
424 426 474 460 vbi
496 428 592 460 etiam
614 423 676 460 feci
700 428 905 460 mentionem
929 425 1012 460 LXI.
1035 426 1313 472 epigrammatum
1339 436 1553 473 graecorum,
1576 429 1761 474 aenigmata

49 478 192 514 iucunda
207 479 409 514 arithmetica
426 479 686 518 continentium,
711 490 792 526 quae
807 473 995 524 composuit
1011 488 1152 524 cumque
1177 475 1323 510 verlione
1350 485 1379 511 et
1400 475 1596 511 enodatione
1617 475 1673 512 sua
1696 478 1762 515 edi.

49 529 95 565 dit
112 540 142 565 et
161 531 232 565 Otii
247 532 358 564 Sorani
375 528 471 563 titulo
488 526 672 577 proscripsit
685 529 812 564 Ioannes
832 528 1108 573 Laurerzbngius,
1135 525 1278 562 Hafniae
1301 531 1392 569 1640.
1410 540 1440 571 4.
1466 528 1621 562 Bachetus
1646 531 1677 564 in
1700 543 1761 566 no.

49 583 87 617 tis
102 581 140 616 ad
157 583 384 628 Diophantum
401 592 473 627 pag.
492 582 564 625 196.
578 579 712 615 illustrat
728 583 824 615 etiam
843 580 999 628 griphum
1015 580 1258 616 arithmeticum
1273 577 1363 615 latini
1378 580 1644 628 epigrammatis,
1670 582 1761 618 obuii

47 634 82 668 in
97 632 292 669 collectione
310 641 455 667 veterum
472 641 666 679 poematum
685 633 881 674 Pithoeana‚
907 628 998 680 quod
1016 632 1146 679 incipit:

349 708 393 740 Vt
415 711 462 737 tot
483 710 625 737 emantur
647 715 734 744 aues,
779 706 825 738 bis
847 706 931 737 denis
948 709 1033 736 vtere
1054 707 1153 737 numis
1174 713 1227 737 etc.

48 775 132 812 Vide
147 785 178 813 et
193 775 431 824 Anthologiam
448 777 725 823 epigrammatum
748 787 943 823 graecorum
960 774 1015 810 lib.
1033 776 1055 809 1.
1080 789 1149 824 cap.
1166 779 1219 818 46.
1233 772 1257 809 f.
1279 786 1318 820 97
1334 771 1376 823 sq.
1398 787 1436 809 ac
1456 775 1618 820 Maximi,
1645 783 1762 823 monag

47 831 101 864 chi
117 828 327 876 (Planudae)‚
354 825 478 864 scholia
491 839 623 875 graeca,
647 839 720 864 ante
735 829 780 863 H.
795 829 948 876 Stephani
965 825 1191 863 adnotationes
1205 824 1322 862 excusa
1338 829 1371 860 in
1387 824 1462 861 edit.
1479 827 1631 863 Wechel.

150 932 204 966 XI.
235 931 410 977 [Notitiam
425 930 560 971 codicum
576 935 762 975 mutorum,
776 941 933 977 quorum
950 941 1109 977 magnam
1126 930 1256 977 copiam
1273 928 1490 964 Hrilbronmr
1504 930 1535 963 in
1551 942 1640 977 oper.
1656 943 1761 970 mem.

46 981 162 1032 paffim
179 996 218 1018 ex
238 978 483 1018 Momfauconii
502 981 595 1016 catal.
610 979 705 1015 codd.
721 983 785 1014 iam
805 979 929 1022 adtulit,
956 981 1010 1015 hic
1028 983 1245 1029 praemittam.
1297 981 1436 1015 Numeri
1456 984 1664 1028 paginarum,
1687 981 1760 1019 fim-

48 1035 176 1083 pliciter
189 1032 336 1081 adpositi,
351 1031 492 1066 indicant
506 1031 592 1069 loca.
619 1033 670 1067 vbi
686 1031 911 1066 Heilbronner
925 1030 1020 1066 codd.
1037 1029 1113 1065 fecit
1130 1033 1345 1066 mentionem.
1398 1033 1435 1066 ln
1458 1033 1604 1066 biblioth.
1625 1034 1760 1069 Vatica-

50 1098 112 1126 πα,
135 1087 259 1132 Dioph.
276 1085 438 1119 arithmet.
455 1083 527 1117 libri
546 1084 600 1117 111.
620 1092 650 1118 et
666 1083 727 1118 alia
743 1082 898 1117 eiusdem.
922 1087 1012 1130 (pag.
1029 1089 1094 1126 538.
1113 1083 1143 1128 §.
1162 1085 1203 1126 2.)
1230 1102 1280 1108 —
1308 1084 1374 1117 eius
1395 1084 1597 1117 arithmetica
1612 1086 1762 1122 Hermae
1818 1081 1820 1083 ¹

49 1136 267 1185 Trismegissi.
294 1139 382 1182 (pag.
401 1145 471 1179 539.
488 1134 517 1181 §.
537 1134 580 1177 3.)
608 1153 659 1160 —-
685 1134 814 1169 arithm.
830 1135 863 1167 in
881 1137 967 1167 cuius
990 1132 1076 1168 calce
1092 1132 1249 1180 quaedam
1266 1145 1305 1167 cx
1319 1134 1468 1167 fllaximo
1484 1136 1633 1168 Planasia
1650 1136 1764 1172 adiun-

49 1197 179 1236 guntur.
202 1191 293 1235 (pag.
308 1197 371 1230 541.
395 1185 425 1231 ᾗ.
441 1198 471 1229 9.
495 1188 571 1219 item
593 1196 669 1232 pag.
683 1195 757 1228 447.
774 1185 805 1232 §.
822 1188 888 1232 33.)
941 1183 1141 1232 Exemplum
1166 1183 1287 1219 codicis
1308 1183 1474 1220 cuiusdam
1490 1187 1641 1221 Vaticani
1666 1202 1684 1222 a
1700 1189 1762 1223 Iac.

48 1237 226 1274 Sirmondo
249 1238 372 1284 accepit
393 1237 561 1271 Meziriac.

149 1306 186 1339 In
202 1303 348 1339 biblioth.
362 1302 575 1348 Ambrosiam
589 1300 729 1337 Mediol.
745 1301 865 1346 Dioph.
882 1302 1163 1337 arithmeticorum
1186 1300 1257 1335 libri
1284 1310 1316 1337 et
1338 1300 1378 1337 de
1399 1304 1543 1337 numeris
1568 1302 1766 1352 polygonis,‘

47 1356 179 1404 Iofiplm
195 1356 305 1391 Auria
321 1357 502 1401 interprete.
528 1356 613 1402 (pag.
634 1356 702 1398 563.
720 1356 751 1400 ᾗ.
766 1356 836 1398 90.)
863 1374 912 1380 —
939 1353 1127 1389 Secundum
1144 1353 1358 1400 Montfauccm
1373 1355 1407 1389 in
1420 1352 1525 1390 diario
1540 1355 1605 1390 ital.
1629 1369 1702 1405 pag.
1719 1368 1763 1402 15.

48 1407 116 1445 duo
132 1406 228 1443 codd.
245 1419 294 1455 gr.
311 1417 429 1441 recent.
445 1408 479 1440 in
498 1405 553 1439 illa
569 1404 691 1439 exstant
705 1403 909 1440 bibliotheca.

154 1475 300 1510 Venetiis
320 1476 353 1508 in
375 1472 523 1507 biblioth.
545 1473 586 1506 D.
602 1473 709 1506 Marci
731 1470 803 1506 cod.
821 1472 997 1508 cccvm.
1016 1471 1114 1505 chart.
1136 1467 1215 1505 saec.
1232 1472 1302 1506 ΧΠ.
1324 1472 1356 1505 in
1375 1477 1405 1511 8.
1426 1471 1549 1520 Dioph.
1571 1473 1767 1509 arithmetic:

50 1526 122 1562 libri
138 1528 195 1562 VI.
209 1539 352 1574 quorum
374 1526 442 1559 duo
465 1526 587 1571 priores
602 1522 800 1558 illustrantur
822 1521 972 1562 scholiis,
1000 1533 1030 1557 et
1054 1521 1095 1557 de
1118 1525 1262 1557 numeris
1283 1523 1483 1572 polygonis,
1508 1519 1531 1557 s.
1547 1523 1762 1573 multangulis

49 1578 129 1614 liber
143 1579 167 1614 Ι.
195 1576 273 1622 (vid.
290 1576 383 1612 catal.
400 1574 496 1611 codd.
511 1588 558 1623 gr.
579 1588 651 1623 pag.
667 1575 756 1622 144.)

157 1645 293 1679 Taurini
316 1646 348 1678 in
361 1643 514 1679 biblioth.
540 1644 645 1690 regia,
678 1640 750 1676 cod.
765 1641 906 1677 LXXIII.
929 1621 1030 1676 chart.
1056 1637 1136 1675 saec.
1155 1642 1240 1675 XVI.
1262 1641 1427 1677 arithmet.
1452 1640 1524 1676 libr.
1540 1641 1597 1676 Vl.
1621 1655 1764 1690 quorum

51 1696 175 1732 duobus
191 1696 348 1744 prioribus
365 1694 471 1729 addita
489 1691 561 1728 sunt
584 1696 617 1727 in
639 1695 788 1742 margine
808 1691 929 1727 scholia
945 1693 1086 1727 Maximi
1101 1693 1290 1733 Flammae,-
1316 1704 1347 1728 et
1370 1693 1493 1741 Dioph.
1516 1692 1556 1728 de
1579 1693 1766 1743 multangu-

0 1756 1 1781 ἐ
51 1748 89 1784 lis
114 1750 265 1784 numeris.
295 1748 399 1790 (catal.
414 1744 511 1780 codd.
527 1746 634 1780 Taur.
655 1758 704 1793 gr.
726 1757 800 1794 pag.
815 1745 900 1788 170.)

153 1815 288 1849 Patauii
312 1815 346 1848 in
367 1812 517 1848 biblioth.
534 1809 704 1859 quondam
725 1813 862 1847 Hedlor.
879 1811 1002 1858 Dioph.
1020 1811 1182 1846 arithmet.
1197 1810 1292 1856 (teste
1310 1809 1473 1859 Tomafino
1494 1812 1529 1845 in
1548 1810 1696 1847 biblioth.
1712 1812 1770 1847 Pas

53 1875 151 1901 taum.
195 1879 210 1899 a
238 1876 290 1899 ,n
314 1891 320 1898 .

154 1878 192 1967 lii
205 1877 279 1965 bgibl.
294 1866 385 1977 5piibl.
398 1927 504 1974 Paris.
521 1927 599 1962 teste
615 1937 675 1963 cat.
692 1937 774 1962 tom.
790 1927 828 1962 11.
844 1926 1028 1972 Dioplzmzti
1045 1928 1246 1962 arithmetica
1262 1928 1294 1961 in
1312 1924 1772 1964 codd.MMCCCLXXVIII.¹

43 1983 368 2020 —MMCCCLXX1X.
385 1980 687 2015 MMCCCLXXX.
701 1979 1066 2065 MMCCCISILXXXV.
1088 1984 1122 2013 in
1143 1976 1286 2014 secundo
1307 1988 1338 2013 et
1359 1982 1453 2015 tertio
1479 1980 1523 2015 esi
1538 1993 1670 2029 quoque
1684 1979 1768 2066 illllius

921 2043 955 2064 m
975 2042 1008 2064 m
1022 2043 1056 2064 m
1085 2043 1102 2064 2
1703 2045 1710 2065 1
1734 2043 1768 2066 er

36 2142 37 2145 ’
101 2139 143 2170 ee)
169 2131 310 2173 Villoison
325 2134 354 2162 in
369 2131 476 2162 Anecd.
495 2142 586 2170 graec.
602 2138 672 2161 tom.
690 2132 728 2161 11.
745 2138 822 2171 p-r53
833 2129 891 2171 sqq.
936 2129 1111 2166 innotuisse,
1135 2136 1162 2160 et
1186 2129 1268 2160 illum
1285 2131 1433 2161 auetorem
1451 2141 1514 2172 pag.
1531 2141 1580 2170 70.
1602 2132 1770 2169 adfirmare,⁴

57 2178 282 2212 animaduertit,
305 2186 484 2208 anonymum
506 2177 653 2204 auetorem
677 2173 811 2203 dissertat.
833 2184 892 2202 ma·
937 2175 1135 2215 Diophantum
1156 2173 1403 2208 Alexandrinum,
1433 2177 1484 2213 qui
1506 2175 1604 2204 medio
1626 2174 1688 2205 fere
1709 2175 1767 2204 sae-

30 2250 35 2251 .
58 2224 214 2253 thomarico
231 2221 346 2249 criticae
367 2218 402 2247 de
420 2217 612 2247 numeralium
628 2225 761 2246 netarum
786 2215 891 2246 minus-
936 2217 1001 2246 culo
1020 2217 1141 2246 secundo
1157 2216 1308 2253 Algebram
1331 2217 1480 2246 instituiffe
1502 2228 1517 2246 a
1540 2217 1671 2257 plurimis
1686 2227 1768 2258 pute-

59 2263 187 2294 cularum
202 2265 332 2300 origine,
355 2264 383 2290 in
406 2270 487 2290 temo
502 2267 552 2295 48.
581 2258 713 2289 Raccolta
729 2259 892 2298 d’Opusco-
936 2268 1001 2294 tur,
1025 2259 1140 2289 illarum
1156 2267 1290 2288 notarum
1309 2270 1369 2288 non
1390 2262 1503 2299 penitus
1519 2260 1600 2289 fuisse
1623 2261 1770 2297 ignarum.

60 2306 82 2336 li
103 2306 249 2335 scientifici
272 2315 288 2334 e
310 2304 470 2341 filologici,
501 2313 565 2343 pag.
583 2313 613 2331 21
631 2320 657 2324 ψ
677 2311 733 2332 ιιο.
759 2302 892 2341 plurimis
937 2302 1020 2332 Plura
1043 2314 1077 2333 ex
1096 2302 1147 2333 illa
1167 2302 1274 2333 differt.
1298 2302 1364 2332 scite
1393 2303 1530 2343 excerpsit
1562 2300 1596 2332 cl.
1614 2301 1768 2333 Villoison.

62 2349 251 2388 comprobare
267 2346 424 2387 exemplis,
448 2345 620 2375 minusculas
637 2355 824 2374 numerorum
841 2355 892 2373 no-
938 2345 1029 2376 Harl.

62 2398 124 2426 tus,
161 2400 230 2431 quas
251 2390 377 2420 arabicas
397 2390 545 2420 immerito
568 2397 724 2423 vocamus,
756 2388 894 2418 Romanis
