2013 2725
255 149 314 181 610
404 146 475 179 Lib.
491 143 559 180 IV.
577 155 600 177 c.
616 141 764 177 XXVI.
868 142 1088 177 CLAVDIVS
1120 142 1336 178 AELIANVS

365 238 442 275 Val.
461 239 639 272 Hermanm'
661 236 850 283 Thr-ymni,
883 235 1000 271 medici
1022 238 1156 271 ciuitatis
1178 238 1350 282 Geithayn.
1375 234 1446 272 ord.
1473 233 1653 273 obseruatio
1673 238 1713 273 de
1738 239 1962 283 Animorum,

257 303 399 339 quorum
422 298 640 324 monumenta
664 285 847 334 supersunt,
874 289 1045 330 aetatibus,
1075 292 1106 322 in
1126 286 1311 323 Miscellan.
1333 287 1482 336 Lipfieus.
1507 299 1589 324 tom.
1607 290 1660 323 lv.
1684 289 1804 326 obseru.
1821 299 1868 331 81.
1891 304 1966 340 pag.

257 355 314 378 120
333 340 396 389 sqq.
451 341 525 381 llle,
552 341 718 375 audiorem
738 338 831 379 libri,
855 339 999 375 Histoire
1018 342 1154 387 critique
1167 339 1206 374 de
1224 339 1254 374 la
1272 339 1474 388 Republique
1489 339 1543 375 des
1561 340 1685 382 lettres,
1713 353 1794 388 part.
1811 345 1833 376 1.
1856 355 1884 390 p.
1901 353 1966 387 ¹74·

256 394 453 428 Botlmrtum
475 394 507 426 in
532 393 752 435 Hierozoico‚
778 400 872 438 part.
894 393 915 426 l.
940 391 1011 426 libri
1029 393 1066 426 Π.
1095 405 1163 439 cap.
1180 394 1231 434 46.
1258 403 1330 438 pag.
1350 404 1413 433 522.
1442 401 1472 425 et
1493 404 1562 438 cap.
1579 403 1621 436 55.
1649 404 1721 440 pag.
1737 396 1807 436 627.
1829 403 1909 441 part.
1927 394 1965 428 11.

256 444 325 480 libr.
345 447 366 480 1.
388 457 457 492 cap.
477 456 506 486 4.
532 456 606 491 pag.
621 455 662 478 21.
687 441 780 529 etffis.
799 442 942 488 Voffium
966 446 997 476 in
1019 441 1158 490 adpend.
1183 439 1354 477 obseruatt.
1375 441 1413 476 ad
1431 444 1592 492 Pompon.
1612 443 1830 491 Melampag.
1844 453 1893 487 38.
1920 441 1965 479 se-

255 505 392 545 quutus,
428 493 645 530 contendebat
668 503 698 529 et
719 506 736 527 e
761 491 846 528 icisse
866 492 922 528 sibi
945 493 1130 532 videbatur,
1165 494 1332 529 auctorem
1355 493 1505 529 historiae
1528 493 1716 529 animalium
1740 493 1902 530 diuersum
1927 494 1966 529 ab

256 546 472 596 compilatore
487 548 650 582 variarum
671 545 896 587 historiarum,
923 543 1034 580 vixiss‘e
1054 555 1155 580 aetate
1171 547 1378 588 Germanici,
1406 545 1617 580 Alexandriae
1631 556 1764 588 natum,
1791 544 1880 594 quod
1898 545 1967 581 col·

255 598 333 647 legit
354 611 393 635 ex
415 598 542 633 liban.
562 611 634 646 cap.
651 610 690 632 11.
718 599 798 645 (ego
823 609 902 632 vero
926 599 1086 632 rationem
1109 607 1140 631 et
1160 596 1345 631 firmitatem
1370 600 1554 645 argumenti
1575 611 1644 632 non
1668 596 1737 632 satis
1762 597 1911 645 intelligo
1935 607 1968 632 et
1988 596 1993 597 ⁷

254 648 448 699 perspicim')
484 660 554 685 turn
578 647 666 697 quod
688 645 753 698 ipse
778 648 830 684 lib.
849 649 903 682 XI.
928 661 997 696 cap.
1020 648 1076 683 vlt.
1099 644 1230 689 scribat,
1267 646 1295 682 se
1319 651 1351 683 in
1374 661 1496 696 magna
1522 648 1597 684 vrbe
1626 647 1822 684 Alexandria
1845 648 1966 683 bouem

255 702 319 738 deo
336 700 474 744 sacrum,
497 703 640 750 quinque
657 699 808 748 pedibuS‚
831 703 986 734 miratum
1009 697 1086 741 effe,
1114 710 1228 734 contra
1249 699 1331 734 alter
1351 700 1522 740 Aelianum,
1550 702 1662 736 auctor
1684 713 1765 736 varr.
1786 698 1857 735 hist.
1879 697 1968 748 apud

255 753 487 790 Pliilossratum
511 754 530 788 l.
547 766 574 787 c.
598 761 713 799 neget,
748 749 777 785 se
798 764 981 799 numquam
1005 751 1071 786 vlla
1092 760 1180 797 parte
1204 761 1362 785 terrarum
1386 751 1467 787 vltra
1490 752 1700 786 ltaliae-fines
1727 753 1969 800 peregrinatum

255 804 335 848 esse,
366 817 471 851 neque
492 817 610 839 nauem
631 816 788 850 vmquam
814 800 1050 842 conscendisse,
1084 815 1189 850 neque
1210 814 1378 850 expertum
1402 802 1462 838 effe
1486 816 1585 838 mare.
1640 802 1700 837 Sed
1729 802 1876 850 Valesius
1901 804 1967 837 iam

254 856 332 892 loco
348 868 428 891 mox
444 854 573 890 citando
597 868 627 902 p.
649 866 710 895 ¹23·
738 856 990 901 praeoccupauit
1014 855 1096 887 hanc
1119 852 1339 901 quaestionem
1362 865 1392 888 et
1416 856 1457 887 ita
1479 852 1593 894 soluit,
1619 863 1651 887 vt
1666 853 1834 894 statueret,
1861 852 1968 888 Philo-

254 907 409 949 stratun1,
444 919 560 954 parum
588 905 779 952 diligentem
800 907 834 938 in
856 901 1027 938 scribendis
1050 901 1265 950 sophistarum
1287 907 1378 945 vitis,
1411 902 1481 938 falli
1503 902 1626 939 neceffe
1648 902 1729 946 esse,
1760 914 1790 938 et
1811 901 1969 938 scribendi

255 972 357 1006 genus
377 960 409 992 in
426 958 512 993 libris
530 956 570 991 de
587 955 782 990 animalibus
800 954 948 989 redolere
966 953 1159 1002 sophistam,
1186 954 1347 1002 planeque
1368 954 1551 1003 fimplicem
1569 953 1631 989 effe
1653 968 1689 990 ae
1709 953 1868 992 nitidum,
1891 966 1970 1002 qua.

255 1012 322 1046 lem
351 1010 484 1045 Aeliano
510 1006 669 1056 sophistae
693 1007 809 1040 tribuat
831 1005 1055 1040 Philostratus:
1095 1006 1341 1053 Hambergerus
1365 1017 1471 1041 autem
1494 1007 1617 1042 Aeliani
1641 1018 1671 1040 et
1695 1004 1876 1041 Philostrati
1899 1017 1971 1040 nar-
1995 1040 2000 1041 ⁷

255 1064 396 1097 rationes
418 1059 598 1095 commode
621 1061 662 1092 ita
685 1057 854 1097 conciliat,
889 1067 922 1091 vt
943 1059 1112 1104 opinetur,
1146 1057 1318 1092 Aelianum
1340 1057 1471 1107 postea,
1500 1070 1598 1106 quam
1621 1056 1831 1092 Philostratus
1851 1055 1882 1090 id
1903 1069 1971 1097 me<
2011 1096 2013 1101 ¹

256 1115 384 1149 moriae
406 1109 593 1159 prodidisset
616 1109 657 1144 de
682 1109 761 1149 illo,
788 1112 846 1143 iter
867 1111 899 1142 in
921 1111 1110 1156 Aegyptum
1133 1105 1305 1155 suscepisse.
1361 1112 1466 1157 Atque
1487 1106 1551 1157 ipse
1574 1108 1693 1143 Fabric.
1718 1110 1783 1142 iam
1810 1110 1875 1142 init.
1899 1109 1929 1155 §.
1947 1107 1972 1142 ῐ.

257 1175 349 1199 caute
376 1161 543 1210 sobrieque
567 1159 705 1209 scripsit,
731 1160 824 1194 illum
847 1162 903 1194 vix
927 1173 1084 1208 vmquam
1105 1157 1265 1208 egressum
1291 1157 1352 1195 effe
1374 1161 1453 1196 fines
1474 1160 1590 1196 ltaliae.
1644 1159 1838 1195 Philostrato
1861 1168 1970 1194 tamen

257 1214 461 1265 potissimum
488 1213 568 1248 duce
594 1212 682 1246 idem
702 1211 840 1256 Tryllit.
869 1224 1020 1260 pugnans
1052 1221 1166 1246 contra
1183 1212 1416 1255 ,Perizonium‚
1459 1210 1562 1246 statuit
1585 1210 1757 1246 Aelianum
1784 1206 1970 1257 sophistam,

258 1269 423 1303 iuniorem
446 1264 568 1306 altero,
596 1260 705 1298 vixiffe
727 1262 797 1311 post
814 1262 976 1297 Hadriani
1000 1272 1168 1310 tempora,
1195 1275 1253 1296 nec
1274 1261 1411 1311 potuisse
1434 1261 1474 1297 ad
1495 1262 1662 1309 Elegabali
1679 1273 1709 1297 et
1728 1261 1901 1296 Alexandri
1917 1261 1972 1296 Se-

258 1320 326 1354 veri
349 1319 524 1364 imperinm
550 1316 730 1363 peruenire.
784 1313 846 1348 Sed
867 1317 945 1348 haec
965 1325 995 1347 et
1017 1313 1097 1355 alia,
1124 1312 1292 1360 ingeniose
1311 1314 1443 1362 quidem
1466 1312 1626 1360 expolita,
1652 1313 1690 1347 ab
1714 1313 1784 1347 aliis
1805 1324 1883 1346 vero
1905 1313 1973 1345 iam

261 1378 418 1417 occupata
442 1366 665 1414 refutataque,
689 1366 760 1400 talis
785 1364 872 1399 haud
895 1363 1084 1399 firmissimis
1106 1366 1263 1400 nituntur.
1310 1364 1403 1400 Adde
1425 1377 1507 1411 quae
1528 1366 1594 1398 iam
1615 1362 1771 1399 adnotaui
1794 1365 1828 1398 in
1848 1361 1971 1398 introd.

261 1424 295 1456 in
318 1420 427 1456 histor.
443 1421 477 1454 L.
496 1420 552 1453 Gr.
568 1419 592 1452 1.
610 1432 639 1465 p.
656 1423 716 1460 248
737 1413 782 1464 sq.
812 1416 864 1450 vbi
886 1415 925 1450 de
945 1416 1080 1450 Aeliano
1102 1413 1268 1463 disputanti.
1292 1437 1344 1442 —
1375 1414 1532 1460 Christian
1550 1415 1612 1461 Ios
1631 1417 1806 1461 Iagaemann
1824 1411 1862 1460 (s.
1881 1416 1972 1448 Tira·
1999 1456 2002 1457 ⁷

261 1472 422 1518 bosclziur,
446 1472 532 1504 cuius
551 1482 631 1518 opus
648 1471 678 1502 in
695 1466 932 1514 compendium
947 1467 1089 1513 redegit)
1105 1469 1135 1501 in
1154 1467 1211 1502 der
1225 1464 1417 1502 Gesclu'chte
1440 1465 1496 1501 der
1517 1464 1631 1510 freyen
1658 1465 1778 1501 Kiinsse
1803 1464 1867 1500 und
1883 1461 2002 1502 wis-9

260 1521 462 1559 senschasten
482 1524 516 1556 in
540 1520 670 1561 Italico,
699 1521 795 1563 (tom.
813 1520 851 1552 H.
874 1517 995 1566 Lipsiae
1018 1525 1104 1563 ¹778·
1124 1520 1171 1562 8.)
1199 1531 1270 1566 pag.
1285 1530 1337 1561 257
1356 1515 1400 1565 sq.
1428 1517 1599 1553 Aelianum
1616 1517 1852 1563 Praenqstinum
1868 1519 1907 1552 V.
1926 1517 1989 1551 Hp

261 1576 517 1624 compilatorem
536 1574 675 1607 omnino
695 1568 939 1605 discernendum
957 1579 1048 1618 putat
1063 1571 1102 1604 ab
1116 1570 1272 1611 Aeliano,
1298 1570 1460 1607 Romano,
1486 1570 1619 1604 auctore
1636 1568 1702 1604 hist.
1720 1571 1820 1603 anim.
1871 1567 1972 1603 Nulla

262 1637 372 1661 tamen
389 1638 477 1660 noua
494 1624 607 1659 adtulit
626 1633 838 1669 argumenta,
863 1619 917 1656 sed
934 1634 988 1662 ea,
1014 1634 1096 1669 quae
1113 1621 1151 1655 ab
1171 1620 1241 1655 aliis
1262 1623 1327 1656 iam
1347 1621 1529 1668 excogitata
1553 1629 1794 1669 aromataque,
1820 1629 1852 1655 at
1871 1630 1990 1668 aeque.>

261 1675 399 1713 refutata
424 1676 694 1710 memorauimuS.
1603 1698 1606 1699 ⁷
1915 1678 1918 1679 ⁷
1999 1711 2001 1714 ι

368 1728 470 1762 Henr.
489 1726 633 1773 Valestm
650 1727 683 1759 in
700 1721 978 1758 Emendationum
995 1721 1079 1756 libro
1095 1724 1221 1770 quinto,
1243 1735 1313 1770 cap.
1331 1724 1354 1755 Ι.
1371 1731 1485 1756 contra
1499 1723 1679 1756 Gesnerum
1694 1719 1850 1757 dimicans
1868 1720 1975 1757 osten·
1990 1718 1997 1722 “

263 1780 339 1816 dere
369 1789 522 1818 conatur,
555 1778 812 1823 (comprobante
834 1776 1024 1809 Burmanno
1050 1774 1081 1806 in
1103 1784 1201 1813 nota,
1223 1785 1295 1820 pag.
1315 1774 1389 1816 ηπ.)
1423 1772 1595 1807 Aelianum
1623 1771 1662 1806 de
1691 1771 1877 1809 instruenda
1905 1775 1973 1807 acie
2012 1765 2013 1801 i

264 1828 427 1867 diuersum
452 1826 515 1865 effe
538 1828 576 1862 ab
599 1827 739 1862 Aeliano
762 1824 917 1874 sophista,
953 1825 1087 1859 auc'iore
1107 1827 1269 1858 variarum
1293 1823 1500 1858 historiarum
1520 1833 1551 1858 et
1576 1824 1736 1859 librorum
1763 1824 1806 1858 de
1825 1824 1985 1860 animali-⁴

263 1885 340 1924 bus;
372 1883 460 1916 hunc
483 1890 593 1915 autem
613 1891 682 1914 non
706 1876 762 1912 sub
785 1875 972 1915 Hadriano,
1000 1872 1053 1910 sed
1080 1878 1267 1922 praecipue,
1297 1877 1453 1923 quoniam
1476 1889 1494 1909 a
1519 1873 1714 1910 Philostrato
1734 1873 1859 1910 dicatur
1883 1872 1974 1910 disci.-

264 1935 359 1984 pulus
383 1929 571 1972 Pausaniae,
601 1933 654 1978 qui
678 1932 762 1963 circa
785 1930 892 1964 Seueri
917 1938 1068 1975 tempora
1088 1922 1150 1960 fuir
1171 1925 1299 1961 auditor
1321 1924 1463 1960 Herodis
1486 1928 1602 1965 Attici,
1634 1923 1689 1960 sub
1713 1924 1900 1962 Alexandro
1919 1927 1974 1962 Se·

265 1998 344 2020 vero
364 1981 523 2019 floruisse:
549 1995 620 2029 cap.
636 1994 663 2016 2.
693 1978 781 2015 suam
798 1978 1014 2015 corroborare
1032 1976 1134 2012 studet
1149 1975 1337 2012 sententiam
1355 1976 1431 2012 loco
1455 1974 1550 2024 ipsius
1568 1977 1692 2012 Aeliani
1714 1975 1888 2026 sophistae,
1916 1979 1973 2026 qui

264 2040 300 2073 in
321 2036 404 2072 libro
421 2037 456 2068 X.
478 2033 517 2069 de
535 2032 725 2069 animalibus
744 2045 814 2078 cap.
832 2045 856 2067 1.
879 2028 987 2064 laudet
1009 2029 1163 2069 Dionem,
1191 2041 1258 2077 quo
1279 2030 1414 2063 nomine
1437 2028 1627 2064 historicum
1654 2030 1744 2064 innui
1766 2038 1856 2076 putat
1879 2029 1973 2063 Vale-

255 2081 345 2131 Ἠώς,
375 2100 463 2125 non,
491 2082 733 2133 philosophum.
787 2085 968 2117 Enimuero
985 2081 1151 2115 Schneider
1169 2081 1201 2114 in
1213 2081 1364 2115 —Periculo
1383 2080 1497 2115 critico
1519 2082 1551 2114 in
1569 2080 1797 2127 anthologiam
1811 2078 1972 2116 Conssan-

268 2141 325 2175 tini
348 2136 513 2187 cephalae
537 2149 610 2184 pag.
627 2143 692 2176 128.
717 2134 749 2169 id
777 2144 1029 2182 argumentum,
1050 2144 1089 2166 ex
1111 2130 1298 2166 testimonio
1322 2131 1439 2165 Dionis
1462 2133 1622 2178 petitum,
1647 2130 1818 2166 infirmum
1840 2129 1998 2169 iudicat,-

268 2193 343 2239 quia
366 2193 398 2224 in
425 2188 550 2222 Aeliani
578 2190 672 2228 loco,
701 2199 733 2222 vt
757 2200 794 2221 ex
821 2186 903 2220 libro
922 2185 1024 2218 XVH.
1046 2196 1112 2230 cap.
1131 2188 1188 2217 10.'
1203 2181 1352 2229 adparet,
1386 2179 1453 2215 fine
1477 2179 1574 2216 dubio
1599 2180 1777 2230 legendum
1798 2181 1836 2218 sit
1855 2184 1972 2221 Δίνων·

267 2245 299 2278 Is
322 2252 432 2276 tamen
455 2243 487 2273 in
511 2237 564 2273 sua
581 2237 702 2272 Aeliani
724 2237 866 2272 editione
888 2249 960 2283 pag.
975 2246 1036 2277 312.
1065 2235 1237 2269 lectionem
1256 2230 1389 2282 priscam
1408 2234 1490 2269 Δίων
1506 2235 1649 2274 retinuit,
1677 2246 1736 2268 nec
1755 2235 1787 2269 in
1806 2244 1883 2269 nota
1905 2231 1973 2268 sub.

270 2295 351 2329 iec‘ht
374 2290 575 2329 sollicitauit,
603 2290 721 2324 nedum
741 2286 931 2336 proscripsit.
983 2288 1085 2320 Porro
1105 2285 1252 2330 lsalqfius
1270 2287 1301 2318 in
1322 2296 1389 2330 cap.
1406 2295 1446 2324 13.
1465 2283 1578 2324 docet,
1609 2284 1779 2319 Aelianum
1795 2283 1974 2333 sophistam

271 2348 438 2380 auctorem
460 2339 520 2376 esse
543 2341 700 2376 libror-..m
727 2340 765 2374 de
789 2338 979 2374 animalibus
1001 2348 1032 2372 et
1055 2338 1092 2371 nb
1111 2349 1151 2371 eo
1175 2333 1336 2370 diuersum
1359 2336 1430 2369 tadi
1493 2348 1549 2369 um
1576 2332 1779 2383 scriptorem.
1831 2338 1907 2371 Eius
1932 2346 1975 2372 ta·

272 2409 349 2433 men
368 2405 522 2445 quartum
543 2392 758 2441 vltitnumque
781 2400 1036 2440 argumentum,
1066 2401 1105 2423 ex
1127 2401 1167 2426 eo
1186 2386 1341 2429 duc‘ium,
1367 2347 1517 2435 quofin
1544 2396 1631 2425 msto
1653 2385 1766 2423 codiee
1788 2386 1861 2425 bibl.
1877 2384 1973 2474 Pardis·
1995 2398 1997 2401 ·

1862 2466 1864 2469 -
1894 2441 1925 2476 vi
1948 2440 1972 2475 it
