2049 2720
585 136 835 195 t-:Drrtoitizs
867 157 1054 194 OPERVM
1088 157 1250 195 GLLENI
1326 156 1641 195 Laetaexsx.
1705 170 1772 204 ⁴99

63 258 127 293 'tem
144 255 409 303 graecolatinum,
431 264 525 298 opera
540 258 570 289 et
574 252 684 299 studio
701 253 747 289 D.
766 252 886 288 Anatii
903 253 1002 301 Foefii
1020 265 1078 287 non
1099 254 1366 300 emendatiffimnm
1386 259 1528 294 tantum,
1545 252 1609 299 sed
1625 259 1655 288 et
1677 255 1775 287 maxi-

65 321 111 344 me
126 306 345 353 perspicuum,
375 307 575 351 cogitationes
596 305 800 352 instituerunt
819 306 857 339 de
876 305 1000 339 Galeno
1021 317 1150 352 quoque.
1206 306 1289 340 Eam
1308 308 1338 340 in
1359 317 1425 340 rem
1445 317 1513 338 cnm
1533 307 1592 338 diu
1615 304 1774 352 qnaefiuts

57 359 134 408 sent
155 357 299 404 Fufium
324 356 478 404 aliquem,
521 358 664 405 occastone
693 358 806 391 horum
835 359 1124 390 commentariorum
1152 358 1328 392 inciderunt
1350 359 1382 391 in
1409 356 1524 402 Caspr.
1542 355 1775 402 Hofmannum‚

64 421 155 458 quem
174 415 313 443 orarunt
334 415 365 443 et
386 415 578 449 exorarunt,
603 410 652 442 vti
673 410 746 443 boni
760 408 881 453 publici
900 406 1001 454 canffiz
1015 409 1154 442 laborem
1174 409 1253 442 hunt
1270 411 1302 442 in
1310 408 1348 455 se
1363 410 1524 455 reciperet.
1577 407 1706 453 Recepit
1725 406 1777 442 ille

66 461 208 509 quidem,
235 471 288 495 nec
309 459 458 494 hafi‘cnus
476 462 612 504 pepercit
633 460 689 494 zilli
710 472 823 505 operae
845 466 875 494 et
887 460 1031 506 simitui,
1056 461 1104 493 vti
1119 459 1261 494 Galenus
1269 460 1335 504 fiat
1356 472 1450 506 quam
1473 459 1703 505 ornatiffimus:
1726 470 1777 492 ve-

64 525 153 552 rum,
180 523 247 546 cum
264 512 370 556 ειιρὶαί
389 523 468 557 opus
490 511 546 558 ff
564 513 722 552 omnibus,
750 512 798 560 (st
813 514 923 557 pom)
951 512 1088 545 numeris
1111 511 1383 558 ahsolutiffimum,
1409 511 1511 546 voluit
1532 511 1560 544 is
1577 510 1704 556 publice
1724 509 1778 544 boc

114 562 294 608 inficetum,
329 570 542 610 rogatumque
562 575 669 597 omnes
688 565 804 606 bonos,
834 569 864 597 et
887 564 1053 603 cordatos,
1085 575 1141 607 per
1154 563 1292 610 salutem
1319 570 1351 598 et
1379 563 1621 597 incolumitatem
1643 561 1781 595 methodi

67 614 251 657 Galenicac,
274 619 330 654 vt,
352 615 388 662 ſs
409 626 488 660 quae
508 614 642 649 habeant
662 615 776 648 Galcni
791 614 937 661 firipta,
961 613 1034 660 stne
1053 626 1212 660 nunquam
1231 616 1333 656 edita,
1356 615 1426 662 stne
1447 614 1527 648 edita
1539 613 1689 662 seorsim,
1708 613 1780 661 fine

64 678 150 706 cum,
163 666 234 714 fine
247 667 316 714 stae
336 667 621 711 emendationibus,
651 677 713 712 qua
729 678 881 713 graecae,
915 677 977 712 qua
998 667 1117 700 latinae
1140 668 1312 708 orationis,
1342 667 1388 699 ad
1400 665 1455 712 se,
1481 665 1550 708 (vel
1566 668 1610 698 ad
1624 671 1780 710 typogra-

63 719 161 765 phos)
182 720 332 756 mittant.
355 719 451 760 certi,
477 719 514 751 de
527 718 582 752 lzoc
598 717 737 764 ipsarum
748 717 846 764 fabio
865 719 986 761 publice
1007 720 1080 751 o.'im
1101 716 1318 763 constiturum.
1386 718 1420 751 Si
1447 718 1501 762 qui
1523 718 1616 750 etiam
1629 715 1715 763 sint,
1749 717 1783 749 in

64 780 201 817 quorum
223 771 380 810 manibus,
417 769 624 804 commonet
648 770 787 802 nondum
815 770 936 814 editae,
972 769 1012 804 V
1010 769 1115 816 esalii,
1150 770 1339 810 Dodonaei,
1373 766 1539 808 Camurii,
1569 767 1782 809 Lalamantn}

63 821 233 868 Gregorii,
258 821 402 861 Budaei‚
427 821 544 861 Riccii,
569 820 802 867 Falkenliurgii
823 822 979 860 afiorum
1008 822 1098 855 immo
1123 833 1199 856 vero
1213 823 1246 871 st
1261 823 1317 868 qui
1333 821 1555 855 emendationes
1571 818 1719 859 habeant,
1742 829 1781 852 ex

64 872 230 907 collatione
251 873 349 906 MSS.
373 874 406 905 in
428 872 642 911 Germanicis,
679 874 820 913 Italicis,
849 873 999 912 Gallicis,
1025 872 1224 919 Hypanicis,
1251 874 1400 921 Anglicis
1426 871 1626 906 B1bl10tlzecis
1647 869 1784 904 recondi-

63 930 193 962 torum;
219 935 268 957 eos
283 925 412 968 pariter
431 931 529 970 rogat
549 934 579 957 et
600 924 753 971 obsecrat,
778 927 826 958 vti
838 924 946 971 ficum
964 926 1116 959 communi
1133 931 1199 965 ent,
1228 928 1320 964 certi,
1350 926 1512 969 unicnique
1523 922 1665 969 suafine
1682 923 1781 956 liuore

63 977 220 1010 tributum
236 975 289 1009 iri.
340 974 413 1009 Hoc
428 975 479 1009 ille
484 975 626 1022 spondet
638 974 710 1021 fide
719 975 796 1022 sua.
849 974 969 1010 Affnm
983 974 1121 1020 Altoifii
1140 977 1260 1011 Xv111.
1277 976 1346 1012 Cal.
1361 975 1492 1022 Aprilis
1507 973 1730 1008 MDCXXHL

167 1049 423 1098 Diligentiffime
445 1064 525 1087 vero
545 1049 758 1087 Hofmannus
780 1053 813 1087 in
835 1049 893 1087 suo
916 1064 1016 1100 opere
1041 1049 1181 1086 versatus
1200 1051 1263 1093 est,
1288 1063 1320 1087 et
1344 1050 1495 1100 reliquit,
1519 1048 1690 1098 postquam
1710 1046 1782 1085 fato

63 1097 172 1138 fuerat
191 1099 341 1144 functus,
368 1101 482 1138 Galeni
498 1116 597 1152 opera
618 1106 751 1143 omnia,
780 1101 836 1139 suo
857 1103 968 1138 labore
991 1103 1161 1139 emendata
1184 1114 1279 1152 atque
1301 1102 1442 1151 digesta,
1469 1115 1545 1136 cum
1570 1099 1716 1136 versione
1736 1099 1782 1135 la-

64 1155 132 1188 tina
155 1153 359 1202 singulorum
384 1154 563 1195 librorum,
590 1165 645 1190 aut
664 1155 703 1190 ab
726 1152 794 1203 ipso
811 1154 1012 1202 composita,
1037 1165 1109 1195 aut,
1138 1154 1189 1188 vbi
1206 1156 1291 1190 bona
1307 1153 1410 1189 verslo
1425 1154 1524 1188 latina
1540 1152 1714 1201 prostaret,
1743 1164 1781 1187 ea

63 1204 256 1247 emendata,
281 1216 312 1241 et
334 1208 580 1240 commentariis
604 1205 774 1246 illustrata,
803 1208 836 1240 in
856 1208 968 1254 viginti
992 1203 1043 1241 sex
1065 1204 1288 1240 voluminibus
1307 1208 1342 1240 in
1363 1204 1448 1240 folio
1465 1217 1565 1238 manu
1586 1201 1639 1238 sua
1654 1201 1781 1251 scripta.

64 1255 158 1292 Haec
180 1256 295 1292 Galeni
318 1268 419 1303 opera
447 1267 537 1292 erant
560 1259 671 1306 primo
693 1257 950 1305 Norimbergae,
983 1259 1016 1291 in
1037 1254 1184 1291 thesauro
1208 1257 1339 1291 librario
1362 1257 1408 1291 10.
1425 1256 1563 1302 Georgii
1578 1253 1783 1295 Volcameri,

63 1308 122 1355 qui
139 1307 300 1342 Galenum
315 1307 356 1342 ab
372 1305 590 1350 Hofmanno,
617 1306 659 1344 de
680 1310 749 1344 hoc
769 1321 868 1358 opere
889 1305 948 1344 suo
970 1306 1064 1343 valde
1088 1305 1238 1349 sollicito,
1262 1307 1361 1343 iuliae
1378 1309 1533 1355 pecuniae
1549 1303 1677 1340 summa
1692 1303 1783 1340 rede·

66 1361 146 1401 mit,
172 1372 191 1395 e
214 1372 283 1408 quo
309 1358 499 1395 transierunt
520 1358 702 1395 hereditatis
726 1364 795 1395 iure
820 1364 852 1395 in
876 1359 1108 1395 bibliothecam
1132 1359 1308 1394 Christiani
1323 1357 1507 1394 Thomasii.
1560 1359 1652 1405 Qae
1675 1369 1781 1405 quum

66 1407 123 1447 fiab
145 1409 243 1446 hassa*
256 1409 503 1452 diuenderetur‚
530 1409 683 1447 transiere
698 1425 734 1446 ea
752 1413 869 1447 XXVI.
888 1410 1039 1446 immenfi
1057 1422 1089 1447 et
1108 1410 1228 1446 laboris
1249 1421 1281 1447 et
1297 1409 1465 1446 doctrinae
1481 1408 1653 1444 volumina
1669 1407 1707 1444 ad
1726 1407 1781 1445 Cl.

65 1459 210 1500 Askew‚
237 1462 406 1510 Anglum,
437 1475 505 1511 quo
528 1460 597 1499 fato
618 1461 735 1499 fundio
757 1467 914 1498 incertum
937 1462 982 1498 est
1005 1465 1040 1498 in
1060 1465 1230 1498 cuiusnam
1252 1475 1367 1498 manus
1389 1464 1608 1511 peruenerint.
1669 1462 1780 1495 Petrus

65 1514 336 1563 Laurembergius
356 1517 416 1556 ait,
440 1512 472 1550 se
492 1527 569 1550 eum
593 1511 688 1563 Casp.
704 1513 904 1551 Hofmanuo
931 1527 1004 1550 eam
1032 1513 1211 1550 editionem
1242 1512 1442 1562 praeparaffe
1469 1515 1503 1548 in
1527 1511 1607 1547 laur.
1627 1511 1781 1559 Delphic.

66 1577 144 1614 pag.
158 1576 205 1609 34.
222 1577 276 1608 40.
328 1564 429 1601 Conf.
451 1576 595 1602 ceterum
614 1566 655 1602 de
676 1568 743 1603 hoc
765 1564 952 1602 Hofmanni
970 1566 1083 1602 labore
1105 1566 1185 1612 Cpb.
1200 1567 1343 1601 Martini
1360 1566 1573 1612 Meelfuhreri
1586 1562 1780 1599 acceffiones

64 1615 107 1652 ad
120 1616 362 1653 Almeloueenii
383 1617 612 1653 bibliothecam
633 1616 825 1667 promissam
844 1632 882 1653 ac
896 1618 1051 1653 latentem
1075 1631 1107 1667 p.
1122 1630 1188 1664 ¹39·
1205 1630 1278 1664 140.
1307 1617 1357 1652 W
1357 1616 1517 1664 agenseilii
1536 1628 1649 1664 peram
1671 1614 1784 1651 libror.

65 1669 200 1705 iuuenil.
220 1679 301 1718 part.
320 1670 377 1704 lv.
393 1681 423 1705 2.
447 1682 521 1718 pag.
535 1678 608 1714 782.
641 1671 785 1717 Morhof
811 1673 845 1705 in
869 1668 1064 1718 polyhistor,
1087 1669 1140 1704 lib.
1156 1671 1181 1704 1.
1203 1682 1278 1717 pag.
1295 1672 1370 1712 306.
1405 1671 1455 1703 lo.
1475 1669 1541 1703 Iac.
1557 1668 1658 1702 Baier
1674 1669 1707 1701 in
1725 1668 1783 1701 vit.

65 1717 156 1768 ptos.
176 1719 334 1756 medicor.
350 1720 502 1756 Altorfin.
525 1734 598 1770 pag.
613 1725 670 1758 60.
684 1727 734 1758 61.
758 1742 805 1748 —
833 1719 1024 1757 Dolendum
1046 1719 1120 1756 sane
1140 1721 1185 1758 est
1205 1718 1442 1756 Hofmannum
1464 1722 1498 1754 in
1525 1717 1652 1753 Galeno
1674 1717 1784 1754 elabo-

65 1771 171 1808 rando
195 1770 281 1807 idem
303 1769 372 1808 fere
393 1769 554 1814 effecisse,
581 1771 672 1821 quod
693 1772 804 1808 nostro
830 1770 958 1808 saeculo
973 1771 1139 1808 Trillerus
1159 1774 1193 1807 in
1209 1773 1434 1822 Hippocrate,
1458 1783 1536 1806 eum
1556 1771 1654 1805 nimis
1675 1767 1784 1805 indul-

66 1821 139 1860 stffe
159 1825 190 1858 in
217 1826 292 1858 enio
316 1820 392 1869 suo,
416 1822 605 1872 congeffisse
626 1826 758 1867 omnia,
788 1837 892 1873 eoque
914 1823 1019 1859 modo
1040 1836 1124 1871 opus
1147 1823 1280 1872 quidem
1304 1821 1433 1859 summe
1455 1821 1611 1860 decium,
1638 1830 1669 1856 at
1690 1819 1784 1856 mole

67 1871 125 1910 sua
145 1837 215 1922 ips?
232 1873 382 1910 laborans
403 1873 632 1923 composuisse.
682 1877 715 1910 Si
738 1877 827 1910 enim
849 1875 999 1910 indolem
1022 1878 1362 1912 commentariorum,
1389 1887 1472 1923 quos
1493 1876 1527 1908 in
1547 1872 1648 1907 libros
1665 1872 1799 1908 Galeni‘

67 1923 112 1960 de
134 1924 189 1960 vsu
213 1927 354 1972 partium
375 1934 406 1960 et
429 1925 470 1960 de
493 1923 623 1961 sanitate
644 1925 764 1961 tuenda
782 1924 967 1974 composuit
982 1924 1216 1967 Hofmannus,
1242 1924 1453 1974 respicimus,
1479 1933 1654 1972 menteque
1673 1923 1784 1959 nostra

69 1978 257 2024 cogitamus
282 1979 538 2011 commentarios
560 1978 593 2010 in
615 1975 759 2024 fingulos
780 1977 896 2012 Galeni
921 1977 1041 2021 libros,
1078 1979 1132 2025 qui
1154 1979 1188 2012 in
1209 1978 1259 2012 his
1280 1977 1398 2012 XXVI.
1416 1975 1638 2011 voluminibus
1657 1971 1783 2023 scriptis

68 2040 147 2063 cum
172 2028 286 2062 Galeni
311 2037 399 2063 textu
425 2037 456 2062 et
477 2026 623 2062 versione
645 2030 712 2062 eius
737 2029 1004 2070 continebantur,
1033 2027 1175 2063 eiusdem
1197 2025 1290 2063 fuisse
1313 2027 1434 2064 indolis
1463 2040 1500 2062 ac
1525 2037 1678 2068 naturae,
1704 2036 1785 2061 tunc

71 2077 147 2116 sane
170 2090 239 2114 non
259 2077 341 2114 adeo
365 2077 586 2113 inuehendum
607 2077 651 2113 est
672 2081 704 2113 in
725 2078 982 2127 bibliopolarum
1005 2077 1231 2127 prudentiam,
1256 2077 1346 2129 quod
1365 2082 1398 2113 in
1418 2081 1590 2114 communi
1613 2078 1678 2112 hoc
1699 2077 1785 2113 litte·

71 2143 184 2168 tarum
202 2139 372 2164 contemtu
387 2143 456 2164 non
471 2128 535 2164 ausi
554 2127 625 2164 sunt
639 2127 746 2165 sumtu
765 2132 797 2165 in
816 2140 940 2165 tantum
960 2141 1044 2178 opus
1064 2132 1215 2179 impenio
1238 2143 1310 2166 rem
1332 2128 1531 2166 familiarem
1554 2126 1643 2164 suam
1665 2127 1787 2177 disper-

72 2181 171 2219 dere:
209 2179 270 2216 Sed
295 2194 314 2216 e
335 2194 370 2216 re
394 2181 544 2215 litteraria
565 2183 673 2227 vtique
696 2178 822 2222 fuiffet,
848 2184 1034 2230 praecipuas
1050 2180 1239 2217 Hofmanni
1260 2181 1486 2217 adnotationes
1507 2196 1525 2216 a
1548 2180 1649 2216 doeto
1671 2179 1785 2229 aliquo

6 2236 12 2240 ’
72 2236 146 2270 viro
166 2235 311 2280 excerpi,
338 2241 369 2268 et
386 2232 498 2267 relatas
520 2231 560 2267 ad
581 2236 715 2280 paginas
742 2232 891 2268 editionis
911 2233 963 2267 vel
979 2234 1160 2275 Cimmerii,
1187 2233 1238 2269 vel
1254 2232 1457 2274 Bafileenfis‚
1483 2246 1558 2267 cum
1575 2232 1654 2267 locis
1670 2230 1786 2267 Galeni

73 2285 229 2321 haetenus
251 2283 338 2320 male
361 2283 529 2320 intellectis
552 2287 697 2330 contari,
724 2294 793 2320 tum
817 2282 981 2333 descriptis
1005 2297 1139 2333 quoque
1162 2283 1296 2321 medicis
1319 2284 1614 2329 obseruationibus,
1649 2296 1732 2331 quae
1751 2285 1786 2319 in

75 2335 135 2371 illo
154 2333 341 2371 Hofmanni
355 2348 456 2383 opere
469 2346 646 2370 occurrunt
659 2334 835 2382 singulares
853 2347 884 2372 et
897 2348 966 2370 non
981 2335 1264 2382 contemnendae,
1290 2349 1358 2375 vno
1374 2338 1537 2375 mediocri
1552 2334 1720 2372 volumine
1736 2342 1785 2371 tot

75 2396 308 2437 tantorumque
327 2387 480 2426 laborum
493 2384 622 2438 ‚studius
641 2400 718 2424 cum
738 2389 915 2426 lectoribus
936 2390 1186 2424 communicari.

950 2464 1029 2502 Rrr
1052 2475 1072 2508 ζ
1634 2463 1789 2501 Latinam
