2049 2720
545 156 700 194 DIONIS
734 158 871 194 CASSII
904 155 1044 194 CODD.
1068 158 1207 195 MSSTI
1343 160 1414 198 Lib.
1429 163 1498 202 IV.
1512 179 1535 202 c.
1549 165 1635 207 XII.
1738 182 1790 219 ¹45

296 254 382 290 XIII.
435 253 607 289 Codices
657 253 799 289 Mssta·
851 260 890 288 et
943 255 1152 289 editiones
1203 255 1366 292 Dionis
1423 260 1566 308 Casfii‚

168 332 236 378 [De
259 331 441 376 codicibus,
469 333 522 379 qui
546 329 728 366 admodum
751 332 842 379 pauci
866 327 1052 378 supersunt,
1086 342 1181 379 atque
1208 331 1404 369 editionibus
1429 336 1693 389 verssonibusque
1714 356 1794 391 quo.

59 385 150 419 nlam
172 385 340 419 Reimarus
354 387 430 418 etin
446 379 580 431 praefat.
598 382 637 417 ad
656 385 676 417 I.
692 382 758 416 vol.
782 392 813 416 et
833 384 864 416 in
886 385 1128 418 commentario
1150 383 1190 418 de
1213 387 1276 420 vita
1300 387 1439 430 Diouis,
1471 390 1536 424 vol.
1556 392 1595 425 ΙΙ.
1613 405 1644 438 p.
1661 405 1730 435 1542
1751 393 1793 443 sq,

57 436 125 471 iam
146 435 364 485 intelligenter
378 431 574 484 copioseque
589 432 746 470 disseruit:
774 435 857 470 mihi
872 448 911 470 eo
928 435 1070 470 breuiori
1086 433 1149 471 effe
1165 437 1272 472 licebit
1294 440 1327 472 in
1351 438 1416 474 illis
1438 443 1668 479 enumerandis
1695 457 1792 495 atque

57 485 272 522 recensendis.

157 557 195 590 In
221 553 297 590 bibl.
319 554 467 604 Parisino
488 552 615 602 publica
636 552 711 589 teste
734 552 825 589 catal.
842 553 879 588 II.
911 566 985 602 pag.
1005 561 1078 600 389.
1101 553 1175 590 cod.
1193 556 1472 594 MDCLXXXIX.
1498 558 1695 603 mendosus,
1730 575 1791 600 nec

56 602 128 640 satis
145 606 332 655 castigatus,
361 604 417 640 sub
432 605 534 640 finem
552 603 667 640 saeculi
683 607 755 642 XV.
782 603 932 653 scriptus,
961 619 1027 655 quo
1052 609 1147 642 vnico
1169 606 1241 642 vsus
1267 610 1310 644 est
1330 611 1511 658 Stephanus
1536 615 1568 647 in
1590 613 1788 651 excudendis

55 656 176 693 Dionis
200 656 295 693 Caffii
318 656 406 692 libris
433 667 464 691 et
489 670 528 692 ex
549 670 617 706 quo
642 657 785 707 reliquae
807 658 894 693 editt.
918 660 1076 707 (exceptis
1099 659 1222 708 eclogis
1240 660 1345 696 Vrfini
1361 676 1398 697 ac
1416 663 1532 698 Valefii
1548 675 1644 714 atque
1660 667 1691 699 in
1714 665 1789 702 cod.

54 710 212 745 Bauarico
232 711 380 757 repertis,
409 707 449 744 de
477 710 591 757 quibus
616 707 711 759 supra
734 712 801 745 iam
826 712 982 757 egimus.)
1000 710 1165 746 fluxerunt
1180 725 1278 760 vsque
1292 713 1331 748 ad
1351 715 1555 750 Reimarum.
1582 737 1633 743 —
1661 719 1695 751 In
1712 717 1786 755 cod.

54 761 234 797 MDCXC.
258 759 339 797 saec.
358 761 445 796 XVI.
465 762 655 802 chartaceo,
682 762 766 797 olim
781 761 949 808 Mediam,
968 766 1178 797 continentur
1191 763 1263 798 libri
1281 766 1399 801 XVIII.
1423 781 1440 802 a
1456 766 1619 803 tricesimo
1637 765 1726 804 sexto
1747 769 1788 805 ad

53 811 364 862 quinquagesimum
382 823 545 861 quartum.
599 814 729 848 Initium
746 814 895 848 XXXVI.
920 824 952 849 et
974 813 1046 849 finis
1061 816 1144 849 LIV.
1164 814 1404 852 desiderantur:
1432 818 1633 868 eaedemque
1656 819 1788 868 prorsus

52 862 210 907 lacunae,
236 877 321 914 quae
342 867 376 899 in
398 863 472 899 edit.
489 865 645 913 Stephani
669 864 796 901 restant.
837 885 888 892 —
929 865 1003 902 cod.
1026 867 1217 902 MDCXCI.
1240 882 1269 904 a.
1290 876 1377 912 1548.
1403 883 1422 904 a
1445 871 1634 919 Christoph.
1651 874 1787 910 Auuero

51 928 218 960 exaratus,
240 917 473 965 complectitur
487 918 536 951 lo.
553 917 720 962 Xiphilini
735 919 919 966 epitomen:
946 917 1089 967 denique
1102 918 1174 954 eod.
1192 921 1400 956 MDCXCII.
1415 919 1494 957 saec.
1513 924 1599 959 XVI.
1623 927 1786 973 Pompeii,

51 969 127 1004 Iulii
142 966 305 1009 Caesaris,
333 968 467 1016 Augusti
484 979 515 1004 et
530 969 659 1003 Tiberii
672 982 721 1004 res
737 970 860 1017 gestas:
888 971 1019 1005 Tiberii
1031 981 1142 1005 tamen
1157 970 1295 1006 dimidia
1317 971 1388 1008 fere
1407 987 1481 1022 pars
1502 973 1711 1011 defideratur.
1733 996 1785 1005 —

53 1020 92 1056 ln
107 1019 182 1056 cod.
199 1021 374 1056 MCCCX.
394 1032 441 1054 nr.
459 1032 502 1063 η.
518 1017 591 1054 sunt
609 1030 761 1069 excerpta
775 1034 792 1056 e
807 1023 925 1056 Dionis
940 1020 1013 1057 hist.
1029 1034 1116 1056 rom.
1132 1020 1199 1057 fiue
1213 1026 1322 1071 potius
1338 1025 1505 1069 Xiphilini
1527 1029 1682 1075 epitome.

153 1089 192 1123 In
205 1086 279 1123 cod.
299 1087 431 1122 coislin.
446 1087 647 1122 CCCLXXI.
676 1085 921 1131 (Montfaucon
938 1087 1030 1123 catal.
1048 1101 1124 1136 pag.
1141 1091 1223 1134 375.)
1245 1092 1278 1125 in
1293 1092 1324 1126 S.
1342 1092 1486 1127 Maximi
1506 1105 1582 1142 opp.
1599 1095 1716 1130 Dionis
1736 1094 1783 1131 lo-

51 1141 271 1175 ca·citantur:
302 1137 357 1174 sed
379 1151 462 1173 num
484 1138 603 1179 nostri,
637 1151 679 1173 an
703 1136 956 1183 Chrysostomi,
987 1137 1119 1175 nescio:
1155 1142 1271 1177 clarius
1293 1145 1328 1178 in
1355 1141 1462 1179 lexico
1492 1144 1639 1193 quodam
1659 1145 1684 1183 s.
1707 1146 1782 1185 cod.

50 1192 239 1228 CCCXLV.
262 1203 338 1240 pag.
357 1202 422 1233 471.
444 1188 539 1225 catal.

151 1256 290 1304 Mapolt
309 1260 342 1292 in
367 1255 441 1292 bibl.
468 1257 501 1292 S.
520 1257 610 1291 Ioan.
632 1254 672 1290 de
697 1256 902 1292 Carbonario
927 1256 1262 1306 Augustinianorum,
1300 1260 1419 1296 Dionis
1443 1261 1542 1298 Caffii
1572 1262 1648 1299 cod.
1671 1276 1781 1300 recens

49 1310 290 1355 bombycinus,
325 1308 401 1345 teste
424 1309 639 1355 Montfaztcon
660 1310 695 1343 in
716 1309 834 1345 Diario
860 1308 990 1351 italico,
1012 1323 1087 1359 pag.
1102 1323 1171 1356 310.
1203 1331 1255 1338 —
1290 1313 1329 1346 In
1352 1313 1425 1349 bibl.
1441 1317 1532 1363 regia
1551 1315 1623 1352 cod.
1641 1317 1782 1354 chartac.

17 1382 20 1385 ·
49 1358 130 1401 saec,
149 1363 220 1398 XV.
245 1362 404 1407 Xiphila‘ni
425 1362 580 1410 epitome.

153 1431 274 1465 Roman
292 1432 326 1464 in
342 1428 416 1464 bibl.
432 1430 540 1464 Vatic.
559 1425 632 1462 cod.
647 1428 746 1474 antiq.
764 1428 909 1464 CXLIV.
925 1427 1110 1464 membran.
1126 1428 1308 1479 praestan2‚
1336 1444 1437 1480 vsque
1463 1430 1502 1467 ad
1532 1432 1603 1468 libri
1619 1433 1704 1470 LIV.
1721 1433 1778 1469 fin.

49 1499 98 1512 -
125 1480 200 1518 cod.
216 1481 487 1517 DCCCCXCIII.
511 1480 612 1515 chart.
638 1477 678 1514 ad
698 1479 774 1514 libri
790 1481 855 1514 LX.
875 1480 930 1515 fin.
955 1482 1138 1528 porrigens.
1190 1484 1239 1517 Ex
1262 1493 1401 1531 vtroque
1423 1486 1596 1520 Reimarus
1619 1485 1778 1522 beneficio

6 1529 17 1532 ⁶
50 1535 180 1582 Qirini
198 1536 323 1582 primus
338 1532 474 1582 protulit
489 1533 590 1567 varias
607 1530 695 1567 lectt.
723 1530 785 1566 vid.
801 1535 868 1566 eius
885 1530 1019 1580 praefat.
1037 1531 1076 1567 ad
1093 1532 1160 1568 vol.
1177 1534 1200 1568 I.
1217 1535 1247 1582 §.
1264 1548 1302 1581 ¹5·
1318 1546 1350 1571 et
1365 1535 1431 1571 vol.
1450 1537 1489 1570 ll.
1511 1550 1587 1585 pag.
1604 1550 1672 1583 1545
1690 1536 1760 1587 sqq.

148 1601 186 1635 In
209 1600 288 1635 bibl.
306 1601 430 1636 Veneta
452 1600 494 1634 D.
510 1600 633 1640 Marci,
659 1598 767 1644 (catal.
782 1612 856 1647 pag.
873 1612 927 1643 195
942 1596 1002 1649 sq.)
1025 1599 1098 1636 cod.
1117 1601 1310 1637 CCCXCV.
1333 1599 1413 1638 saec,
1437 1606 1564 1639 circiter
1580 1606 1635 1641 XI.
1659 1605 1777 1640 alibro

49 1653 163 1689 XLIV.
179 1654 271 1687 initio
289 1651 409 1687 mutilo
423 1651 463 1686 ad
480 1653 595 1686 LVIII.
618 1649 784 1685 inclufiue.
836 1654 942 1700 Atque
965 1664 1007 1687 ex
1029 1651 1084 1688 lib.
1100 1653 1198 1689 XLV.
1219 1656 1382 1690 variarum
1405 1652 1590 1691 lectionum
1612 1654 1777 1705 profertur

48 1701 221 1753 specimen.
247 1724 298 1732 —
324 1704 399 1739 cod.
413 1703 621 1738 cchcVI.
637 1699 718 1737 saec.
737 1704 808 1738 XV.
824 1706 969 1739 continet
983 1703 1103 1746 libros,
1129 1715 1294 1754 quotquot
1312 1706 1436 1742 exstant
1451 1709 1486 1742 in
1507 1707 1610 1744 editis.

150 1773 332 1808 Florentiae
345 1773 378 1805 in
395 1769 469 1805 bibl.
485 1769 656 1811 Medica,
681 1770 841 1813 (Bandini
861 1770 953 1805 catal.
978 1773 1114 1808 tom.11.
1138 1785 1168 1820 p.
1188 1776 1255 1813 668
1273 1770 1358 1823 sqq.)
1383 1773 1465 1823 plut,
1484 1777 1579 1814 LXX,
1600 1775 1673 1811 cod.
1689 1776 1777 1812 VIII,

48 1825 231 1860 membran.
245 1821 322 1858 saec.
340 1823 395 1858 XI.
412 1821 525 1857 histor.
541 1835 560 1856 a
577 1819 767 1868 fragmento
784 1822 856 1856 libri
871 1823 1021 1858 XXXVI.
1048 1836 1151 1871 vsque
1169 1823 1209 1860 ad
1231 1826 1268 1861 L.
1292 1839 1361 1861 non
1379 1827 1567 1876 expletum;
1593 1839 1625 1863 et
1646 1827 1720 1863 cod.
1737 1828 1778 1862 X.

48 1877 270 1912 membranae.
289 1873 369 1910 saec.
386 1875 458 1909 XV.
476 1873 585 1909 histor.
598 1887 617 1908 a
631 1874 715 1908 libro
731 1874 828 1909 XLII.
845 1872 884 1909 ad
905 1876 969 1910 LX.
984 1873 1096 1911 melus.
1110 1876 1183 1910 libri
1202 1887 1312 1912 autem
1330 1879 1417 1912 LVII
1434 1890 1466 1914 et
1482 1880 1598 1914 LVIII.
1624 1892 1685 1914 nec
1707 1892 1778 1913 non

43 1927 121 1964 iibri
136 1927 208 1961 LIX
223 1936 253 1961 et
265 1926 332 1963 LX.
358 1923 432 1959 sunt
453 1926 640 1966 coniunffl,
666 1923 815 1973 adeoque
835 1929 990 1975 perpetui.
1043 1929 1153 1975 Qare
1173 1931 1290 1962 errauit
1310 1926 1556 1972 Montfaucon‚
1584 1931 1637 1978 qui
1658 1934 1691 1965 in
1716 1928 1776 1966 suo

0 2006 1 2011 ,
36 1978 204 2026 ‘catalogo
221 1989 293 2025 pag.
309 1988 378 2020 377.
396 1977 473 2011 coll.
491 1977 529 2010 II.
546 1975 606 2010 litt.
623 1977 666 2010 D.
682 1973 826 2024 scripsit,
850 1977 945 2012 illum
962 1976 1110 2012 codicem
1126 1977 1270 2013 definere
1286 1981 1317 2013 in
1337 1979 1422 2014 libro
1441 1982 1557 2017 LVIII.
1585 2002 1634 2008 —
1663 1984 1699 2017 In
1722 1994 1777 2016 eo-

49 2029 126 2067 dem
140 2029 213 2065 cod.
230 2028 274 2064 est
290 2025 516 2076 fragmentum
533 2030 626 2061 v'nius
639 2029 764 2062 circiter
780 2030 916 2075 paginae
935 2042 1010 2063 cum
1026 2029 1164 2064 dimidia
1181 2043 1219 2064 ex
1235 2030 1320 2065 libro
1337 2032 1514 2068 XXXVIII.
1552 2053 1605 2060 —
1639 2035 1677 2068 In
1700 2031 1775 2069 cod.

51 2083 151 2118 XLV.
168 2080 250 2130 plut.
265 2081 364 2115 LVII.
379 2092 427 2115 nr.
442 2086 492 2119 28.
512 2082 545 2113 in
559 2079 676 2113 vltimo
695 2076 780 2114 folio
796 2079 915 2126 legitur
929 2080 1150 2116 breuiIIimum
1168 2095 1207 2115 ex
1224 2084 1353 2129 Dione,
1374 2083 1506 2127 (nostro
1521 2098 1582 2129 ne,
1608 2097 1647 2119 an
1671 2085 1734 2119 alio
1745 2086 1775 2129 ?)

52 2137 239 2183 excerptum
256 2130 296 2167 de
311 2131 378 2168 Nili
394 2127 546 2165 adscensu
564 2141 713 2177 tempore
729 2131 860 2166 aestiuo.
889 2152 939 2157 —
969 2134 1005 2166 In
1024 2143 1106 2168 tom.
1127 2135 1149 2167 1.
1169 2147 1244 2181 pag.
1259 2145 1326 2178 254.
1351 2134 1425 2172 cod.
1440 2138 1527 2172 XVI.
1548 2139 1582 2172 in
1606 2136 1775 2185 florilegio

54 2184 217 2235 quodam,
244 2194 275 2219 et
287 2182 362 2219 eod.
378 2183 494 2218 XXVI.
514 2185 546 2217 in
562 2179 687 2217 Arsenii
704 2183 819 2218 violar-
839 2196 914 2232 pag.
930 2196 1002 2229 549.
1027 2187 1167 2219 citantur
1183 2185 1298 2220 Dionis
1313 2185 1398 2221 loca.

161 2261 292 2296 Taurini
309 2262 343 2294 in
355 2256 430 2294 bibl.
446 2260 551 2306 regia,
580 2257 690 2301 (catal.
706 2272 779 2305 pag.
795 2271 855 2301 ¹70
872 2256 935 2306 sq.)
955 2260 1044 2302 libri,
1070 2259 1177 2294 adhuc
1190 2263 1226 2294 in
1240 2259 1326 2296 editt.
1339 2257 1542 2312 superstites,
1568 2263 1660 2298 initio
1682 2259 1774 2299 faeie

51 2323 72 2350 a
85 2312 167 2350 libro
184 2313 346 2347 XXXVII.
359 2313 394 2346 in
409 2307 485 2345 cod.
504 2310 649 2344 LXXVI.
663 2310 802 2345 chartac.
821 2308 897 2344 saec.
915 2311 1002 2347 XVI.

35 2415 38 2418 .
152 2383 190 2416 In
210 2380 356 2417 biblioth.
373 2377 529 2426 Escnrial.
555 2377 719 2423 Xipbilini
735 2379 880 2424 epitome
897 2391 914 2411 a
938 2378 1099 2426 Pompeio
1123 2392 1222 2429 vsque
1244 2378 1286 2416 ad
1307 2379 1399 2415 Alex.
1419 2380 1628 2415 mammaeae
1650 2378 1772 2422 filium,

55 2429 231 2521 dchapite
271 2441 381 2468 autern
408 2429 573 2466 XXXVII.
612 2441 713 2478 vsque
753 2427 794 2464 ad
829 2430 946 2465 LVIII.
959 2430 1090 2517 Thiatus
1121 2430 1187 2467 est:
1229 2433 1306 2468 teste
1334 2433 1439 2470 Clark.
1462 2438 1513 2470 in:
1547 2429 1675 2468 Ericsen
1693 2444 1773 2519 dig:

125 2490 164 2522 01.
180 2489 220 2524 V.
