2049 2720
35 118 310 183 -Υοῑῐν-Ρ-3ΒΡ39
447 143 623 182 MAXIMI
647 141 774 181 TYRII
801 141 1053 179 EDITIONES
1103 143 1177 181 Lib.
1188 144 1260 181 IV.
1275 157 1298 181 c.
1312 144 1396 180 XX.
1415 142 1470 191 (ot.
1484 143 1655 191 XXIII.)
1707 156 1761 190 521

41 255 100 281 nes
113 242 167 276 111.
189 239 230 275 de
252 238 438 287 voluptate.
462 248 495 275 et
517 238 583 275 duo
607 238 679 281 alii,
713 236 788 275 eod.
805 239 1137 274 MDCCCXXXVII.
1160 241 1297 276 chartac.
1321 236 1400 274 saec.
1419 240 1505 274 XVI.
1546 258 1595 267 —
1634 236 1757 277 sermo.

41 307 98 331 nes
111 293 150 328 II.
174 289 248 327 cod.
266 292 536 327 MDCCCXVII.
567 290 647 326 saec.
664 292 748 328 XVI.
771 291 910 326 chartae.
937 310 988 317 —
1013 289 1095 340 disp.
1117 292 1193 340 quid
1214 290 1253 327 iit
1275 290 1351 327 deus
1372 289 1550 326 secundum
1571 291 1754 336 Platonem,

5 360 10 362 ’
29 343 115 383 'cod.
131 345 257 379 CLXV.
277 345 377 378 chart.
406 364 457 371 --
485 345 520 378 In
536 344 677 393 Leiderfi
689 342 837 379 biblioth.
855 340 981 378 Heinfii
996 353 1095 379 notae
1106 354 1178 378 mst.
1194 343 1234 378 ad
1251 345 1343 379 Max.
1357 344 1523 388 Tyrium,
1546 342 1643 386 (teste
1664 344 1757 381 catal.

41 407 114 446 pag.
131 403 200 438 338.
223 408 270 430 nr.
285 396 442 430 LXXVII.
465 397 549 430 circa
573 396 646 437 fin.)
680 415 731 423 —-
763 407 803 430 ex
823 394 933 442 legato
961 394 1083 431 Bonan.
1099 394 1267 437 Vulcani,
1294 397 1436 431 Maximi
1451 397 1549 440 Tyrii
1571 396 1636 433 τῶν
1660 399 1690 434 ἓν
1712 398 1759 442 τῇ

16 475 21 481 ,
41 444 146 495 Ῥώμῃ
170 443 349 497 ὃιοελέξεων
373 449 434 491 τῆς
454 443 591 498 ‘nertii-m·
616 442 805 495 ἐπιδημίας.
839 448 937 491 (Sunt
956 443 1011 482 sex
1035 450 1158 495 priores
1179 445 1251 483 diss'.
1274 450 1307 483 in
1322 446 1398 483 edit.
1414 446 1474 483 ada
1490 444 1618 492 Dauis.)
1646 468 1693 476 -—-
1721 450 1761 484 In

19 523 21 526 ⁴
43 499 189 537 biblioth.
208 499 366 546 Escurial.
382 498 549 534 sermones
566 502 632 534 XL.
661 499 755 535 Pliier
775 502 809 534 in
830 500 899 533 itin.
922 511 979 546 per
1001 497 1092 547 Hisp.
1115 512 1189 547 pag.
1211 506 1270 539 131.
1297 499 1385 534 addit
1407 501 1542 534 eiusdem
1563 500 1762 548 (Maximi.)

43 550 96 588 vel
109 549 237 586 alterius
251 553 342 586 Max.
358 552 458 596 Tyrii
473 550 591 599 fragm.
608 549 647 586 de
666 553 783 593 vrinis3
811 547 863 585 sed
885 549 982 586 Clark
1003 552 1036 586 in
1053 551 1146 587 catal.
1160 551 1257 587 codd.
1273 563 1325 600 gr.
1343 548 1453 587 Escor.
1478 554 1513 587 in
1535 550 1678 600 epistolis
1701 561 1763 590 etc.

16 611 117 661 ωας.
133 610 211 646 408.
235 602 362 638 nullam
384 604 468 640 illius
484 603 571 638 dubii
593 601 714 651 fragm.
732 602 809 638 facit
824 605 1041 639 mentionem.

142 669 179 704 In
194 668 338 706 biblioth.
359 671 398 707 V
395 671 596 719 indolaonenst
609 669 660 705 sex
678 667 747 705 diss.
771 683 853 720 quae
869 672 902 705 in
920 668 1020 705 altera
1035 668 1160 705 Dauisii
1177 665 1250 705 edii.
1269 671 1379 719 prima
1399 678 1564 719 occupant
1586 667 1670 705 loca.
1697 668 1767 706 vid.

43 720 196 757 Lan-buis·
211 732 394 759 comment.
410 722 476 758 vol.
495 724 561 757 VII.
578 735 653 770 pag.
668 734 713 765 40
729 720 774 770 sq.
790 721 866 758 cod.
883 723 922 757 X.
936 734 986 758 nr.
1003 735 1031 757 2.
1057 732 1089 757 et
1108 722 1215 769 Ncffi’l
1229 722 1323 758 catal.
1344 731 1425 769 part.
1443 725 1499 758 IV.
1524 735 1554 770 p.
1575 728 1625 767 158
1642 719 1687 771 sq.
1713 742 1767 751 —-

43 774 82 809 Iu
99 773 235 820 An‘glia‚
260 775 295 809 in
311 774 455 810 biblioth.
471 774 557 810 Edu.
572 775 745 815 Bernarcti,
773 776 866 812 Max.
878 775 967 819 Tyr.
984 772 1047 809 vid.
1063 774 1154 810 catal.
1170 775 1267 811 MSS.
1285 775 1426 823 Angliae
1439 784 1471 810 et
1484 774 1622 809 Hibera.
1640 773 1709 810 vol.
1725 774 1767 810 11.

42 837 118 876 pag.
131 836 204 869 ²27·

148 894 186 926 In
207 890 355 928 biblioth.
375 893 542 940 Bernenst,
569 891 645 930 cod.
670 894 812 931 chartac.
835 895 868 930 in
891 900 921 935 8.
945 890 1027 931 saec.
1043 894 1116 931 XV.
1143 892 1211 930 alio
1233 891 1350 930 ordine
1366 890 1435 930 diss.
1450 891 1514 930 vid.
1530 876 1658 929 Sinam
1671 891 1765 930 catal.

47 941 147 980 codd.
163 956 211 993 gr.
227 943 373 980 biblioth.
390 943 490 988 illius,
515 957 589 994 pag.
607 958 670 991 521.

712 1038 1096 1077 Editioncs.

148 1105 262 1141 Latine
284 1105 442 1142 transtulit
465 1108 590 1155 primus
614 1107 748 1142 Cosmm
765 1109 917 1147 Paccius,
942 1105 1202 1157 archiepiscopus
1227 1106 1434 1143 Florentinus
1465 1121 1483 1143 e
1512 1108 1614 1144 Msto
1641 1104 1770 1149 codice.

47 1168 147 1207 quem
165 1156 205 1192 ad
221 1160 314 1193 Laur.
334 1158 502 1193 Medicem
517 1172 592 1193 cum
612 1159 680 1194 aliis
697 1162 797 1192 Ianus
813 1160 961 1205 Lascaris
976 1173 993 1194 e
1012 1161 1148 1194 Graecia
1164 1159 1333 1194 adtulerat.
1386 1162 1503 1195 Cosmi
1526 1158 1625 1194 frater
1647 1160 1770 1195 Petrus

49 1210 201 1250 Paccius,
241 1209 316 1259 post
338 1220 480 1245 mortem
502 1212 661 1251 audlorss,
692 1212 995 1257 interpretationem
1021 1209 1137 1252 edidit,
1169 1209 1309 1244 dicatam
1336 1211 1420 1245 Iulio
1442 1211 1482 1245 11.
1507 1211 1656 1260 pontifici
1680 1223 1771 1246 max.

28 1258 197 1306 [Romae
222 1261 308 1310 apud
330 1263 392 1296 Iac.
407 1262 636 1298 Mazochium.
662 1274 743 1306 1517.
771 1259 828 1296 fol.
867 1260 929 1295 vid.
945 1262 1114 1296 Maittaire
1136 1264 1175 1296 A.
1197 1263 1243 1297 T.
1263 1262 1304 1297 11.
1328 1275 1403 1311 pag.
1420 1262 1507 1308 302]
1540 1283 1593 1290 —-
1625 1263 1772 1311 praefixa

49 1312 146 1347 Beati
170 1312 312 1346 Rhenum·
330 1312 370 1347 ad
396 1314 466 1348 Ioh.
483 1313 684 1348 Grolierium
707 1311 978 1361 Lugdunensem,
1018 1315 1103 1362 regis
1129 1311 1327 1348 christianiss.
1349 1328 1367 1349 a
1392 1310 1516 1349 secretis
1544 1328 1582 1350 ac
1610 1312 1773 1350 Insubriae

51 1362 255 1412 quaestorem
273 1365 464 1411 primarium
481 1364 627 1413 epistola,
651 1378 716 1412 qua
732 1365 871 1407 testatur,
887 1364 926 1400 ad
943 1377 1061 1413 graeca
1076 1364 1235 1413 quaedam
1253 1374 1403 1412 excerpta
1422 1365 1558 1401 latinam
1574 1367 1675 1410 Tyrii
1701 1378 1772 1401 ver.

51 1414 176 1503 {ionem
200 1413 232 1476 se
253 1414 502 1465 recognouiffe‚
535 1416 627 1453 Bafil.
649 1429 729 1464 1519.
752 1415 814 1453 fol.
841 1426 913 1452 tum
934 1430 975 1452 ex
995 1416 1206 1467 castigatione
1226 1417 1270 1454 G.
1288 1418 1421 1453 Alberti
1434 1417 1539 1460 Piffi,
1571 1415 1665 1454 Paris·
1690 1429 1774 1465 1554.

68 1479 162 1503 orma
180 1480 321 1505 minore.
521 1500 525 1501 γ
928 1491 932 1493 -

157 1535 277 1570 Graece
297 1537 419 1582 primus
440 1549 480 1571 ex
505 1534 620 1572 codice
638 1534 777 1572 Arnoldi
793 1536 934 1579 Arlenii‚
970 1546 1002 1572 et
1022 1535 1126 1572 altero
1146 1537 1256 1571 minus
1278 1534 1456 1572 emendato
1479 1538 1611 1571 Ioannis
1632 1535 1777 1573 Stracelii

54 1585 201 1635 vulgauit
221 1588 266 1622 H.
282 1587 475 1633 Stephanus,
503 1586 593 1623 Paris.
612 1601 687 1635 ¹557·
706 1596 736 1630 8.
764 1602 826 1624 vna
849 1602 926 1623 cum
952 1588 1229 1637 castigationibus,
1256 1588 1297 1623 ad
1315 1588 1440 1624 calcem
1462 1588 1533 1622 libri
1551 1586 1716 1633 subiedliQ
1745 1597 1779 1624 et

55 1636 227 1687 separatim
244 1638 327 1674 edita
342 1641 441 1675 latina
457 1642 559 1675 Paccii
577 1642 855 1688 interpretatione,
875 1638 927 1676 sed
946 1653 1044 1689 quam
1060 1641 1209 1689 plurimis
1226 1639 1306 1675 locis
1322 1643 1406 1676 inter
1421 1639 1651 1676 excudendum
1668 1653 1780 1675 emen-

55 1689 141 1726 data.
192 1691 244 1737 [In
261 1691 406 1727 biblioth.
426 1692 619 1736 Pinelliana‚
645 1692 753 1740 (catal.
770 1694 794 1729 Ι.
809 1705 884 1742 pag.
900 1695 986 1739 226.)
1012 1689 1076 1728 fuit
1097 1692 1279 1743 exemplar,
1299 1706 1377 1728 cum
1401 1691 1527 1728 adnott.
1548 1702 1579 1728 et
1602 1691 1780 1729 emendatt.

31 1783 33 1785 ,
56 1744 165 1779 msstis
185 1743 276 1778 Fabii
293 1744 536 1789 Beneuolmtii]

163 1810 280 1845 Graece
295 1822 326 1846 et
347 1811 444 1846 latine
461 1810 583 1859 prodiit
605 1824 681 1846 cum
707 1813 973 1861 interpretatione
994 1819 1025 1847 et
1045 1813 1130 1847 notis
1147 1810 1297 1848 Danielis
1312 1811 1452 1860 Heinsti,
1477 1813 1549 1860 (qui
1570 1809 1684 1847 codice
1704 1811 1781 1848 MS.

61 1863 146 1910 regis
165 1862 312 1903 Galliae,
338 1862 495 1899 beneficio
516 1861 552 1898 Is.
571 1861 755 1899 casauboni
774 1873 804 1898 et
820 1866 974 1911 excerptis
990 1865 1070 1898 Sixti
1086 1866 1223 1906 Arcerii,
1251 1863 1364 1899 codiee
1379 1867 1456 1899 item
1476 1864 1620 1898 Palatino
1637 1860 1730 1899 vsurn
1748 1860 1782 1897 (e

63 1913 262 1962 profitetur.)
289 1916 487 1961 Henricique
503 1916 655 1961 Stephani
671 1915 932 1962 castigationibus
947 1913 1050 1961 Lugd.
1065 1916 1132 1949 Bat.
1146 1918 1226 1958 1607
1243 1925 1274 1950 et
1289 1918 1374 1957 1614.
1389 1922 1420 1954 8.
1474 1915 1511 1948 In
1533 1918 1644 1963 priore
1666 1913 1782 1949 editio-

0 1960 1 2008 l
63 1978 105 2000 ne
121 1965 220 2000 latina
241 1963 280 1999 ad
303 1964 425 2000 calcem
443 1965 515 1999 libri
531 1963 699 2014 separatim
725 1967 937 2006 exhibentur,
964 1975 996 2000 et
1016 1975 1143 2013 praeter
1164 1966 1295 2002 Alcinoi
1320 1966 1603 2002 introduc‘lionem
1629 1965 1782 2001 adiundla

0 2037 1 2051 i
62 2012 136 2051 sunt
161 2018 446 2063 pythagoreorum
466 2015 654 2064 fragmenta
675 2030 751 2052 cum
781 2016 928 2053 versione
949 2017 1033 2052 Guil.
1050 2019 1181 2052 Canteri
1204 2027 1234 2052 et
1260 2017 1391 2065 Apuleii
1411 2018 1496 2053 liber
1516 2020 1556 2053 de
1579 2017 1642 2053 deo
1666 2018 1783 2052 Socra-

0 2065 1 2111 ᾗ
65 2070 114 2104 tis.
147 2067 203 2114 [lf]
262 2071 298 2102 In
327 2068 426 2103 altera
451 2067 593 2104 editione
620 2069 862 2110 emendatiore,
892 2070 1159 2117 interpretatione
1187 2068 1286 2104 latina
1308 2072 1432 2118 graecis
1453 2082 1512 2118 per
1532 2068 1673 2117 lingulas
1696 2070 1788 2118 pagi-

66 2132 124 2155 nas
149 2120 294 2154 Maximi
315 2120 416 2165 Tyrii
438 2118 545 2156 statim
570 2118 746 2169 adscripta,
772 2118 826 2156 sed
852 2120 983 2170 Apuleii
1004 2119 1087 2155 liber
1111 2133 1173 2156 vna
1190 2133 1267 2156 cum
1287 2123 1575 2170 pythagoreorum
1589 2118 1785 2170 fragmentis

0 2175 3 2196 :
48 2177 54 2180 “
68 2168 211 2207 omissus.

167 2234 309 2272 Recusus
327 2237 369 2273 est
388 2251 426 2274 ex
441 2236 566 2273 Heinsii
587 2237 730 2274 editione
745 2238 915 2275 Maximus
938 2239 1060 2286 Tyrius
1081 2251 1196 2287 graece
1215 2247 1246 2274 et
1267 2237 1386 2280 latine,
1412 2235 1466 2274 sed
1490 2236 1556 2275 fine
1574 2241 1660 2276 notis
1681 2237 1786 2288 Lugd-

67 2302 110 2336 px
124 2290 257 2325 officina
272 2289 402 2324 Claudii
419 2293 548 2331 Lari0t‚
574 2293 663 2333 1630.
683 2297 715 2331 8.
742 2300 773 2326 et
793 2293 847 2332 ita,
869 2301 903 2325 vt
921 2291 1144 2339 castigationes
1161 2292 1315 2339 Stephani
1331 2289 1543 2337 Heinfiique,
1572 2305 1654 2341 quae
1668 2291 1787 2327 editori

2 2332 5 2386 l
71 2341 295 2390 probarentur,
319 2341 425 2377 statim
442 2344 475 2377 in
494 2352 686 2377 contextum
702 2353 849 2390 receptae
865 2341 944 2384 sint,
976 2344 1101 2377 Oxonii
1119 2344 1208 2386 1677.
1224 2354 1268 2378 12.
1303 2344 1355 2390 [In
1369 2342 1443 2377 bibl.
1457 2344 1612 2393 Hulstaua
1630 2356 1713 2380 tom.
1730 2344 1787 2378 111.

3 2390 6 2447 J
73 2403 154 2443 part.
174 2395 195 2427 1.
210 2406 285 2442 pag.
306 2404 372 2440 195.
388 2406 437 2429 nr.
456 2407 539 2441 343¹-
554 2397 668 2431 citatur
683 2393 756 2431 edit.
771 2407 848 2430 cum
864 2404 934 2430 not.
949 2393 1094 2436 Heiufii,
1117 2392 1221 2445 Lugd.
1236 2395 1304 2430 Bat.
1326 2397 1420 2441 1694.
1434 2394 1483 2440 8.]

120 2466 190 2500 Vot.
203 2467 242 2500 V.
928 2463 957 2497 V
967 2475 985 2496 v
999 2474 1020 2497 v
1674 2460 1788 2498 Postea
