2013 2725
191 151 250 191 ’412
303 142 375 180 Lib.
388 140 458 179 IV.
471 153 494 177 e.
507 137 618 177 XIX.
670 133 973 174 SINGVLORVM
1005 137 1242 174 LIBRORVM
1275 135 1456 177 GALENL

190 238 276 274 liant
293 249 424 285 graece:
455 236 569 272 Galcni
589 233 662 269 libri
684 232 810 281 aliquot
832 234 955 281 graeci,
982 234 1100 280 partim
1125 233 1279 267 haeftenus
1304 244 1373 267 non
1401 228 1475 272 vifi,
1508 230 1626 277 partim
1650 229 1774 267 mendis
1796 242 1906 281 repur-

190 292 257 338 gati
282 299 314 324 et
339 287 493 329 restituti,
518 300 595 322 cum
616 294 761 320 annotat.
784 286 834 318 Io.
852 284 931 319 Caii.
959 280 1025 319 scil.
1049 283 1090 318 de
1113 281 1248 317 decretis
1274 283 1482 332 Hippocratis
1505 291 1535 315 et
1556 281 1715 330 Platonis3
1743 282 1782 317 de
1805 283 1906 318 medi-

188 342 362 381 camentis,
391 353 473 388 quae
493 341 575 374 inter
598 334 630 372 se
653 346 916 380 commutantur3
944 337 1122 370 anatomici
1145 334 1218 369 libri
1236 336 1290 368 IX.
1342 335 1392 368 De
1415 330 1642 368 musculorum
1664 344 1758 368 motu
1776 334 1848 378 libri
1863 336 1904 369 11.

187 391 282 427 Ram.
304 402 386 434 1544.
409 388 470 426 fol.
486 392 506 413 ’⁵‘
531 409 581 416 -
608 389 727 423 Latine
751 386 889 436 prodiit,
915 396 1058 422 vertente
1079 388 1130 421 Ιο.
1147 385 1319 420 Bernardo
1335 386 1501 420 Efficiam.
1528 383 1618 419 Bafil.
1641 397 1715 420 cum
1737 385 1807 419 aliis
1830 396 1908 430 1535.

189 442 250 479 fol.
266 444 283 460 ⁴*
335 441 430 477 Solus
456 452 537 487 1550.
561 444 607 477 16.
635 438 740 488 Lugd.
758 450 842 484 1550.
865 441 912 475 16.
936 458 984 465 -
1013 440 1165 472 Vertente
1186 437 1382 471 Gninthcrio.
1411 433 1505 471 Paris.
1527 447 1605 478 ¹534.
1624 433 1685 471 fol.
1713 457 1764 463 —
1791 436 1909 471 Galam·

189 494 231 530 de
257 495 468 541 Hippocratis
495 501 525 527 et
552 491 695 527 Platonis
723 489 931 538 dogmatibus
959 488 1031 524 libri
1051 490 1103 523 IX.
1145 490 1223 523 Iano
1239 489 1398 523 Cornario
1427 490 1610 533 interprete.
1668 490 1741 522 Ace.
1765 487 1908 522 adnotat.

190 544 373 595 quaedam,
400 557 477 580 cum
500 541 616 578 indice.
642 540 744 591 Lugd.
772 553 850 587 1550.
874 553 917 576 12.
932 541 950 560 ’¹‘
976 560 1024 566 —
1051 540 1146 575 Liber
1162 540 1186 573 Ι.
1207 538 1329 586 prodiit
1349 538 1464 574 latine:
1498 540 1542 572 Io.
1562 539 1633 573 Caii
1660 551 1761 587 opera
1784 538 1911 587 aliquot

191 608 225 633 et
247 595 408 632 versiones
436 597 556 644 partim
584 597 651 628 iam
679 602 770 634 nata,
806 594 923 640 partim
944 593 1113 639 recognita
1136 601 1168 625 et
1191 592 1301 631 aucta,
1334 587 1398 625 scil.
1421 590 1493 625 Caii
1512 587 1552 623 de
1573 587 1726 625 medendi
1749 588 1908 625 methodo

191 649 266 685 libri
284 649 323 683 ΙΙ.
346 646 386 683 de
401 648 576 695 ephemera
589 647 772 680 Britannica
792 643 851 683 lib
865 644 891 678 1.
946 641 1082 677 Accessit
1099 642 1215 678 Galeni
1237 641 1277 677 de
1300 641 1387 677 libris
1407 638 1468 676 suis
1491 641 1544 675 lib.
1561 643 1585 675 1.
1610 639 1650 675 de
1674 641 1788 676 ordine
1812 641 1910 676 libro.

193 713 270 735 rum
292 697 425 735 suorum
448 697 502 733 lib.
520 699 544 732 1.
571 695 613 731 ‘de
641 700 766 731 ratione
797 695 900 730 victus
929 692 1109 729 secundum
1131 695 1370 742 Hippocratem
1396 695 1428 727 in
1451 693 1575 727 morbis
1599 695 1698 727 acutis
1720 692 1777 728 lib.
1795 695 1816 727 1.
1839 704 1910 727 non

193 761 290 787 antea
308 749 430 797 editus,
457 747 497 785 de
514 748 641 784 Placitis
656 748 867 796 Hippocratis
885 755 916 782 et
933 744 1075 782 Platonis
1090 740 1323 794 liberprimus.
1347 743 1466 781 eodem
1482 744 1560 779 Caio
1573 746 1758 792 interprete.
1785 746 1912 780 Louan.

191 804 280 851 1556.
304 811 336 844 8.

299 890 352 922 27.
379 877 607 924 Fragmentmn
631 876 664 910 in
693 875 855 910 Timacum
876 874 1047 911 Platonis,
1087 873 1140 906 vet
1169 884 1209 906 ex
1239 878 1376 918 quatuor
1403 874 1648 912 commentariis,
1680 883 1760 918 quos
1782 870 1842 916 iin
1865 871 1912 904 ίη·

189 930 335 978 scripsit:
360 930 398 962 de
419 931 476 966 iis,
502 939 580 975 quae
600 928 713 962 medice
723 926 852 972 scripta
865 925 948 971 sum
970 927 1003 959 in
1022 923 1167 959 Platonis
1189 923 1326 956 Timaeo.
1380 923 1490 957 Exstat
1512 924 1609 957 latine
1630 932 1756 957 tanturn
1780 923 1814 956 in
1837 919 1913 956 edic.

199 983 314 1017 Chart.
336 989 420 1015 tom.
437 981 477 1013 V.
501 990 574 1026 pag.
592 988 658 1021 275.
714 975 826 1011 Additi
853 985 964 1010 tamen
991 989 1010 1008 a
1033 975 1206 1008 Charterio
1231 971 1303 1007 sunt
1323 976 1430 1019 graeci
1450 986 1488 1008 ex
1511 973 1651 1009 Platonis
1667 975 1813 1009 Timaeo
1833 970 1913 1017 loci,

198 1046 276 1068 eum
294 1028 396 1066 Mars.
413 1031 512 1065 Ficini
531 1030 803 1076 interpretatione.
854 1025 965 1062 Exstat
986 1027 1083 1060 etiam
1106 1027 1277 1071 interprete
1293 1024 1476 1072 Augnstino
1497 1025 1698 1065 Gadaldino,
1723 1027 1756 1058 in
1775 1021 1913 1072 septima

199 1088 389 1124 luntarum,
416 1083 499 1116 inter
513 1078 718 1128 fragmenta,
744 1077 804 1114 fol.
823 1089 872 1121 43.
902 1078 1044 1112 Galenus
1061 1079 1094 1110 in
1110 1075 1181 1112 libr.
1199 1077 1285 1110 V111.
1303 1075 1343 1110 de
1361 1078 1575 1124 Hippocratis
1587 1087 1618 1112 et
1633 1076 1775 1111 Platonis
1792 1074 1915 1110 decret.

200 1149 271 1183 cap.
288 1145 303 1180 5
319 1144 351 1170 et
370 1136 401 1168 6.
429 1142 461 1168 et
484 1145 556 1180 cap.
573 1143 603 1174 7.
630 1130 706 1166 libri
729 1129 768 1165 de
793 1140 936 1164 tremore
960 1127 1153 1177 pollicetur,
1191 1124 1224 1161 se
1243 1124 1412 1162 facturum
1436 1129 1692 1164 commentarios
1714 1125 1754 1162 de
1777 1125 1914 1162 medicis

201 1188 295 1222 rebus
318 1187 352 1220 in
372 1185 538 1223 Timaeo,
565 1193 595 1217 et
619 1183 653 1216 in
674 1182 760 1217 libro
780 1180 821 1216 de
843 1183 982 1229 propriis
1004 1179 1091 1214 libris
1114 1177 1146 1213 se
1167 1180 1228 1213 hac
1251 1177 1292 1212 de
1314 1191 1348 1213 re
1368 1188 1508 1227 quatuor
1528 1181 1784 1214 commentarios
1805 1173 1918 1213 secisse

200 1237 367 1273 adfirmat.
389 1255 441 1262 —
468 1235 583 1268 Galerii
602 1233 727 1280 aliquot
748 1229 903 1280 opuscula
924 1244 1012 1266 nunc
1030 1233 1174 1278 primum
1192 1231 1395 1264 Venetorum
1415 1243 1515 1278 opera
1537 1233 1669 1266 inuenta
1684 1240 1714 1266 et
1729 1226 1843 1265 excusa
1859 1228 1916 1263 tat.

200 1287 271 1325 scil.
288 1287 328 1323 de
351 1283 574 1321 musculorum
595 1283 783 1318 disse-<stione
805 1281 845 1317 ad
869 1284 989 1317 tirones
1008 1282 1099 1316 liber.
1152 1282 1204 1316 De
1225 1294 1405 1315 neruorum
1427 1280 1616 1316 diffediione
1634 1280 1672 1316 ad
1693 1284 1811 1315 tirones
1834 1279 1915 1314 liber

203 1343 352 1387 integer3
385 1336 424 1372 de
445 1335 610 1371 vocalium
633 1335 922 1369 instrumentorum
947 1331 1135 1368 dissediione
1155 1335 1239 1379 Aug.
1258 1331 1442 1367 Gadaldino
1465 1335 1656 1380 interprete3
1688 1332 1793 1366 breuis
1816 1329 1919 1365 deno'-

203 1392 284 1426 tatio
307 1389 503 1436 dogmatum
521 1387 736 1433 Hippocratis
752 1387 854 1422 Conr.
870 1386 1015 1420 Gesneri.
1067 1385 1303 1431 Fragmentum
1326 1396 1365 1417 ex
1383 1385 1439 1418 IV.
1458 1385 1723 1423 commentariis,
1750 1395 1832 1431 quos
1850 1378 1918 1431 ipse

204 1441 349 1478 Galenus
372 1436 591 1485 inscripsitde
612 1439 671 1479 iis,
712 1450 794 1486 quae
822 1434 948 1470 medice
980 1434 1068 1470 dieta
1096 1433 1170 1468 suut
1200 1435 1234 1467 in
1255 1433 1397 1469 Platonis
1415 1436 1581 1477 Timaeo,
1619 1438 1706 1482 Aug.
1723 1431 1918 1469 Gadaldino.

201 1490 409 1540 Principium
431 1490 662 1524 commentarii
681 1490 705 1524 Ι.
735 1490 769 1522 111
794 1486 866 1522 libr.
886 1491 908 1522 1.
934 1489 1096 1534 Hippocr.
1118 1484 1311 1533 epidemior.
1335 1486 1409 1520 Nic.
1424 1486 1613 1530 Mache1103
1646 1483 1782 1521 Oribafii
1803 1483 1843 1519 de
1864 1496 1918 1519 cu·

206 1543 394 1582 curbitum,
427 1539 681 1581 scarificatione,
713 1537 934 1576 hirudinibus,
968 1538 1188 1578 deriuatione‚
1222 1535 1407 1572 reuulfione
1431 1534 1541 1573 sermo
1564 1539 1648 1585 Aug.
1663 1534 1848 1573 Gadaldino
1869 1538 1917 1572 in·
1978 1556 1994 1560 -

204 1605 359 1644 terprete.
385 1591 490 1640 Lugd.
506 1594 588 1638 1556.
603 1598 633 1632 8.
650 1590 668 1610 *
720 1590 793 1625 Alia
813 1589 911 1625 editio
932 1590 1029 1624 huius
1052 1588 1256 1624 collectionis
1280 1587 1402 1624 exstare
1421 1587 1537 1625 dicitur
1558 1587 1663 1637 Lugd.
1679 1600 1761 1634 1550.
1777 1595 1809 1629 8.

310 1682 362 1715 26.
386 1678 465 1728 Περὶ
480 1678 682 1725 σπέρματος
696 1675 831 1718 βιβλία
848 1671 896 1717 β’.
941 1674 1118 1720 Deftmine
1132 1674 1206 1708 libri
1221 1674 1296 1708 duo.
1345 1673 1477 1710 Exstant
1489 1687 1599 1723 graece
1616 1678 1650 1710 in
1663 1674 1781 1711 Aldina
1799 1681 1879 1722 part.
1894 1672 1918 1709 1.

206 1729 267 1768 sol.
288 1742 353 1776 105.
380 1733 413 1765 in
430 1727 598 1764 Basileenss
619 1738 699 1774 part.
715 1730 740 1762 l.
762 1740 837 1774 pag.
854 1729 923 1761 226.
951 1729 984 1760 in
1008 1725 1083 1761 edit.
1104 1728 1251 1760 Charter.
1273 1735 1355 1760 tom.
1373 1727 1428 1759 Ill.
1451 1739 1525 1774 pag.
1542 1734 1608 1772 185.
1632 1729 1666 1761 in
1690 1724 1825 1774 septima
1846 1726 1919 1758 Iun-

206 1794 315 1820 tarum
333 1779 419 1818 class.
436 1784 461 1817 1.
478 1779 540 1815 fol.
557 1787 626 1822 328.
679 1780 766 1813 Citat
788 1779 849 1813 hos
870 1777 968 1812 libros
989 1777 1126 1812 Galenus
1142 1779 1226 1811 inter
1246 1773 1320 1811 suos
1341 1779 1376 1811 in
1397 1789 1465 1824 cap.
1483 1789 1531 1820 37.
1559 1777 1632 1812 libri
1650 1776 1690 1812 de
1706 1786 1774 1813 arte
1787 1774 1918 1811 medica

207 1847 283 1883 pag.
303 1846 373 1878 230.
393 1834 534 1868 tom.11.
565 1833 640 1865 citat
665 1828 799 1865 eosdem
824 1832 856 1863 in
879 1828 950 1863 libr.
972 1828 1012 1862 de
1033 1828 1185 1863 element.
1206 1825 1265 1862 see.
1287 1828 1529 1875 Hippocratem
1552 1841 1620 1876 cap.
1640 1842 1665 1875 5.
1690 1828 1731 1864 de
1756 1826 1811 1863 vsu
1833 1834 1917 1875 part.

206 1886 280 1922 libr.
297 1887 387 1920 XIV.
411 1897 480 1933 cap.
496 1883 552 1918 vlt.
578 1893 610 1917 et
633 1883 666 1916 in
687 1889 868 1916 comment.
891 1883 924 1914 in
940 1882 964 1914 1.
986 1881 1162 1927 aphorism.
1180 1890 1221 1922 15.
1238 1880 1280 1913 V.
1298 1881 1373 1927 aph.
1389 1887 1440 1922 48.
1491 1881 1570 1915 Duo
1593 1877 1667 1915 sunt
1687 1889 1814 1915 tantum
1837 1877 1921 1914 libri.

206 1938 381 1975 Tertium,
407 1933 575 1984 spurium,
601 1942 631 1968 et
653 1942 786 1968 notante
809 1929 881 1980 ipso
906 1932 1099 1974 Charterio‚
1125 1928 1260 1965 credulo
1284 1928 1380 1972 alias,
1412 1929 1518 1965 multa
1541 1929 1662 1967 absona
1681 1933 1915 1969 continentem,

205 1986 329 2023 addidit
345 1988 553 2027 Charterius,
582 1997 724 2033 eumque
745 1984 877 2018 latinum
898 1992 1034 2018 tantum.
1085 1983 1122 2015 111
1140 1983 1251 2031 primo
1270 1980 1353 2016 libro
1368 1982 1471 2017 multa
1489 1993 1666 2018 occurrunt
1685 1981 1725 2018 de
1737 1984 1916 2018 nutritione

205 2049 238 2075 et
259 2036 462 2073 formatione
482 2035 591 2072 foetus
612 2038 645 2070 in
667 2045 759 2070 vtero
784 2044 953 2069 materno:
994 2036 1028 2069 in
1053 2033 1155 2068 altero
1183 2034 1331 2080 inprimis
1351 2032 1392 2068 de
1417 2031 1619 2070 formatione
1638 2032 1745 2070 foetus
1768 2037 1802 2068 in
1823 2042 1917 2068 vtero

206 2092 319 2127 matris
335 2090 451 2136 agitur.
474 2109 526 2115 —
552 2086 668 2122 Codex
686 2088 807 2121 latium
824 2085 923 2121 exstat
938 2088 971 2120 in
988 2084 1062 2120 bibl.
1080 2085 1168 2133 publ.
1188 2081 1282 2119 Paris.
1303 2097 1353 2118 nr.
1369 2085 1842 2122 MMMMMMDCCCLXV.
1862 2102 1916 2109 -—

203 2142 338 2177 Latincm
352 2140 509 2175 editiones
523 2136 611 2173 sunt:
638 2138 746 2173 Galem'
765 2137 806 2171 de
827 2136 948 2172 semine
968 2136 1042 2170 libri
1059 2138 1098 2169 ΙΙ.
1125 2138 1173 2170 Io.
1189 2137 1349 2170 Guintero
1366 2138 1558 2184 interprete,
1581 2136 1725 2172 adiectae
1740 2133 1812 2171 sunt
1826 2133 1915 2171 casii.

205 2194 354 2240 gationes
374 2190 566 2237 exemplaris
591 2192 708 2236 graeci.
743 2186 835 2224 Paris.
858 2187 942 2236 apud
966 2190 1048 2223 Sim.
1063 2188 1272 2222 Colinaeum.
1299 2199 1377 2232 ¹533·
1399 2193 1430 2225 8.
1463 2208 1514 2215 -—
1548 2189 1663 2224 Galeni
1683 2191 1715 2223 in
1736 2187 1809 2223 libr.
1830 2187 1914 2233 Hip-

204 2256 297 2292 pocr.
314 2242 355 2277 de
374 2245 476 2288 vidius
497 2251 554 2276 rat.
574 2243 608 2274 in
628 2241 750 2274 morbis
767 2243 865 2274 acutis
882 2241 1113 2275 commentarii
1130 2240 1184 2273 IV.
1211 2239 1262 2272 Io.
1282 2238 1420 2285 Valsbeo
1437 2241 1624 2286 interprete,
1651 2254 1711 2275 nec
1726 2252 1795 2278 non
1812 2236 1913 2274 eiusd-

205 2293 248 2330 de
268 2294 389 2330 semine
413 2294 485 2328 libr.
504 2295 544 2326 11.
572 2294 617 2325 10.
634 2294 792 2326 Guintero
814 2295 995 2339 interprete.
1021 2289 1116 2325 Bafil.
1137 2302 1215 2335 1533.
1233 2287 1293 2324 fol.
1310 2291 1327 2307 ³*
1349 2310 1399 2316 —
1427 2291 1539 2324 Galem'
1559 2290 1598 2326 de
1617 2294 1699 2327 vteri
1722 2289 1912 2326 diffet‘iione

205 2346 261 2384 lib.
277 2348 301 2382 l.
321 2344 362 2380 de
375 2343 480 2380 foetus
500 2342 700 2378 formatione
716 2343 769 2375 lib.
789 2343 811 2376 ¹.
830 2351 860 2376 et
875 2342 914 2376 de
931 2340 1053 2376 semine
1069 2343 1139 2376 libri
1156 2343 1196 2374 11.
1221 2350 1251 2375 et
1267 2339 1327 2374 alia
1343 2341 1458 2376 Galeni
1475 2342 1626 2390 prodiere
1645 2356 1721 2377 cum
1736 2341 1911 2383 Marcello,

204 2399 287 2434 Iano
304 2397 461 2433 Ceruario
480 2398 674 2444 interprete,
699 2391 793 2430 Bassl.
810 2397 893 2440 1536.
907 2391 969 2428 fol.
983 2398 1001 2418 *
1028 2393 1134 2441 Lugd.
1147 2394 1296 2428 Batauor.
1316 2392 1402 2441 apud
1418 2392 1562 2430 Elzeuir.
1582 2407 1621 2430 ex
1643 2397 1912 2443 interpretatione

1753 2443 1909 2482 Guintlze.
