2049 2720
57 121 283 153 vol.V11.p.410
495 117 687 155 CODICES
709 113 1032 153 EPISTOLARVM
1056 114 1217 153 LtBANn
1322 116 1452 155 Liby.
1477 131 1501 155 c.
1515 118 1657 158 XLIII.
1711 126 1771 165 783

65 157 280 171 *-

160 228 210 251 nr.
225 215 275 258 3.)
301 232 351 240 -—-
402 212 495 247 Part.
509 211 566 248 lv.
591 223 666 259 pag.
685 221 734 252 42.
756 207 830 245 cod.
846 209 971 244 LXXII.
994 222 1042 244 nr.
1062 222 1086 246 1.
1108 208 1262 258 epistolae
1278 211 1542 248 CCLXXXVIH.
1567 228 1643 262 quas
1664 213 1773 251 Nesse-

159 267 221 302 lius
245 265 356 301 habuit
380 262 523 298 ineditas.
553 282 599 289 —
623 275 698 310 pag.
715 273 762 306 52.
787 260 858 296 cod.
874 262 941 295 XC.
964 260 1135 309 epistolae:
1163 281 1211 291 -—
1239 274 1312 311 pag.
1331 267 1396 306 146,
1420 262 1494 299 cod.
1511 267 1639 302 CCCV,
1657 266 1773 315 episto.

164 319 216 353 lae
237 328 268 352 et
291 314 559 350 declamationes:
594 323 688 361 atque
710 314 807 347 etiam
833 309 990 346 Neffelius
1016 310 1177 360 prouocat
1199 312 1237 347 ad
1263 314 1332 351 libr.
1354 316 1410 350 Vl.
1435 328 1613 352 comment.
1637 320 1772 352 Lambe-

161 371 224 407 cii,
250 379 323 416 pag.
339 378 411 410 244.
430 363 497 414 sqq.
524 363 577 400 sed
600 365 641 399 ibi
661 367 692 398 in
715 377 802 398 noua
824 362 960 398 Kollarii
980 364 1055 398 edit.
1077 362 1148 398 sunt
1168 361 1302 400 omissae
1316 367 1441 401 Libanii
1457 366 1629 414 epistolae,
1656 378 1688 403 vt
1704 371 1772 406 iam

160 417 254 465 supra
278 417 442 453 adnotaui.
470 436 518 442 —-
570 416 738 450 Kollarius
760 416 792 448 in
815 411 975 462 supplem.
990 417 1012 448 1.
1036 413 1075 449 ad
1100 415 1215 451 Lamb.
1236 429 1360 452 comm.
1376 430 1450 465 pag.
1465 430 1527 461 41¹·
1543 417 1685 454 recenset
1700 419 1774 456 cod,

161 471 228 505 LV.
252 471 286 504 in
309 481 375 516 quo
400 480 447 502 ur.
464 479 494 510 4.
518 464 590 501 sunt
609 466 734 501 Libanii
752 467 818 504 XX.
841 463 932 513 epist.
958 477 1094 512 quarum
1119 464 1286 509 Vltimam,
1311 466 1521 516 inscriptam,
1548 466 1774 518 ἑμελιγοάας

163 522 216 559 τῶ
235 516 410 567 α’τεςάμῃ,
438 517 561 553 Kollar.
588 531 656 553 non
679 523 798 564 reperit
818 519 900 551 inter
919 517 1041 551 Libanii
1061 530 1133 564 epp.
1158 520 1243 566 typis
1259 532 1276 552 a
1290 518 1422 554 Wolfio
1437 520 1592 569 vulgatas.
1619 541 1669 548 —
1697 523 1775 556 Hei-

162 563 327 618 delbcrgae
347 570 516 618 quondam
536 567 669 604 fuerunt
697 571 729 602 in
753 566 1003 603 cod.LXXV11.
1036 569 1156 603 Libanii
1180 581 1251 616 epp.
1280 570 1484 607 CCXXXIX.
1514 583 1545 607 et
1567 571 1712 608 eiusdem
1737 584 1776 608 ae

163 621 272 659 Bafili'i
296 635 371 672 epp.
392 631 544 661 mutuae,
570 634 630 656 nec
654 633 721 654 non
744 621 776 653 in
801 617 873 653 cod.
892 620 1033 653 CXth.
1061 619 1129 653 Lib.
1149 618 1305 667 epistolae
1324 622 1472 657 CCXCI.
1487 622 1564 658 teste
1584 625 1777 672 Sylburgzb,

165 677 201 710 in
223 674 314 710 catal.
341 693 390 701 —
446 676 482 707 ln
508 671 584 707 bibl.
608 670 803 717 Augustam
827 668 957 704 Vindel.
977 667 1049 704 sunt
1073 679 1206 705 mutuae
1230 670 1335 706 Basilii
1360 683 1391 707 et
1412 674 1534 708 Libanii
1561 689 1634 723 epp.
1660 696 1712 702 —
1737 678 1777 710 ln

164 724 238 761 cod.
258 724 459 771 Guelferbyt.
483 735 532 758 nr.
553 729 604 763 82.
630 723 700 756 Lib.
723 732 754 756 et
774 718 898 764 Synesii
925 733 996 767 epp.
1014 722 1103 756 Vlll.
1132 741 1179 747 —-
1220 724 1305 756 Inter
1324 722 1419 759 codd.
1445 725 1484 759 ab
1508 728 1706 774 imferatore
1718 728 1777 762 So-

165 776 318 813 limanno
335 778 376 810 ΙΙ.
400 772 584 810 Mendozae
607 771 767 814 donatos,
792 770 923 807 suerunt
945 773 1070 807 Libanii
1091 771 1274 809 declamatt.
1300 782 1331 808 et
1346 774 1509 821 epistolae.
1537 790 1568 813 v.
1587 779 1776 813 Iriart.cat.

164 825 262 864 codd.
289 839 335 874 gr.
359 827 483 861 Matrit.
510 837 584 873 pag.
602 836 674 868 277.
713 843 764 850 -—
815 824 852 857 In
883 822 957 857 bibl.
977 824 1137 859 Escorial.
1164 825 1198 859 in
1222 826 1278 859 IV.
1296 823 1393 862 codd.
1418 826 1527 876 plures
1549 829 1675 864 Libanii
1702 842 1775 878 epp.

166 879 244 915 teste
265 879 386 913 Pliiaero
407 880 442 912 in
461 877 565 911 itiner.
586 888 645 925 per
666 873 758 924 Hisp.
777 886 851 923 pag.
867 881 938 915 180.
1692 873 1697 879 “

117 965 291 1013 Denique,
316 964 362 998 vti
386 957 494 998 Wolf.
514 959 572 996 fin.
595 957 694 1011 praef
718 960 800 995 bene
820 962 970 999 monuit,
995 960 1144 995 maxima
1169 962 1252 996 inter
1266 960 1397 999 codices
1412 966 1547 1000 varietas
1564 967 1596 1001 in
1612 964 1779 1010 designan-

168 1015 217 1051 dis
246 1015 403 1055 illorum,
440 1012 481 1048 ad
511 1025 594 1061 quos
623 1012 776 1062 epistolae
803 1009 877 1047 sunt
902 1011 1015 1051 datae,
1059 1013 1245 1047 nominibus
1268 1012 1463 1054 obseruatur.
1517 1005 1780 1066 Nonnumquam

169 1068 259 1103 enim
285 1064 372 1107 duo,
399 1066 479 1106 tria,
511 1066 618 1111 immo
638 1073 779 1113 quatuor
799 1060 924 1098 diuersa
946 1065 1118 1098 inueneris.
1179 1066 1287 1106 „Non
1309 1070 1519 1115 negauerim,
1543 1072 1586 1104 ait
1601 1067 1721 1109 Wolf..
1743 1067 1778 1103 id

165 1130 269 1155 omne
288 1114 478 1164 frequenter
498 1113 706 1151 librariorum
730 1117 871 1150 incuriae
892 1124 1061 1162 acceptum
1083 1111 1145 1151 effe
1172 1112 1355 1152 serendum.
1415 1120 1499 1154 Fieri
1520 1129 1630 1156 tamen
1658 1121 1779 1168 potuit,

167 1178 204 1205 vt
223 1169 376 1204 Libanius
397 1165 543 1202 eiusdem
563 1166 718 1215 epistolae
738 1165 930 1214 exemplum
953 1164 991 1201 ad
1017 1164 1124 1212 plures
1147 1169 1309 1210 mitteret,
1336 1168 1387 1203 vbi
1405 1169 1550 1206 eiusdem
1563 1174 1609 1207 rei
1629 1174 1782 1207 notitiam

61 1220 67 1266 ξ
168 1219 211 1257 ad
233 1219 341 1268 plures
361 1216 498 1268 perferri
519 1218 666 1258 volebat,
692 1230 753 1267 nec
776 1219 866 1260 otio,
894 1216 984 1266 quod
1006 1215 1062 1251 fibi
1085 1217 1197 1254 litteris
1210 1216 1382 1254 scribendis
1395 1223 1492 1256 nimis
1508 1224 1647 1271 praeripi
1666 1221 1781 1271 passim

169 1273 336 1320 queritur⁷
361 1268 552 1304 abundabat.
603 1271 732 1304 Harum
754 1280 858 1318 porro
879 1266 1090 1317 epistolarum
1111 1269 1286 1305 nonnullas
1307 1270 1382 1305 fic‘ta
1407 1275 1544 1307 nomina
1561 1282 1592 1307 et
1609 1272 1682 1307 fic‘la
1700 1286 1782 1321 quo.

169 1334 235 1371 que
258 1330 451 1369 argumenta
474 1332 550 1366 prae
572 1317 604 1354 se
623 1317 728 1364 ferre,
753 1333 824 1355 non
844 1333 924 1354 vane
947 1317 1095 1367 suspicari
1116 1322 1198 1353 mihi
1223 1320 1358 1362 videor,
1386 1322 1540 1371 exemplo
1562 1321 1678 1358 scilicet
1693 1322 1782 1360 futu·

168 1384 220 1408 ras
241 1370 418 1410 tironibus,
450 1369 491 1405 ad
515 1369 606 1418 quod
626 1367 840 1418 respicerent,
866 1367 892 1404 fi
912 1369 990 1418 quid
1016 1369 1179 1405 eiusmodi
1203 1370 1418 1420 consignandi
1441 1373 1568 1409 occasio
1588 1373 1618 1410 se
1639 1372 1782 1410 offerret.

167 1422 271 1460 Tales
294 1420 413 1458 scilicet
437 1421 558 1458 exstant
582 1423 616 1456 in
641 1421 884 1457 Charaffiribus
905 1420 1087 1467 epistolam
1113 1425 1169 1469 qui
1192 1423 1331 1458 Libanio
1353 1437 1371 1458 a
1387 1424 1556 1461 nonnullis
1577 1423 1651 1462 sunt
1672 1424 1784 1463 adscri-

168 1477 218 1525 pti
236 1483 270 1510 et
291 1488 310 1510 a
327 1473 417 1510 Guil.
436 1473 579 1508 Morello
597 1469 691 1508 Paris.
708 1480 790 1519 1558.
815 1479 844 1513 8.
870 1471 957 1508 editi.
966 1476 988 1492 ‘⁵
1036 1474 1207 1509 Hactenus
1230 1473 1389 1511 Wolfius.
1758 1471 1764 1476 ⁸

117 1559 282 1598 Fabricius
301 1561 336 1594 in
359 1555 526 1606 superiore
547 1557 621 1594 edit.
642 1557 834 1595 adiunxerat
853 1559 993 1594 nomina
1015 1569 1152 1602 eorum,
1178 1558 1220 1595 ad
1244 1573 1327 1609 quos
1348 1559 1470 1597 exstant
1483 1563 1613 1599 Libanii
1631 1563 1786 1611 epistolae,

170 1610 239 1648 fiue
261 1609 367 1646 editae
387 1608 454 1645 fiue
473 1620 564 1646 msst.
592 1615 730 1658 (nempe
752 1611 898 1646 Fabricio
921 1611 1098 1658 cognitae.)
1145 1612 1328 1647 Enimuero
1352 1625 1452 1660 quum
1474 1613 1576 1662 longe
1598 1618 1708 1651 maior
1721 1619 1788 1664 epi-

167 1661 326 1700 nolarum
349 1671 444 1696 antea
469 1662 713 1709 incognitarum
740 1671 794 1695 aut
823 1660 1019 1697 ineditarum
1048 1674 1203 1696 numerus
1231 1675 1307 1698 cura
1331 1663 1453 1699 Wolfii
1473 1663 1549 1700 effet
1574 1665 1694 1706 editus,
1727 1679 1787 1702 no-

170 1717 263 1751 mina
283 1715 316 1748 in
337 1710 434 1748 codd.
459 1714 600 1754 varient,
643 1721 674 1747 et
699 1711 848 1747 Wolfius
871 1711 1037 1760 duplicem
1059 1710 1078 1747 s‹
1093 1725 1130 1747 ae
1150 1712 1284 1749 editioni
1307 1717 1427 1751 maiori
1443 1713 1618 1753 subieciffet
1633 1717 1787 1761 indicem,

170 1765 332 1807 alterum,
356 1765 411 1812 qui
432 1764 524 1798 initia
546 1762 749 1811 fingularum
775 1762 985 1812 epistolarum
1000 1764 1067 1798 Lib.
1077 1766 1122 1798 nii
1138 1766 1284 1805 exhibet,
1306 1778 1382 1801 cum
1397 1779 1533 1808 eorum,
1557 1767 1596 1803 ad
1617 1781 1698 1817 quos
1713 1767 1787 1805 scri-

170 1825 249 1866 ptae
272 1813 364 1856 sunt,
391 1813 604 1861 nominibus;
629 1814 787 1860 alterum,
816 1816 873 1863 qui
895 1817 1030 1850 nomina
1054 1814 1189 1851 illorum
1216 1817 1364 1861 praebet,
1390 1819 1503 1866 quibus
1523 1819 1646 1855 Libanii
1670 1820 1786 1868 episto.

171 1867 224 1903 lae
246 1863 415 1914 inscriptae
436 1861 507 1900 sunt
527 1875 596 1901 tum
613 1878 750 1913 graecae
765 1874 836 1901 tum
850 1864 986 1908 latinae,
1011 1877 1148 1913 quarum
1175 1867 1236 1902 hae
1251 1880 1290 1903 ex
1304 1869 1419 1904 Fram.
1436 1870 1628 1906 Zamln'carii
1642 1870 1788 1908 vernone

175 1932 196 1955 a
217 1931 250 1967 p.
267 1929 342 1963 792.
365 1915 405 1952 ad
422 1916 522 1952 finem
540 1929 639 1965 vsque
657 1916 826 1965 leguntur:
861 1916 1000 1952 sterilem
1024 1929 1245 1966 mancumque
1260 1921 1393 1955 Fabricii
1409 1921 1596 1970 catalogum
1611 1926 1788 1958 nominum

172 1967 268 2006 satius
289 1966 352 2004 effe
378 1967 454 2002 duxi
478 1970 641 2003 omittere.
693 1969 762 2004 Nec
786 1981 864 2003 vero
888 1968 1077 2016 catalogum
1101 1968 1330 2013 Wolfianum,
1356 1974 1512 2020 quoniam
1535 1972 1642 2021 plures
1655 1976 1788 2023 paginas

171 2020 344 2069 impleret,
383 2028 414 2054 et
435 2017 486 2054 ed.
507 2016 679 2054 Wolfiana
705 2019 791 2054 haud
814 2016 1002 2067 infrequtns
1029 2019 1092 2060 est,
1129 2022 1215 2069 typis
1230 2022 1285 2056 hic
1301 2021 1677 2069 renouandum-curaui,
1707 2029 1789 2062 veri-

169 2081 242 2115 tus,
266 2084 308 2107 ne
327 2080 456 2120 tempus
475 2080 507 2105 et
527 2072 671 2106 chartam
693 2069 878 2120 perderem.
903 2070 1005 2108 Harl.

71 2160 122 2202 [12.
144 2158 296 2206 Denique
318 2159 352 2191 in
389 2156 504 2191 Leonis
535 2153 653 2190 Allatii
680 2158 837 2204 excerptis
863 2157 1066 2199 Rhetorum‚
1098 2157 1197 2193 Rom.
1213 2161 1295 2202 1641.
1317 2163 1348 2199 8.
1370 2171 1484 2207 graece
1517 2170 1549 2196 et
1575 2160 1672 2197 latine
1698 2160 1789 2198 editis

176 2221 251 2259 pag.
267 2215 383 2251 47-83.
404 2206 526 2242 exstant
541 2218 616 2241 cum
638 2206 744 2242 Allatii
774 2206 920 2243 versione
948 2209 1071 2243 Libam'i
1101 2204 1303 2258 διηγήματα
1332 2207 1397 2245 fiue
1425 2214 1625 2248 narrationes
1644 2214 1789 2248 XXXIX.

179 2261 209 2304 1)
229 2258 269 2294 de
295 2259 468 2300 Vulcano,
495 2261 529 2299 2)
556 2257 789 2301 Acalanthide,
817 2266 848 2303 3)
871 2261 1046 2307 Capaneo,
1071 2264 1109 2302 4)
1131 2261 1303 2302 Adrastea,
1330 2267 1363 2304 5)
1385 2261 1620 2307 Polycrate,
1644 2267 1682 2307 6)
1702 2265 1789 2300 Cal-

171 2309 341 2351 listone,
370 2314 407 2352 7)
433 2306 622 2351 Simonide,
651 2317 686 2349 8)
706 2311 950 2358 Neoptolemo,
977 2315 1016 2356 9)
1038 2310 1264 2352 Alcestide‚
1290 2316 1343 2354 10)
1363 2311 1547 2354 Candaule,
1576 2317 1624 2358 ιι)
1639 2317 1789 2363 Daphne,

176 2373 222 2399 12.
239 2365 288 2403 13)
309 2362 437 2409 Progne
460 2371 492 2395 et
514 2358 713 2404 Philomela,
740 2368 794 2405 14)
811 2359 943 2408 Marsya
958 2372 988 2397 et
1004 2362 1097 2399 tibiis.
1123 2375 1166 2408 15.
1185 2367 1251 2407 16.)
1272 2363 1312 2400 de
1331 2361 1492 2414 Pafiphae'.
1518 2371 1641 2410 17.18.)
1663 2368 1789 2404 Hercu-

1746 2418 1791 2461 le,
