2013 2725
197 179 262 211 424
312 164 384 198 Lib.
396 159 466 196 IV.
483 170 506 193 ι.
521 155 630 191 xix.
683 151 981 190 SiNGVLoRVM
1014 151 1252 187 LissRoitvM
1285 150 1460 194 camini,

199 261 319 297 librum
339 254 454 290 Galeni
470 252 613 287 maxime
638 249 863 284 authenticum
884 258 1020 285 omnes,
1046 247 1200 295 cuiusque
1225 247 1345 295 puncffa
1367 245 1525 281 debebant
1543 244 1703 294 explicare
1727 242 1909 294 speciminis

198 309 307 347 cautla
323 310 426 357 priuS,
451 317 550 353 quam
568 304 731 338 licentiam
747 311 886 349 praxeos
902 297 1045 333 medicae
1061 297 1257 333 exercendae
1279 295 1562 346 consequerentur.
1589 297 1669 342 (vid.
1685 298 1769 332 Ant.
1787 301 1911 333 Mazza

201 366 237 398 in
261 360 372 397 histor.
389 358 455 392 vrb.
472 356 662 391 Saleriiiian.
686 365 756 400 cap.
773 363 803 397 9.
827 363 903 399 pag.
920 352 974 390 68.
998 352 1053 394 69.
1096 352 1130 384 in
1154 348 1289 385 thesaur.
1315 353 1416 397 antiq.
1441 360 1472 384 et
1494 349 1603 384 histor.
1627 349 1735 384 ltaliae
1758 350 1913 384 Graeuio-

203 413 450 449 Burmannimo
469 419 551 442 tom.
571 407 623 440 [X.
639 413 721 453 part.
738 403 788 451 4.)
839 404 948 451 Qam
974 401 1016 435 ob
1041 399 1181 436 caussam
1205 405 1229 435 is
1254 402 1334 436 liber
1357 404 1453 436 etiam
1474 398 1653 449 saepiffime
1670 399 1712 435 est
1729 399 1831 437 editus
1848 410 1879 434 et
1894 413 1913 434 a

205 465 340 502 medicis
366 459 586 496 notationibus
609 456 852 505 quibuscunque
875 463 968 501 atque
993 455 1236 488 commentarii.
1261 451 1443 488 illustratus.
1502 454 1644 501 Scriptus
1668 450 1712 487 est
1735 465 1753 486 a
1775 452 1916 489 Galerio.

207 517 382 566 postquam
400 514 463 546 iam
484 509 668 560 permultos
685 507 766 542 alios
781 505 821 540 de
837 519 870 540 re
886 504 1069 540 medicinali
1087 505 1184 540 libros
1208 502 1390 552 scripserat,
1417 516 1498 551 quos
1523 511 1639 540 omnes
1662 500 1728 550 ipse
1751 506 1826 538 citat
1847 514 1915 551 cap.

206 572 274 605 eius
291 567 362 601 libri
376 576 423 607 37.
439 575 515 612 pag.
532 573 601 603 230.
617 571 697 594 toni.
714 559 750 592 11.
777 556 928 593 nondum
946 566 1055 591 tamen
1071 553 1236 604 scripserat
1251 556 1399 591 libellum
1417 555 1457 590 de
1472 555 1562 590 libris
1586 557 1745 603 propriis,
1771 552 1828 590 etsi
1849 557 1916 590 eius

206 616 366 656 scribendi
383 612 589 664 propositum
605 610 748 646 habebat.
802 611 999 644 Continetur
1014 611 1046 642 in
1061 620 1114 651 eo,
1141 608 1211 655 post
1225 607 1463 657 expolitionem
1481 609 1662 642 vberiorem
1676 605 1717 641 de
1737 605 1920 641 medicinae

204 670 402 708 definitione
417 667 503 701 rene
517 661 672 700 tradenda
687 662 834 697 tractatio
851 658 891 695 de
904 658 1001 707 fignis
1016 657 1167 701 sanitatis,
1194 662 1342 709 inprimis
1356 672 1434 695 vero
1451 669 1482 694 et
1501 668 1835 709 temperamentorum
1852 667 1921 692 tam

206 723 410 773 generatim,
443 729 541 766 quam
563 728 680 750 eorum
693 739 702 753 ‚
728 725 812 760 quae
828 710 973 760 singulae
993 720 1095 758 partes
1113 712 1263 754 habeant,
1290 721 1321 747 et
1341 715 1373 746 in
1400 712 1536 746 naturali
1561 722 1592 746 et
1610 714 1642 746 in
1655 708 1922 760 praeternaturali

207 775 290 811 statu
305 769 505 807 constitutae.
558 768 636 813 Qo
655 763 744 800 facto
761 762 907 799 transitus
923 762 967 798 est
983 761 1022 797 ad
1036 762 1128 811 ligna
1141 776 1332 811 corporum,
1350 764 1471 798 morbo
1486 760 1705 802 adfediomm,
1733 771 1764 797 et
1782 763 1925 810 partium

208 826 450 863 laborantium,
479 817 589 867 postea
604 816 642 852 ad
662 815 871 864 prognostica
884 814 985 861 signa.
1038 816 1189 862 Denique
1203 818 1310 864 agitur
1329 814 1368 850 de
1393 813 1520 856 cauffis,
1548 828 1630 863 quae
1655 811 1823 848 sanitatem
1846 824 1926 848 con·

209 875 337 913 seruant
351 884 384 909 et
398 885 479 921 quac
495 866 723 906 labefactatam
738 865 957 902 valetudinem
972 865 1160 910 restituunt3
1186 868 1218 900 in
1236 879 1300 914 qua
1317 868 1507 902 tractatione
1523 879 1592 901 non
1606 863 1713 900 solurn
1728 862 1857 899 summa
1871 876 1927 898 cu-

210 929 343 964 rationis
359 924 557 959 morborum
574 923 606 954 in
623 919 765 967 partibus
782 919 943 965 organicis
965 928 1061 964 atque
1085 916 1276 951 similaribus
1296 917 1501 952 existentium
1525 918 1717 965 exponitur,
1750 914 1803 952 sed
1827 916 1926 951 etiam

210 977 346 1027 regulae
368 975 408 1010 de
432 970 613 1008 auertendis
638 968 748 1004 cauffis
771 969 1027 1017 procatarcticis,
1061 965 1100 1002 de
1124 970 1189 1002 vita
1215 970 1249 1002 in
1273 980 1486 1017 quocumque
1504 968 1624 1003 morbo
1648 964 1870 1003 conseruanda
1889 979 1928 1002 ἃς

212 1031 253 1067 de
274 1023 572 1064 conualescentium
593 1034 633 1057 ex
654 1021 774 1056 morbo
789 1032 866 1054 cura
890 1017 1034 1066 gerenda
1055 1029 1273 1068 exponuntur.
1327 1022 1548 1057 Continentur
1571 1022 1648 1054 hinc
1672 1021 1706 1053 in
1728 1021 1793 1055 hoc
1815 1018 1928 1054 libello

213 1081 377 1120 succincta
397 1075 577 1123 systematis
597 1072 712 1109 Galeni
734 1070 913 1122 expositio,
939 1080 1097 1120 quatenus
1120 1070 1152 1105 id
1171 1068 1311 1106 sanitatis
1333 1074 1560 1120 cognitionem
1581 1081 1613 1107 et
1632 1066 1930 1114 conseruationem,

215 1133 412 1171 morborum
440 1141 520 1164 vero
549 1127 779 1174 cognitionem
803 1133 899 1172 atque
924 1125 1128 1157 curationem
1151 1119 1296 1172 respicit,
1330 1136 1367 1159 ac
1395 1125 1566 1165 omnium,
1599 1133 1762 1172 quotquot
1782 1122 1933 1166 existunt,

216 1188 361 1236 primum
380 1178 568 1217 habendum
593 1176 655 1217 est,
682 1179 715 1211 in
736 1189 801 1225 quo
824 1172 1048 1210 curandorum
1067 1174 1264 1210 morborum
1284 1175 1414 1224 regulae
1432 1175 1651 1222 generaliores
1668 1175 1934 1223 (therapeuticen

217 1236 362 1279 vocant,)
388 1231 430 1268 ad
454 1228 632 1275 systematis
655 1229 858 1262 cohaerentis
876 1238 1032 1260 normam
1055 1225 1188 1261 traditae
1206 1226 1276 1262 fint.
1303 1246 1355 1254 -—
1381 1227 1510 1262 Codices
1529 1228 1626 1262 huius
1647 1226 1720 1262 libri
1737 1227 1812 1263 MS.
1825 1228 1934 1275 graeci

219 1288 345 1326 exstant
375 1287 411 1320 in
439 1281 588 1318 biblioth.
624 1277 714 1327 publ.
745 1276 880 1313 Parifin.
907 1289 958 1312 nr.
974 1278 1319 1313 MDCCCLXXXIH.
1342 1280 1586 1313 MMCLXXV.
1612 1279 1934 1314 MMCCLxxvm,

219 1337 453 1377 MMCCCIV.
479 1333 712 1369 MMCCCVI.
768 1328 880 1364 Exstat
901 1331 997 1364 etiam
1022 1341 1135 1376 graece
1160 1332 1193 1364 in
1215 1329 1290 1364 bibl.
1316 1330 1356 1364 D.
1373 1332 1479 1365 Marci
1504 1330 1630 1365 Veneta
1653 1328 1726 1365 cod.
1745 1331 1936 1365 CCLXXV⁴

221 1394 296 1428 artis
317 1386 464 1425 medicae
486 1384 565 1420 liber
580 1384 604 1418 Ι.
623 1381 733 1428 (catal.
750 1394 826 1429 pag.
843 1382 922 1425 134.)
974 1382 1061 1415 Inter
1077 1381 1239 1426 lsoffianos
1255 1384 1287 1416 j„
1307 1380 1454 1417 biblioth.
1473 1380 1563 1417 acad·
1580 1380 1684 1429 Lugd.
1700 1383 1847 1418 Batauae.
1871 1380 1937 1418 vid·

222 1441 317 1480 catal.
336 1443 375 1475 ei.
391 1437 537 1473 biblioth.
558 1446 631 1482 pag.
646 1436 722 1478 396.
744 1446 794 1468 nr.
812 1435 860 1467 16.
914 1432 951 1465 In
973 1432 1122 1467 biblioth.
1139 1431 1264 1467 Caesar.
1281 1433 1518 1480 Vindoboncns.
1538 1446 1615 1468 cum
1633 1433 1704 1468 aliis
1723 1435 1880 1483 excerptis
1897 1432 1938 1469 de

223 1491 333 1533 Neffel
355 1500 435 1540 part.
449 1490 504 1524 111.
524 1499 598 1536 pag.
613 1497 660 1528 23.
713 1486 751 1519 In
772 1483 917 1519 biblioth.
935 1482 1102 1518 Bodleian.
1125 1484 1217 1520 catal.
1242 1485 1339 1519 MSS.
1359 1484 1455 1532 Angl.
1478 1497 1526 1518 nr.
1546 1496 1624 1531 ¹552·
1644 1496 1725 1530 1355,
1751 1505 1802 1511 --
1829 1486 1940 1520 Latini

225 1544 321 1582 codd.
337 1541 458 1578 exstant
476 1542 508 1574 in
531 1536 607 1573 bibl.
626 1535 715 1584 publ.
732 1532 826 1571 Paris.
849 1548 898 1570 nr.
912 1536 1431 1572 MMMMMMDCCCLXVHI.
1449 1538 1940 1573 MMMMMMDCCCLXXI.

223 1590 633 1635 MMMMMMMXNJX·
660 1588 1052 1625 MMMMMMMXXX.
1120 1588 1230 1622 Exssat
1262 1601 1364 1636 porro
1395 1589 1494 1624 latine
1524 1591 1557 1623 in
1597 1587 1744 1625 biblioth.
1774 1589 1940 1624 Bodleian.

229 1662 277 1686 nr.
295 1645 467 1682 MCCLn.
493 1644 528 1677 in
552 1641 593 1677 V
591 1641 694 1686 offian.
713 1653 764 1675 nr.
779 1640 902 1675 MMii.
928 1640 962 1673 in
986 1639 1106 1686 colleg.
1122 1640 1257 1675 Noruic.
1274 1640 1447 1688 Oxoniens
1466 1654 1514 1676 nr.
1531 1640 1703 1677 MCXXX.
1731 1643 1764 1676 in
1781 1639 1855 1676 bibl.
1873 1641 1942 1677 Cai.
1994 1643 1997 1646 “

232 1699 378 1736 Gonuill.
400 1709 451 1730 nr.
467 1691 718 1729 DCCCCLXII.
746 1710 797 1717 —
828 1691 985 1724 Hebraice
1007 1690 1105 1725 exssat
1129 1693 1162 1725 in
1185 1690 1262 1725 bibl.
1287 1689 1414 1726 Caesar.
1438 1692 1576 1727 Vindoh,
1597 1692 1738 1728 translat,
1761 1705 1801 1727 ex
1822 1693 1906 1728 arab,
1923 1697 1942 1727 ’ὃ

231 1753 274 1789 R.
289 1751 421 1785 Chanin
438 1747 500 1781 ben
516 1741 611 1779 Isaac.
637 1742 788 1777 Lambec.
805 1740 878 1778 edit.
892 1740 1014 1776 Kollar.
1036 1743 1057 1777 I.
1077 1755 1150 1787 290.
1192 1741 1361 1777 Edition‘es
1372 1755 1506 1790 graecae
1522 1741 1611 1778 sunt:
1641 1745 1758 1779 Galem'
1774 1757 1824 1778 ars
1839 1743 1945 1780 medi·

234 1800 346 1839 cinalis
362 1812 412 1847 gr.
434 1809 513 1832 cum
533 1794 727 1830 lectionibus
751 1795 846 1828 variis
864 1805 934 1827 exc.
950 1792 1067 1828 Christ.
1084 1795 1276 1829 VVecheluS.
1305 1793 1395 1829 Paris.
1411 1802 1496 1839 1548.
1511 1807 1541 1838 4,
1555 1799 1575 1819 ¹²
1599 1814 1649 1823 .-
1677 1796 1816 1839 Γαληνέ
1836 1797 1875 1834 τέ
1909 1810 1944 1840 ⁸¹¹!

235 1850 380 1903 ἰατρική.
438 1849 554 1884 Galerii
576 1858 626 1880 ars
652 1844 779 1880 medica
804 1857 919 1893 graece
943 1855 974 1879 et
994 1844 1093 1879 latine
1115 1847 1290 1893 interprete
1309 1846 1384 1882 Nic.
1403 1847 1582 1881 Leom'ceno.
1641 1847 1679 1882 In
1699 1845 1792 1882 vsum
1814 1845 1947 1884 scholae

233 1898 511 1954 Argentoratensis
527 1897 695 1947 separatim
711 1893 865 1943 expressa.
889 1897 1023 1942 Argem.
1041 1899 1129 1940 1586.
1147 1904 1176 1937 8.
1192 1902 1210 1920 ss
1262 1899 1300 1931 In
1316 1910 1393 1932 meo
1412 1907 1520 1933 tamen
1536 1897 1714 1947 exemplari
1730 1897 1833 1934 verfio
1849 1898 1949 1935 latina
1965 1910 1969 1911 ⁷

237 1955 443 1993 desideratur.
465 1970 518 1979 --
543 1950 679 1984 Latinae
703 1946 858 1983 versionis
882 1949 976 1987 huius
999 1947 1070 1982 libri
1093 1947 1160 1982 duo
1181 1955 1302 1996 genera
1323 1948 1472 1984 existunt.
1526 1949 1657 1985 Exstant
1677 1953 1766 1986 enim
1788 1950 1949 1987 versiones

236 2022 277 2044 ex
301 2007 438 2043 Arabico
462 2001 567 2038 factae
590 2003 623 2035 in
643 2000 777 2035 latinam
802 1999 972 2046 linguam,
998 2010 1029 2034 et
1049 2012 1089 2034 ex
1112 2012 1232 2048 graeco
1253 2003 1285 2034 in
1314 2001 1448 2036 latinam
1469 2001 1617 2049 linguam
1640 2000 1758 2039 fat‘lae.
1811 2002 1859 2039 Ad
1881 2016 1950 2043 ver-

238 2060 356 2099 slones,
373 2055 474 2091 saetas
489 2066 528 2089 ex
544 2052 679 2087 Arabica
693 2054 788 2087 huius
803 2051 875 2086 libri
889 2050 1112 2094 translatione,
1130 2049 1243 2086 referi-i
1264 2052 1398 2087 debent:
1432 2053 1534 2100 Tcgm'
1552 2055 1682 2100 galieni.
1735 2056 1855 2102 Incipit
1874 2056 1951 2090 liber
2012 2075 2013 2079 =

166 2114 170 2116 -
238 2115 364 2160 Primus
380 2109 468 2155 ugni
483 2106 560 2141 Gal.
587 2116 669 2152 quae
691 2101 796 2138 versio
818 2105 978 2151 incogniti
1002 2103 1144 2138 auctoris
1163 2102 1262 2138 exstat
1277 2106 1310 2138 in
1326 2104 1488 2145 articella,
1516 2107 1630 2140 Venet.
1649 2112 1734 2148 1483.
1749 2120 1780 2149 4.
1804 2109 1952 2154 primum

241 2163 336 2199 edita⁴
388 2162 426 2194 In
449 2171 521 2192 mea
540 2154 684 2191 editione
706 2153 900 2195 Articellae,
926 2152 1076 2202 impressa
1096 2154 1264 2202 Lugduni,
1288 2167 1345 2202 per
1366 2158 1523 2191 Ioannem
1546 2155 1587 2192 de
1609 2155 1640 2191 la
1663 2157 1771 2205 place,
1798 2156 1951 2207 impensis

241 2215 350 2251 Barth.
369 2212 466 2247 troth.
496 2220 571 2252 ¹5¹5-
588 2212 617 2245 8.
642 2207 722 2241 haec
739 2207 870 2254 antiqua
894 2205 996 2241 versio
1019 2205 1138 2254 legitur
1158 2220 1177 2241 a
1198 2204 1259 2241 fol.
1276 2219 1343 2251 109.
1367 2206 1407 2241 ad
1422 2205 1481 2242 fol.
1501 2219 1563 2253 ¹25.
1588 2205 1753 2257 refertque
1775 2212 1881 2258 magis
1900 2222 1954 2246 ex-

242 2276 393 2315 cerptum
409 2274 448 2297 ex
462 2270 529 2295 arte
545 2257 671 2293 medica
685 2257 820 2297 Galeni‚
844 2269 943 2304 quam
965 2257 1157 2293 versionem.
1209 2257 1333 2293 Eadem
1349 2257 1463 2299 versio,
1486 2272 1524 2293 ex
1541 2260 1671 2296 arabico
1686 2259 1783 2302 saeta,
1805 2261 1904 2297 exstat
1919 2264 1953 2298 in

244 2317 366 2364 Rustici
382 2312 560 2349 Placentini
583 2308 789 2345 colletffione.
824 2311 939 2343 Venet.
965 2321 1051 2354 1507.
1072 2317 1103 2350 8.
1157 2310 1270 2345 Exstat
1293 2311 1390 2345 etiam
1414 2313 1447 2345 iii
1468 2314 1714 2349 commentariis
1736 2313 1953 2350 Arabissarum

244 2373 279 2405 in
304 2368 422 2404 librum
445 2365 544 2411 tegni.
597 2359 721 2396 Eadem
740 2359 840 2395 exstat
859 2361 891 2394 in
918 2370 1027 2408 quarta
1049 2359 1192 2396 editione
1211 2374 1351 2409 operum
1368 2362 1505 2404 Galeni,
1531 2365 1663 2409 Papiae,
1688 2377 1746 2413 per
1762 2365 1858 2400 Iacob
1876 2367 1955 2400 Pau-

245 2415 467 2469 cidrapensem
482 2414 522 2451 de
536 2409 783 2463 Burgofraneo,
807 2413 888 2456 1516.
901 2408 961 2447 fol.
983 2425 1004 2446 a
1018 2409 1079 2448 fol.
1096 2425 1122 2448 1.
1144 2425 1244 2462 vsque
1262 2412 1304 2448 ad
1325 2411 1386 2451 sol.
1401 2422 1447 2456 18.
1475 2427 1538 2450 vna
1557 2427 1635 2451 cum
1654 2414 1777 2453 duabus
1797 2417 1868 2452 aliis
1887 2428 1955 2452 ver.

1817 2467 1958 2506 tionibus
