2013 2725
227 150 269 182 34
372 137 445 174 Lib.
458 135 526 175 IV.
548 149 570 172 c.
588 134 694 175 VIII.
795 134 973 175 iosEPm
1005 134 1252 175 VERSIONES
1282 134 1484 175 LATINAE

333 231 501 277 Vcrstoner
517 232 632 267 latinae
649 233 737 277 1546.
790 230 888 268 Edito
909 235 974 268 iam
997 245 1117 281 graeco
1139 232 1265 279 Iosephi
1288 241 1377 268 textu
1401 231 1560 280 Lugduni
1581 233 1707 280 repetiit
1725 230 1945 280 SebastlGryl

226 284 324 333 phius
342 283 439 318 tribus
453 281 577 319 volum.
593 290 624 324 8.
643 279 731 319 suam
750 296 889 332 operum
908 282 1068 333 Iosephin.
1087 283 1262 319 editionem
1278 284 1424 322 latinam,
1441 297 1479 319 ex
1496 283 1625 331 vulgata
1639 286 1769 332 antiqua
1787 283 1945 326 versione,

228 345 314 380 1539.
336 331 477 377 saetam,
500 347 560 369 nec
578 345 688 377 tamen
709 333 749 370 ad
771 346 897 371 textum
916 349 1070 383 graecum
1088 335 1264 378 collatam,
1286 346 1340 370 aut
1361 337 1554 371 corrediam.
1581 355 1630 361 ·-—
1658 342 1740 380 1548..
1765 335 1827 382 Ios]
1845 346 1946 383 opera

227 385 328 422 latine
347 385 537 435 prodierunt
551 386 689 435 Bcifileae
708 384 770 423 fol.
799 387 851 422 vbi
868 388 1090 434 Sigismundus
1108 388 1259 423 Gelenius
1276 389 1375 436 antiq.
1399 386 1463 421 iud.
1483 400 1500 421 e
1521 399 1639 435 graeco
1660 385 1815 422 idiomate
1835 385 1947 422 denuo
1987 417 1990 424 .

229 438 330 473 latine
354 435 502 473 reddidit.
555 437 696 486 Reliqua
714 436 842 487 Iosephi
865 451 964 487 opera
984 436 1162 474 secundum
1181 438 1364 482 versionem
1385 438 1519 474 latinam
1535 447 1676 474 veterem
1699 438 1839 473 exhibita
1853 435 1946 482 sunt3

230 501 269 524 ex
293 490 418 523 Erasmi
441 498 549 523 tamen
573 488 757 537 paraphrasi
779 490 832 525 lib.
856 489 897 525 de
919 491 1141 536 Maccabaeis‚
1175 501 1205 525 et
1227 492 1383 526 hactenus
1406 493 1439 525 in
1463 490 1654 525 editionibus
1678 490 1784 525 latinis
1803 488 1947 524 necdum

229 537 314 575 visus
330 543 396 584 ²¹¹⁴),
424 539 480 575 lib.
499 538 540 574 de
559 543 623 575 vita
647 539 720 582 sua„
747 543 786 576 ab
809 540 927 577 eodem
947 542 1085 577 Gelenio
1099 542 1197 576 latine
1217 540 1332 584 versus,
1357 544 1462 589 prima
1483 543 1552 576 vice
1573 543 1626 576 hic
1645 541 1776 588 reliquis
1798 539 1955 589 operibus

230 590 373 627 adiectus
399 590 460 634 est,
488 594 576 626 cuius
601 592 675 628 licet
695 590 849 642 Iosephus
870 595 1108 642 antiquitatibus
1129 592 1194 627 iud.
1220 591 1444 635 subjunxerat,
1471 602 1612 628 veterem
1633 602 1743 627 tamen
1764 594 1950 641 interpreta-

231 646 359 680 tionem
379 656 539 691 nusquam
562 641 593 678 se
615 646 755 692 reperire
777 642 932 693 potuisse,
959 645 1089 683 testatur
1106 646 1260 692 Bigotius.
1313 643 1489 680 Gelenium
1511 642 1644 693 quidem
1665 643 1773 679 multo
1795 641 1955 682 fundium

232 695 344 731 labore
365 707 396 729 et
419 692 515 729 laude
538 708 606 730 non
629 698 754 731 minori
778 698 936 744 dignum,
975 707 1070 744 atque
1093 696 1246 732 versionis
1269 695 1461 731 latinitatem
1486 695 1631 743 placere,
1666 695 1840 744 multisque
1866 694 1949 730 loeis

232 746 309 781 alias
337 743 478 781 obscuris
502 744 648 782 adfusum
670 747 802 791 lucem,
839 745 981 783 fatentur
1000 748 1121 784 iudices
1146 750 1239 797 aequi
1259 761 1385 783 omnes.
1449 749 1572 782 Dicunt
1599 757 1727 787 tamen„
1764 760 1834 782 non
1854 748 1949 782 omni

230 810 342 833 errore
357 798 442 832 hanc
458 796 785 834 Gelenii.verfionem
802 812 927 842 carere‚
952 799 1034 835 locis
1060 801 1183 848 quippe
1205 812 1274 835 non
1296 802 1404 847 paucis
1427 797 1495 833 sine
1518 798 1765 843 emendatione,
1791 811 1854 846 qua
1869 797 1950 833 indi.

231 862 347 897 gnere,
376 849 510 891 relic'lis,
537 849 643 898 aliqua
668 852 766 885 etiam
791 865 809 886 a
832 865 906 888 vera
923 849 1049 898 Iosephi
1069 861 1180 886 mente
1204 849 1403 900 frequentius
1426 851 1497 893 hic,
1525 863 1624 898 quam
1647 852 1680 884 in
1702 852 1799 885 veteri
1821 849 1951 885 transla-

230 904 322 936 tione
342 901 533 942 Rufiniana,
560 901 713 936 aberrare.
740 923 790 930 —
820 913 900 947 1554.
926 904 1058 949 repetita
1079 900 1140 938 suit
1162 902 1242 937 haec
1265 902 1363 937 editio
1386 904 1533 948 primum
1551 900 1690 950 Bqfileac
1710 900 1796 950 apud
1813 901 1950 936 Froben.

231 950 294 988 fol.
318 972 369 979 —-
396 954 556 999 Sequutae
572 950 644 988 sunt
659 952 742 988 duae
758 954 988 1000 Lugdunenses
1004 953 1088 1002 apud
1105 955 1312 1002 Gryphium,
1342 964 1418 998 1555.
1435 955 1467 987 in
1486 952 1663 996 duodenis,
1689 962 1720 988 et
1736 965 1818 998 1557.
1836 955 1870 987 in
1888 949 1950 989 fol.

231 1022 282 1030 —
310 1015 391 1048 1559.
422 1002 602 1050 Bastleenfis
623 1017 680 1051 per
702 1005 902 1048 Hieronym.
919 1006 1057 1039 Froben.
1085 1014 1115 1038 et
1135 1005 1243 1040 Nicol.
1258 1003 1409 1052 Episcop.
1434 1002 1495 1039 fol.
1522 1017 1679 1052 perquam
1703 1004 1802 1038 nitida
1825 1013 1856 1038 et
1879 1016 1952 1039 cor-

231 1056 337 1095 redia„
363 1067 525 1102 quamque
553 1056 639 1097 1567.
665 1054 790 1090 recudit
814 1056 948 1104 Bcfileae
974 1056 1150 1091 Frobenius
1172 1053 1233 1091 fol.
1293 1058 1384 1091 Loco
1410 1065 1522 1089 tamen
1552 1052 1784 1103 paraphraseos
1808 1054 1882 1090 libri
1910 1053 1951 1090 de

232 1105 379 1141 Maccab.
409 1106 447 1139 ab
470 1107 608 1140 Erasmo
640 1104 829 1148 constetne,
870 1108 1038 1155 hucusque
1059 1119 1128 1141 tuin
1159 1109 1192 1141 in
1217 1106 1304 1148 aliis,
1339 1117 1408 1141 tum
1438 1105 1534 1153 ipsius
1562 1105 1757 1141 editionibus
1788 1107 1953 1153 repetitae,

233 1156 332 1191 aliam
361 1158 413 1190 liic
444 1155 625 1191 versionem
656 1157 794 1194 exhibet.
825 1177 874 1184 —
910 1161 999 1202 1569.
1027 1159 1161 1207 Pcirg'stls
1181 1160 1215 1192 111
1236 1155 1295 1192 fol.
1322 1156 1444 1192 editum
1471 1154 1646 1203 losephum
1675 1155 1750 1192 dicit
1771 1157 1952 1200 fabricius,

232 1209 442 1243 vernaculam
466 1205 575 1242 forsan
595 1206 866 1256 francogallicam
884 1207 1066 1244 versionem
1084 1208 1277 1256 intelligens.
1307 1228 1355 1235 --
1384 1215 1474 1254 1580.
1502 1209 1713 1255 Francofurli
1727 1207 1768 1243 ad
1784 1210 1952 1245 Moenum

233 1258 390 1308 impensis
406 1258 604 1306 Sigismundi
621 1259 827 1304 Feyerabend
845 1257 904 1295 fol.
933 1274 1007 1295 cum
1025 1261 1137 1308 figuris
1154 1261 1247 1308 ligno
1264 1258 1368 1295 incisis
1384 1259 1468 1295 edita
1483 1257 1555 1295 sunt
1570 1273 1670 1308 opera
1684 1258 1812 1307 Iosephi
1827 1263 1951 1303 omnia,

231 1312 299 1346 hoc
323 1324 424 1358 porro
447 1310 718 1358 locupletissime,
745 1325 781 1346 ac
796 1323 900 1346 totam
917 1311 1065 1347 editionis
1081 1314 1313 1347 oeconomiam
1334 1308 1591 1358 repraesentante
1612 1311 1722 1346 titulo:
1749 1311 1789 1346 de
1805 1313 1951 1360 Antiqui.

230 1361 346 1396 tatibus
364 1360 429 1396 iud.
445 1362 497 1396 lib.
517 1363 584 1397 XX.
613 1363 728 1411 quibus
750 1364 781 1398 in
804 1363 869 1398 sine
885 1363 960 1398 loco
975 1361 1162 1412 adpendicis
1178 1365 1242 1398 vita
1260 1361 1403 1411 Ioseplii,
1424 1375 1481 1410 per
1496 1360 1601 1410 ipsum
1619 1361 1811 1411 conscripta,
1831 1362 1874 1398 est
1897 1361 1952 1398 ad-

228 1415 331 1448 iedia:
356 1411 396 1447 de
411 1415 444 1448 Β.
459 1412 529 1448 rud.
545 1413 600 1449 lib.
621 1416 660 1449 11.
684 1427 746 1462 pro
765 1414 1009 1463 corruptissimis
1031 1425 1124 1449 antea
1146 1418 1211 1449 iam
1236 1428 1275 1450 ex
1299 1427 1417 1462 graeco
1433 1413 1547 1449 itidem
1565 1428 1634 1450 non
1649 1411 1756 1450 solum
1775 1413 1950 1456 emendati,

229 1462 283 1498 sed
308 1467 405 1499 etiam
432 1462 567 1512 suppleti
597 1479 637 1499 ac
660 1468 835 1512 integritati
856 1466 1005 1513 pristinae
1024 1466 1175 1502 restituti:
1202 1465 1241 1501 de
1263 1468 1404 1513 imperio
1426 1468 1576 1504 rationis,
1603 1464 1670 1502 fine
1690 1465 1730 1501 de
1750 1466 1951 1502 Maccabaeia

229 1514 283 1550 lib.
301 1517 324 1552 1.
350 1514 459 1550 denuo
482 1518 668 1563 recognitus
689 1518 831 1551 antehac
856 1532 873 1552 a
896 1518 1030 1565 linguae
1049 1531 1184 1566 graecae
1205 1516 1416 1566 peritissimo,
1443 1531 1479 1552 ac
1496 1516 1705 1553 historiarum
1720 1515 1950 1553 ssudiofiffimo

231 1569 302 1602 viro
327 1570 360 1601 in
382 1567 521 1602 latinum
547 1566 734 1603 sermonem
757 1568 927 1611 translata,
953 1580 983 1604 et
1004 1568 1043 1604 ad
1069 1569 1258 1619 exemplum
1279 1570 1385 1616 graeci
1408 1568 1479 1604 cod.
1498 1567 1647 1604 adcurate
1666 1567 1834 1612 distincta,
1860 1581 1952 1604 nuno

230 1629 308 1653 vero
324 1615 450 1654 summa
467 1631 542 1653 cum
560 1617 728 1667 diligentia
752 1619 973 1669 chronologia
993 1619 1032 1655 ad
1050 1631 1145 1669 caput
1162 1623 1409 1668 vniuscuiusque
1426 1617 1500 1654 folii
1517 1634 1592 1655 cum
1610 1634 1648 1656 ex
1662 1619 1716 1656 lib.
1734 1630 1794 1655 vet.
1820 1631 1888 1655 tum
1909 1633 1950 1655 ex

230 1672 450 1705 recentiorum
477 1668 669 1719 scriptorum
695 1675 958 1717 commentariis,
996 1682 1130 1721 tumque
1161 1670 1290 1707 scholiis
1320 1669 1501 1706 necessariis
1528 1685 1585 1721 per
1609 1671 1745 1708 doctum
1770 1671 1952 1720 quemdam

230 1724 356 1761 virum,
388 1724 421 1755 in
437 1733 652 1757 communem
670 1726 713 1757 rei
731 1722 904 1758 litterariae
919 1723 1087 1759 Vtilitatem
1105 1737 1215 1758 recens
1233 1726 1444 1759 concinnata:
1472 1736 1548 1758 cum
1570 1722 1676 1758 indice
1697 1722 1953 1772 locupletissimo

231 1781 289 1808 etc.
317 1771 383 1806 vidi
406 1773 574 1819 exemplar
595 1774 792 1822 Bambergae
811 1777 844 1809 in
867 1785 981 1810 monte
1004 1777 1036 1811 S.
1054 1775 1238 1811 Michaelis.
1271 1796 1322 1801 --
1359 1782 1441 1820 1553.
1464 1772 1569 1809 rursus
1594 1775 1730 1824 Bastleac
1755 1788 1792 1810 ex
1817 1775 1953 1811 officina

229 1824 451 1866 Frobeniana‚
480 1821 540 1859 fol.
567 1824 718 1871 vulgatus
748 1824 792 1860 est
820 1824 992 1873 Iosephus,
1026 1825 1065 1861 ad
1088 1839 1286 1874 graecorum
1317 1824 1556 1873 exemplarium
1580 1826 1680 1861 fidem
1708 1828 1896 1874 recognitus
1918 1836 1951 1861 et

230 1874 439 1916 emendatus,
467 1875 686 1924 chronologia
711 1876 843 1919 itidem,
876 1889 906 1912 et
927 1877 997 1912 aliis
1017 1875 1148 1913 scholiis
1172 1876 1406 1924 marginalibus
1428 1876 1608 1912 illustratus.
1641 1877 1704 1912 vidi
1727 1877 1895 1926 exemplar
1916 1880 1952 1913 in.

230 1926 429 1961 monasterio
452 1926 714 1962 Schwarzacenfi
735 1941 838 1975 prope
858 1931 1034 1965 Moenum.
1071 1949 1120 1956 -—
1151 1937 1238 1973 1588.
1263 1931 1392 1976 Sigism.
1408 1927 1618 1973 Feyerabend
1642 1930 1872 1976 Francofmti,
1898 1929 1952 1964 Io-

229 1975 319 2025 sephi
336 1991 446 2025 opera,
475 1981 508 2012 in
524 1980 664 2020 ononis,
690 1979 802 2014 nostro
818 1979 987 2027 quondam
1007 1981 1144 2015 Erasmo
1164 1980 1379 2026 Neustettero,
1395 1990 1623 2028 cognomento
1639 1981 1820 2018 summere,
1849 1982 1953 2029 equiti

230 2026 367 2071 franco,
393 2038 424 2064 et
445 2042 538 2064 meae
563 2029 715 2065 ecclesiae
730 2029 1123 2083 1-1ausenfis“praepofiio‚
1145 2031 1271 2075 dicata,
1297 2029 1356 2066 suis
1375 2034 1461 2079 typis
1483 2034 1622 2080 repetiit.
1651 2031 1716 2067 vidi
1737 2034 1772 2066 111
1786 2032 1951 2079 Ηεώὶρο.

1843 2082 1952 2120 litatio

229 2192 334 2232 longe,
358 2204 445 2235 quam
469 2197 606 2232 antehac,
628 2202 657 2226 et
678 2196 862 2227 emendatior
886 2203 913 2228 et
936 2198 1061 2235 31161101,
1113 2198 1307 2239 typographi,
1337 2203 1387 2226 aut
1409 2195 1533 2226 librarii.
1584 2198 1625 2226 Ex
1646 2195 1772 2237 Iosepho
1794 2196 1881 2226 Mofis
1904 2197 1948 2226 in-

230 2247 294 2265 cum
324 2236 373 2267 lat.
403 2239 575 2278 interpretat
609 2250 640 2268 ac
664 2242 740 2271 notis
766 2240 810 2270 Io.
832 2240 932 2271 Laidc'.
965 2243 1061 2271 Oxoti.
1115 2243 1226 2270 stitutio
1251 2239 1373 2280 reipubl.
1399 2240 1501 2269 edente
1522 2238 1634 2280 Seliafl.
1651 2240 1835 2281 Castalionae
1856 2250 1897 2276 gr.
1919 2244 1949 2269 et

206 2320 209 2321 γ
228 2279 254 2309 J.
272 2278 397 2320 Barves.
421 2289 503 2315 r590.
521 2288 545 2314 8.
592 2284 632 2311 Ex
654 2284 710 2312 hoc
736 2284 840 2313 Hamb.
865 2283 941 2313 libro
965 2283 1062 2314 forsan
1115 2283 1163 2312 lat.
1188 2283 1268 2313 Bafil.
1291 2282 1410 2322 (1546.)
1432 2288 1455 2314 8.
1486 2281 1547 2312 vid.
1563 2282 1669 2312 Pinellz'
1693 2281 1782 2312 Catal.
1802 2284 1838 2311 11.
1858 2292 1886 2322 p.
1901 2289 1950 2317 45.

230 2330 382 2352 iiotauerat
401 2333 466 2352 ven.
484 2324 652 2354 Oberthiir:
680 2333 709 2354 31
729 2325 820 2355 Luitii
843 2337 952 2356 nomen
974 2329 1062 2356 vitio-
1115 2326 1209 2357 Harl.
1241 2335 1243 2338 ·

230 2364 292 2392 sum
317 2364 371 2393 effe
392 2366 526 2396 videtum
551 2367 687 2408 Barnesi'i
706 2375 802 2397 autern
825 2379 931 2399 nomen
949 2380 1007 2398 non
1025 2371 1064 2399 est
1158 2371 1215 2407 uu)
1238 2371 1273 2398 At
1287 2376 1381 2397 tamen
1398 2375 1479 2397 antea
1500 2369 1529 2397 iii
1543 2367 1610 2396 edit.
1628 2366 1713 2399 Paris.
1733 2372 1814 2406 1528.
1837 2365 1897 2397 vid.
1912 2363 1952 2395 ad

232 2406 302 2439 clari
318 2406 397 2438 illius
421 2408 578 2450 philologi,
599 2409 693 2444 multo
715 2412 778 2453 post
795 2413 872 2446 nati3
894 2412 942 2442 sed
956 2423 1064 2445 nomen
1116 2411 1196 2444 editt.
1215 2411 1374 2453 superioris
1389 2413 1500 2444 aetatis.
1523 2410 1616 2441 Harl-
