2013 2725
310 99 381 135 Lib.
395 96 463 135 JV.
481 109 505 133 r.
520 95 630 133 XVI.
656 93 713 141 (ol.
726 93 852 141 XIV.)
904 94 1125 131 CLAVDlVS
1156 94 1466 133 PTOLEMAEVS

601 187 638 232 c
675 189 722 233 X
757 189 790 232 P
824 187 936 233 VT
998 188 1130 234 XVI
1189 178 1340 245 (olith
1370 189 1506 244 x1v)

517 274 603 309 DE
679 273 1024 308 CLAVDIO
1104 273 1584 309 PTOLEMAEO

194 352 216 383 t.
232 348 399 380 Ptolemaei
421 351 517 379 aetas.
562 349 600 379 11.
617 348 694 379 Eius
716 347 925 387 Geographia.
971 349 1022 379 111.
1037 349 1162 389 Magna
1177 348 1332 388 Syntaxis
1351 353 1380 379 et
1401 348 1433 378 in
1454 356 1520 378 eam
1543 345 1672 379 Theonis
1693 351 1912 382 commentarii.

278 394 328 421 IV.
349 391 541 422 Tetrabiblus
565 396 593 420 et
615 391 646 420 in
669 400 734 420 eum
753 391 898 430 anonymi
916 392 1024 431 graeci
1038 390 1175 432 scholia,
1198 391 1368 431 Porphyrii
1374 391 1440 432 fiue
1455 389 1601 422 Antiochi
1615 390 1750 433 Isagoge
1764 397 1792 423 et
1807 392 1913 424 Procli

277 432 498 474 Paraphrafis.
544 436 579 464 V.
599 433 767 463 Ptolemaei
790 433 926 473 Carpus,
950 437 978 464 et
999 433 1034 463 de
1056 433 1252 464 elefflonibus.
1300 436 1349 464 VI.
1367 434 1471 464 Canon
1492 433 1618 473 Regum.
1666 436 1728 463 vu.
1745 434 1793 465 De
1812 444 1912 475 appa·

277 477 387 506 remiis
400 475 552 516 fixarum.
605 476 687 505 V111.
709 475 793 506 Pars
811 476 903 515 prior
923 475 1013 506 liuius
1034 475 1108 506 libri
1131 477 1328 516 iamprimum
1346 485 1457 516 graece
1480 476 1580 513 edita,
1609 484 1671 506 vna
1693 486 1759 507 cum
1781 477 1912 519 verfione

278 518 516 548 Bonaventurae
535 516 653 548 Vrbini.
697 517 804 548 Editio
819 519 948 548 atterius
959 519 1063 557 partis
1079 520 1251 549 Petauianu
1268 529 1282 549 e
1298 519 1367 551 MS.
1385 519 1544 549 entendato
1563 517 1760 558 acsuppleta.
1799 522 1849 551 tx.
1863 520 1912 550 De

276 560 487 591 analemmate.
533 563 568 590 X.
587 559 773 600 Hypotheses
788 560 993 601 planetarum.
1037 563 1087 591 XI.
1109 561 1379 603 Planisplzaerizmz.
1424 564 1488 592 ΧΠ.
1508 561 1710 592 Han-monica.
1762 563 1839 592 xm.
1863 561 1913 593 De

276 603 433 633 iudicandi
445 601 601 643 facultate
624 607 653 633 et
675 603 772 634 animi
794 604 979 643 principatu.
1043 605 1121 633 XIV.
1141 604 1266 644 Scripta
1287 603 1453 635 Ptolemaei
1478 603 1637 642 deperdita
1659 608 1688 633 et
1707 602 1911 645 supposititia.

281 648 345 677 XV.
367 644 433 676 Alii
459 645 634 677 Ptolemaei.
699 647 777 678 XVI.
800 646 848 677 De
868 645 971 686 globis
998 643 1170 687 caelestibus
1196 652 1332 678 veterum
1361 651 1389 678 et
1409 645 1562 688 similibus
1587 645 1792 688 instrumentis
1817 643 1912 688 astro·

278 697 416 719 nomzcts.

197 111 258 146 2⁴10
1697 97 1759 126 Vol.
1770 98 1817 126 m.
1826 99 1851 132 β.
1862 104 1912 133 413

766 766 858 802 [Cum
879 764 1085 807 supplementis
1106 764 1142 798 G.
1161 764 1191 799 C.
1207 764 1346 803 Hae-les.)

194 917 261 990 C
271 919 333 1003 LdA
341 918 370 951 V
381 918 412 952 D
422 918 472 952 IV
483 917 503 951 S
532 917 555 951 P
564 916 598 952 T
607 916 639 951 O
649 916 675 950 L
684 918 710 952 E
720 917 759 952 M
768 918 796 952 A
806 919 871 953 EV
879 919 900 953 S
910 945 919 960 ‚
948 862 1128 968 Aegy¹ptius
1139 949 1149 966 ‚
1174 915 1362 955 Pelufienfis
1379 917 1409 962 ⁶)
1419 944 1430 959 ‚
1457 917 1629 962 (Arabibus
1651 916 1727 954 inde
1750 917 1909 966 Elfeluffi)

314 966 431 1004 {uersus
454 980 523 1002 non
551 966 655 1002 modo
678 981 696 1001 a
718 968 846 1014 regibus
867 971 1009 1017 Aegypti
1031 972 1098 1004 hoe
1119 972 1276 1010 nomine,
1308 982 1385 1003 cum
1410 980 1557 1017 quorum
1576 967 1686 1017 aliquo
1707 969 1860 1004 nonnulli
1879 966 1919 1013 ¹³)-

192 1034 270 1056 eum
295 1017 533 1057 confuderunt.
558 1016 611 1052 sed
632 1019 730 1052 etiam
756 1033 772 1053 a
795 1019 986 1054 Ptolemaeo
1001 1022 1047 1065 ‘)‚
1072 1021 1310 1055 mathematico
1332 1018 1398 1055 fiue
1418 1018 1609 1066 astrologo,
1636 1021 1692 1067 qui
1713 1019 1835 1056 Galbae
1856 1018 1913 1054 ad-

192 1071 301 1106 siduus
315 1083 425 1105 comes
442 1068 544 1103 adfuit
565 1068 639 1104 teste
656 1069 833 1104 Plutarcho
849 1073 883 1105 in
895 1070 1019 1113 Galba,
1043 1084 1118 1120 pag.
1135 1074 1224 1114 1063.
1239 1082 1272 1108 et
1288 1084 1364 1106 cum
1382 1072 1516 1107 Othone
1532 1073 1729 1117 imperatore
1745 1073 1778 1106 in
1795 1067 1912 1118 Hispa·

192 1125 246 1158 nia
271 1121 410 1156 versatus
436 1118 680 1167 superfuturum
708 1133 782 1155 eum
809 1123 934 1157 Neroni
955 1122 1121 1171 pollicitus
1143 1123 1208 1168 est,
1233 1134 1266 1158 vt
1291 1132 1400 1158 narrat
1421 1122 1552 1158 Tacitus
1574 1122 1627 1157 lib.
1644 1124 1668 1159 1.
1687 1122 1758 1158 hiss.
1772 1136 1844 1172 cap.
1859 1133 1910 1157 22.

193 1174 312 1210 Noster
335 1171 392 1208 sub
414 1173 463 1208 M.
481 1172 615 1207 Aurelio
641 1175 813 1208 Antonino
827 1172 878 1220 ⁴),
905 1172 1038 1216 floruit,
1059 1174 1140 1211 teste
1160 1173 1263 1210 suida
1278 1174 1327 1221 [et
1347 1172 1495 1211 Eudocia
1513 1186 1591 1223 pag.
1607 1174 1698 1221 366]
1719 1184 1818 1224 atque
1838 1170 1910 1232 ipse

236 1323 273 1359 a)
296 1321 459 1353 Pelufienfis
484 1321 592 1351 dicitur
614 1323 644 1351 in
668 1321 856 1364 inscriptione
873 1325 1024 1356 harmoni-

193 1377 296 1395 corum
325 1365 463 1394 editionis
487 1365 607 1393 Antonii
631 1366 794 1402 Gogauini,
829 1370 917 1397 etiam
937 1376 1023 1398 tetra-

192 1408 267 1438 bibli
288 1407 400 1437 codices
423 1406 540 1446 quidam
567 1407 736 1447 praeferunt
767 1419 873 1439 nomen
902 1409 1026 1440 Κλαυδίι

194 1448 362 1486 Πτολεμαᾶκ
384 1451 419 1477 τί
443 1451 603 1479 Πελεσιὲως.
649 1450 781 1489 Effigiem
799 1453 956 1483 Ptolemaei
976 1455 1024 1484 dat

191 1491 371 1534 Botffardus
388 1500 468 1532 parte
485 1495 536 1522 111.
554 1494 641 1530 imag.
657 1504 685 1534 p.
703 1503 759 1527 310.
782 1495 903 1526 Fabric.
948 1497 1024 1526 Vide

195 1534 375 1576 Gaſjendum
390 1538 420 1564 iu
436 1538 496 1564 vita
512 1535 660 1570 Peirescii,
684 1535 733 1566 lib.
750 1540 783 1567 V.
799 1548 826 1578 p.
841 1548 898 1573 332·
917 1538 1024 1569 Heum.

193 1595 236 1602 —
266 1585 295 1608 et
324 1576 467 1609 Weidleri
489 1579 590 1607 histor.
613 1580 770 1609 astronom.
797 1590 944 1620 pag 177.
973 1584 1025 1621 qui

193 1620 290 1651 locum
312 1623 380 1650 citat
403 1620 438 1649 de
460 1620 560 1649 habitu
583 1624 714 1660 corporis
736 1629 763 1651 et
784 1624 914 1652 moribus
932 1624 1025 1654 Ptole-

193 1665 287 1699 maei,
324 1670 353 1692 et
375 1673 409 1691 ex
430 1662 570 1691 Peirescio
592 1671 693 1698 notat,
724 1665 753 1693 in
776 1665 874 1694 codice
896 1666 1023 1705 quodam

194 1705 348 1743 Almagesti
362 1704 450 1734 latine
465 1706 549 1739 versi,
574 1704 769 1734 Ptolemaeum
785 1710 931 1736 nominari
946 1707 1022 1738 Plze-

191 1747 359 1788 ludiensem.
384 1763 424 1769 —
464 1745 636 1777 Theodorus
661 1748 871 1784 Melitem‘ota,
902 1761 1022 1787 magnus

192 1789 362 1820 Sacellarius
384 1799 506 1826 magnae
535 1788 667 1818 ecclesiae
690 1790 801 1822 CPolit.
834 1791 941 1831 scripsit
970 1795 1021 1822 tri-

155 1836 159 1840 '
191 1832 293 1862 biblon
322 1833 542 1861 astronomicam
572 1831 720 1866 syntaxim,
751 1833 844 1862 adhuc
872 1834 1020 1869 ineditam,

192 1878 272 1904 cuius
289 1876 475 1915 prooemium
493 1881 522 1903 et
542 1881 626 1913 caput
642 1877 768 1913 primum
785 1886 818 1904 ex
835 1876 971 1905 biblioth.
987 1877 1021 1906 Is.

191 1918 283 1947 voffii
308 1917 399 1947 edidit
420 1927 450 1945 ac
467 1915 556 1945 latine
575 1918 662 1945 vertit
678 1916 713 1956 Is
728 1917 898 1947 Bulliasdus
912 1919 947 1947 ad
963 1918 1016 1947 cal-

192 1970 254 1989 cem
283 1958 440 1989 Ptolemaei
470 1959 506 1988 de
530 1958 678 1987 iudicandi
712 1958 846 1989 facultate
873 1967 901 1989 et
928 1963 1017 1989 animi

191 2004 355 2043 principatu
373 2000 457 2030 Paris.
475 2004 550 2036 1663.
567 2011 595 2035 4.
618 2008 646 2029 et
663 2011 696 2029 ex
716 2012 751 2030 eo
765 2004 882 2041 repetiit
896 2003 1017 2032 Fabric.

191 2044 286 2078 infra,
309 2043 360 2073 lib.
378 2046 413 2073 V.
437 2054 496 2084 cap.
519 2054 559 2078 33.
578 2042 637 2071 vol.
654 2045 702 2073 IX.
722 2054 785 2083 pag.
803 2050 849 2079 ¹98
867 2043 927 2084 sqq.
973 2046 1018 2074 lbi

190 2098 255 2127 pag.
272 2095 321 2116 212
337 2085 396 2126 sqq.
420 2088 479 2123 agit
504 2085 539 2113 de
561 2084 685 2114 Claudio
712 2086 877 2115 Ptolemaeo
899 2090 1019 2127 eiusque

190 2130 272 2160 libris
287 2137 420 2168 magnae
434 2127 667 2169 conflruffionis.
688 2129 793 2158 Scribit
808 2139 890 2163 veru,
915 2129 1018 2159 Claud.

190 2172 398 2203 Ptolemaeum
420 2179 520 2199 natum
540 2168 595 2198 ess'e
608 2171 637 2197 in
659 2170 818 2200 Thebaidis
832 2171 922 2206 vrbe,
943 2172 1017 2201 Pto-

191 2214 336 2248 lemane,
359 2212 479 2243 Hei-mii
494 2211 653 2251 adpellata,
676 2211 751 2241 Aelii
769 2215 918 2248 Antonini,
943 2224 1017 2243 rom.

190 2257 395 2297 imperatoris,
430 2254 598 2295 aequalem,
634 2261 661 2282 et
688 2257 796 2294 primas
823 2258 853 2284 in
879 2257 1014 2285 omnibus

191 2307 284 2340 partes
303 2297 466 2327 obtinuisse.
512 2299 555 2326 De
572 2295 738 2326 Ptolemaeo
760 2299 879 2337 eiusque
900 2308 966 2338 opp.
988 2306 1016 2328 et

189 2342 312 2372 arabicis
330 2339 624 2376 commentatoribus,
645 2349 682 2369 ex
696 2340 808 2370 arabica
825 2339 1015 2382 philosopho-

1820 1224 1909 1262 libro

1073 1335 1141 1356 rum
1157 1324 1336 1356 bibliotheca
1354 1324 1477 1363 longum
1497 1323 1596 1355 locum
1616 1325 1730 1354 arabice
1747 1333 1779 1354 ac
1793 1323 1842 1356 lat.
1857 1335 1908 1355 ex-

1076 1370 1172 1399 hibuit
1189 1369 1284 1410 Cafiri
1299 1371 1329 1398 in
1345 1368 1523 1398 bibliotheca
1538 1366 1788 1408 arabicohispana,
1801 1375 1874 1398 tom.
1882 1369 1907 1399 1.

1076 1422 1141 1453 pag.
1158 1417 1209 1447 348
1225 1411 1284 1451 sqq.
1310 1411 1401 1441 Harl.
1722 1411 1724 1413 ’

1120 1454 1156 1493 b)
1178 1453 1313 1495 Isidorus
1330 1456 1381 1483 111.
1398 1461 1442 1487 25.
1457 1453 1623 1489 Originum.
1663 1450 1848 1487 albumazar,
1864 1453 1906 1482 Si-

1077 1507 1146 1526 mon
1168 1499 1319 1531 Grynaeus
1343 1494 1435 1536 praef.
1457 1495 1493 1523 ad
1513 1504 1647 1531 magnam
1668 1492 1798 1528 σύνταξιν.
1843 1496 1907 1524 Ser.

1076 1541 1142 1568 vius
1171 1548 1289 1579 qnoque
1311 1540 1340 1567 in
1364 1547 1387 1572 3.
1403 1537 1536 1574 Eclogam
1559 1536 1686 1574 Virgilio
1708 1538 1906 1577 antiquiorem

1076 1592 1229 1622 perperam
1252 1581 1319 1610 facit
1342 1582 1470 1610 nostrum
1484 1578 1698 1614 Ptolemaeum,
1721 1586 1753 1609 vt
1773 1587 1921 1610 notatum.

1076 1625 1175 1654 Vollio
1194 1626 1245 1653 IV.
1266 1623 1302 1652 de
1323 1625 1394 1653 Hist.
1415 1624 1466 1652 Gr.
1488 1623 1566 1662 [cap.
1585 1630 1627 1658 17·
1648 1631 1713 1662 pag.
1729 1627 1780 1658 481
1795 1620 1835 1662 sq.
1854 1623 1906 1653 vbi

1074 1666 1218 1707 quaedam
1234 1668 1257 1694 is
1272 1667 1385 1694 notauit
1401 1665 1436 1693 de
1454 1663 1638 1700 Ptolemaeo,
1661 1663 1709 1693 sed
1723 1674 1831 1694 nomen
1847 1675 1906 1694 ma-

1074 1708 1101 1738 le
1122 1708 1230 1748 scripsit
1253 1707 1461 1742 Ptolomaeus]

1116 1755 1143 1784 c)
1173 1749 1325 1779 Seleucum
1352 1752 1416 1779 eius
1443 1748 1509 1778 loco
1538 1749 1670 1778 nominat
1689 1747 1853 1779 Suetonius
1872 1750 1903 1780 in

1073 1794 1197 1822 Othone
1217 1803 1278 1832 cap.
1296 1801 1316 1827 4

1116 1835 1153 1870 d)
1177 1833 1308 1864 Iacobus
1325 1831 1533 1873 Gothofredus
1546 1831 1585 1861 ad
1606 1838 1738 1862 veterem
1754 1833 1833 1862 orbis
1853 1832 1902 1863 de-

1072 1875 1259 1916 scriptionem
1286 1886 1302 1905 a
1325 1875 1353 1905 se
1381 1875 1488 1904 editam
1518 1885 1581 1915 pag.
1598 1884 1627 1909 9.
1661 1874 1715 1904 Ex
1737 1874 1902 1906 Ammiano

1072 1927 1131 1947 vno
1148 1919 1184 1948 X
1185 1919 1236 1948 [V.
1252 1928 1284 1957 4.
1307 1918 1423 1956 colligo,
1438 1918 1544 1947 Marci
1560 1918 1630 1955 imp.
1645 1918 1831 1956 temporibus
1844 1919 1900 1949 Sa·

1068 1969 1248 1989 rotenorum
1262 1969 1368 1989 nomen
1379 1960 1514 1998 primum
1526 1956 1703 1999 innotuzffe:
1723 1968 1820 2000 quare
1835 1970 1901 1991 cum

1070 2002 1261 2032 Ptolemaeus
1276 2011 1378 2032 eorum
1393 2003 1573 2036 meminerit,
1594 2006 1624 2031 et
1639 2001 1758 2041 quidem
1769 2003 1900 2042 primus,

1068 2042 1138 2073 hinc
1161 2045 1307 2084 adparet,
1335 2053 1400 2074 eum
1415 2042 1472 2082 sub
1496 2044 1650 2073 Antonino
1668 2044 1725 2073 Pio
1748 2054 1808 2074 non
1822 2044 1899 2087 scri-

1068 2085 1149 2126 pfiffe
1160 2108 1168 2120 ‚
1190 2086 1273 2126 quod
1287 2090 1391 2116 tamen
1403 2084 1544 2116 lzaffenus
1557 2085 1703 2115 creditur.
1746 2090 1816 2117 Non
1831 2088 1899 2120 dicit

1072 2137 1167 2157 tamen
1182 2131 1367 2163 Ammianus,
1388 2135 1456 2157 tunc
1472 2130 1599 2168 primum
1616 2129 1770 2158 innotuisse
1786 2132 1897 2160 Sarace-

1071 2182 1141 2205 nos;
1157 2179 1184 2200 et
1195 2173 1400 2200 Saracenorum
1415 2173 1528 2199 mentio
1543 2171 1620 2211 apud
1641 2171 1774 2202 Plinium
1787 2175 1837 2204 VI.
1854 2182 1898 2207 28.

1070 2213 1271 2242 Dioscoridem
1287 2220 1339 2242 εῖτ.
1361 2212 1433 2241 Vide
1449 2212 1626 2254 Salmofium
1640 2213 1677 2242 ad
1691 2213 1781 2246 Solin.
1797 2227 1824 2257 p.
1840 2223 1899 2254 484

1066 2255 1107 2296 sq.
1121 2255 1192 2286 edit.
1208 2254 1293 2285 Paris.
1338 2256 1474 2285 Meminit
1495 2257 1701 2285 Saracenorum
1716 2260 1802 2288 etiam
1819 2262 1896 2290 Tar.

1068 2308 1156 2335 gum,
1178 2302 1252 2333 (non
1267 2296 1420 2332 Onkelosi,
1443 2305 1474 2327 vt
1488 2297 1558 2328 Scal.
1578 2299 1613 2327 ad
1635 2299 1735 2333 Euseb.
1754 2312 1818 2343 pag.
1839 2305 1898 2344 ¹7·)

1064 2339 1117 2370 sed
1140 2339 1442 2375 Hierosolymitanum
1470 2342 1543 2372 Gen.
1558 2343 1733 2375 XXXXVH.
1749 2353 1793 2383 25.
1838 2349 1895 2377 Ve-

1830 2399 1899 2422 tum
