2049 2720
70 135 373 169 v01.1x;1›·811P812
480 155 484 157 -
685 131 746 168 DE
772 131 928 181 QIBVS
955 133 1123 173 SVIDAS.
1428 136 1500 172 Lib.
1522 137 1564 173 V.
1583 149 1607 172 c.
1619 137 1662 173 X.
1712 149 1770 184 547

66 171 370 186 ————-—

164 231 282 265 iicere:
310 226 333 262 si
357 225 463 268 seem,
491 229 637 276 nigrum,
688 228 801 276 Qum
822 230 919 276 igitur
940 229 1053 279 aliquis
1076 238 1276 272 moreretur,
1302 230 1436 279 prolatis
1463 233 1637 280 pharetris,
1668 231 1770 266 calcu-

159 282 210 318 los
231 279 461 323 numerabant,
488 291 519 315 et
539 280 684 327 pluribus
707 279 786 316 albis
805 285 940 330 repertis
962 280 1095 317 felicem
1117 281 1343 331 praedicabant
1364 281 1566 320 defunctum.
1593 285 1680 318 Hinc
1702 282 1766 318 dies

159 332 249 368 albus
273 345 333 380 pro
358 329 454 365 felici.

61 380 183 422 Τᾶπος.
219 382 397 418 Aristotelis
418 382 549 430 Topica
573 380 749 418 inscribitur
769 395 870 431 opus,
905 381 994 432 quod
1022 383 1081 418 Ioci
1110 385 1142 418 in
1171 384 1235 420 illis
1266 385 1453 427 traduntur,
1487 387 1602 436 quibus
1633 384 1775 421 instructi

157 434 198 470 de
222 433 365 482 qualibet
384 445 418 467 re
439 431 606 482 proposita
631 434 841 483 probabiliter
866 435 1089 482 argumentari
1114 435 1292 481 poss'umus.
1345 437 1487 485 Qidam
1506 435 1634 473 censent
1650 437 1772 473 librum

158 487 303 533 primum
326 497 412 525 non,
439 485 632 533 Topicum,
663 483 715 521 sed
744 482 810 535 πρὸ
833 486 899 524 τῶν
920 482 1052 525 reim-iv,
1079 493 1150 520 ante
1168 488 1266 528 locos,
1293 487 1530 524 inscribendum
1554 487 1617 524 effe
1638 499 1696 524 etc.

58 536 339 585 Tragiamborum
379 537 506 584 primus
547 539 700 574 inuentor
735 536 976 586 Apollodorus,
1024 534 1219 586 Asclepiadis
1250 539 1283 573 F.
1327 544 1572 588 grammaticus,
1633 542 1770 589 (Supra,

157 587 393 637 Apollodorus.
405 590 418 632 )

56 638 238 678 Traianus,
275 641 436 687 patriciuS.
497 640 562 673 Hic
589 637 644 673 sub
679 637 875 677 Iustiniuno,
903 639 1124 680 rhinotmeto,
1152 637 1282 679 floruit,
1315 642 1587 690 Clzronicumque
1608 643 1705 679 breue
1733 657 1771 678 ac

151 689 454 738 praestantissimum
473 687 633 737 σύντομον
657 686 750 727 πάνυ
764 685 962 738 θαυμάσιον
977 687 1109 737 scripfit.
1163 691 1241 725 Erat
1255 690 1342 727 idem
1366 692 1640 728 chrissianissimus
1658 704 1688 728 et
1705 706 1770 729 ma-

159 743 248 776 xime
273 739 490 776 orthodoxus.

55 791 247 834 Suetonius,
283 791 515 839 Tranquillus,
543 793 775 838 grammaticus
801 804 978 833 romanus,
1010 789 1131 839 scripsit
1159 792 1197 827 de
1218 794 1413 830 Graecorum
1434 796 1520 830 ludis
1549 796 1707 832 librumI.
1735 798 1770 832 de

117 872 120 874 ,
156 844 368 878 Romanorum
385 841 577 887 [mmmm
601 851 631 876 et
650 844 735 877 ludis
757 844 834 877 libo-s
850 845 897 877 II.
925 844 962 876 de
982 855 1064 877 anno
1084 855 1213 878 romano
1236 846 1354 880 librum
1378 848 1409 881 I.
1435 848 1472 881 de
1501 849 1603 888 notis,
1635 859 1770 893 quarum

157 895 231 940 vsus
257 894 298 940 est
319 896 351 928 in
374 895 482 933 libris,
514 893 590 942 περὶ
612 895 677 930 τῶν
699 897 730 931 ἒν
753 899 824 931 τοῖς
848 893 1004 936 βιβλίοις
1035 891 1173 940 σημείων
1201 897 1316 930 librum
1339 899 1365 931 I.
1397 898 1435 932 dc
1461 899 1618 933 Ciceronis
1639 911 1705 943 rep.
1734 899 1770 933 li-

156 947 247 979 brum
268 947 298 981 I.
327 946 359 979 in
382 957 448 993 quo
470 944 661 979 contradicit
684 943 856 989 Didymo;
889 947 926 980 de
950 947 1122 980 nominibus
1143 949 1286 991 propriis
1307 954 1338 981 et
1352 949 1476 994 formis
1503 949 1628 996 ostium
1653 957 1682 983 et
1709 951 1769 984 cal-

156 1008 277 1031 ceorum
304 1003 335 1030 et
357 998 569 1041 reliquorum,
617 997 730 1043 quibus
752 999 823 1042 quis
845 996 987 1041 vestitur.
1036 996 1116 1046 Περὶ
1142 993 1322 1045 δυσφῆμων
1351 998 1470 1049 λέξεων
1500 1003 1537 1035 de
1564 1002 1665 1035 verbis
1696 1002 1771 1035 mali

158 1048 287 1089 ominis,
313 1045 431 1081 ssoede
449 1045 649 1088 maledid'tis,
681 1057 711 1082 et
732 1046 816 1083 vnde
838 1049 958 1082 horum
987 1047 1153 1097 quodque.
1195 1050 1250 1084 De
1277 1052 1379 1085 Roma
1406 1054 1529 1098 eiusque
1559 1051 1711 1096 institutis
1739 1058 1769 1086 et

157 1100 295 1134 moribus
308 1098 405 1133 libros
414 1098 465 1132 II.
492 1097 694 1143 Συγγενικὲν
710 1096 887 1148 Καισάξων
893 1100 1058 1145 familiam
1074 1101 1251 1145 Castrum,
1278 1100 1367 1149 qUOd
1382 1115 1463 1150 ΟΡΗ8
1480 1105 1625 1138 continet
1642 1102 1697 1148 [if]
1715 1116 1769 1140 00-

158 1158 234 1184 rum
265 1152 344 1184 vitas
374 1158 404 1183 et
432 1146 640 1184 successiones
664 1163 685 1184 a
713 1149 798 1186 Iulio
828 1162 929 1199 vsque
954 1148 996 1185 ad
1026 1151 1260 1187 Domitianum
1285 1154 1378 1187 libris
1402 1153 1443 1188 V
1440 1155 1518 1190 III.
1571 1156 1706 1189 Stemma
1731 1149 1768 1189 it.

157 1200 301 1245 lustrium
320 1201 463 1235 virorum
483 1200 711 1237 Romanorum.

57 1254 144 1303 Tela
168 1247 384 1300 Στησιχέρε,
409 1253 476 1285 tria
498 1252 673 1301 Stestclzori‚
706 1250 739 1286 id
763 1251 807 1287 est
830 1253 1016 1300 Srrophen,
1065 1252 1318 1302 Antissrophen‚
1349 1253 1503 1302 Epodon.
1554 1255 1649 1291 Tota
1679 1258 1767 1292 enim

157 1302 328 1338 Stefichori
351 1300 455 1350 poefis
478 1302 523 1336 est
546 1302 692 1349 epodica.
745 1303 787 1338 Et
807 1304 982 1338 hominem
1006 1301 1136 1352 prorsus
1159 1306 1351 1354 imperitum
1376 1305 1594 1355 perstringere
1623 1306 1767 1342 volentes

153 1367 229 1390 eum
253 1366 295 1389 ne
316 1355 382 1388 tria
407 1351 542 1402 quidem
569 1354 729 1403 Stesichori
751 1351 842 1390 noffe
864 1353 1021 1390 dicebaut,

55 1421 299 1462 Triboffianus,
324 1419 560 1456 Macedoniani
575 1420 609 1455 F.
632 1430 670 1456 'ex
691 1419 867 1456 cauffidieis
893 1418 1135 1468 praefed'torum
1157 1424 1345 1469 praetorio,
1367 1422 1497 1470 gentilis
1522 1433 1554 1458 et
1583 1426 1723 1471 impius,
1749 1438 1768 1460 a

154 1471 418 1508 Christianorum
439 1470 505 1506 fide
524 1468 655 1520 prorsus
686 1470 828 1512 alienus,
861 1470 1014 1520 idemque
1043 1470 1197 1507 adulator
1228 1481 1260 1508 et
1285 1474 1464 1522 impostor,
1499 1477 1555 1523 qui
1581 1476 1768 1518 Iustiniano,

158 1525 249 1559 cuius
273 1533 340 1557 erat
363 1521 529 1571 quaestor,
553 1522 732 1558 conabatur
754 1520 962 1571 persuadere,
986 1535 1066 1562 eum
1089 1536 1160 1559 non
1186 1525 1405 1564 morit-urum,
1432 1524 1486 1560 sed
1507 1527 1618 1561 viuum
1644 1530 1678 1561 in
1696 1540 1771 1561 coe·

156 1574 229 1610 lum
247 1572 437 1609 translatum
455 1575 504 1608 iri.
531 1576 658 1622 Ingenii
673 1577 741 1610 acie
760 1574 883 1610 valebat
896 1584 927 1609 et
948 1576 1076 1622 apicem
1094 1573 1283 1611 eruditionis
1299 1575 1474 1624 adtigemt,
1498 1579 1558 1618 ita,
1576 1573 1578 1575 ’
1593 1587 1627 1612 vt
1641 1577 1770 1612 nullum

157 1627 266 1661 aetatis
287 1623 361 1660 suae
383 1626 573 1660 mortalium
598 1627 660 1660 hac
680 1624 777 1660 laude
802 1624 1003 1674 superiorem
1027 1625 1169 1660 haberet.
1229 1625 1290 1660 Sed
1312 1627 1424 1674 legum
1449 1627 1681 1664 nundinationi
1704 1638 1770 1664 erat

157 1675 304 1719 deditus,
330 1685 361 1711 et
376 1675 562 1724 inexplebili
577 1678 727 1719 auaritia,
755 1688 853 1725 quam
869 1673 1042 1726 splendore
1061 1673 1210 1712 summae
1234 1676 1423 1714 eruditionis
1440 1676 1641 1716 obscurabat.

55 1742 300 1786 Tribonianus,
326 1741 466 1788 Sidera,
492 1755 531 1777 ex
553 1740 730 1778 eauffidicis
752 1741 994 1792 praefedtorum
1018 1746 1205 1792 praetorio,
1232 1754 1263 1779 et
1284 1742 1351 1792 ipse
1375 1748 1424 1780 vir
1444 1743 1644 1780 multifariae
1666 1744 1771 1781 erudi-

159 1797 266 1830 tionis.
319 1792 451 1842 Scripfit
474 1791 613 1828 verfibus
633 1798 884 1829 commentarium
905 1797 939 1828 in
960 1795 1138 1843 Ptolemaei
1159 1795 1338 1830 Canomm:
1373 1803 1546 1830 concentum
1569 1797 1721 1831 mundani
1741 1803 1772 1832 et

158 1845 328 1880 harmonici
347 1845 563 1879 mathematis.-
588 1842 633 1881 εἰς
655 1842 712 1881 τόν
733 1843 962 1883 πολιτεύοντα
982 1843 1040 1891 »ῳή
1062 1841 1240 1887 διέποντα,
1272 1847 1307 1880 in
1331 1849 1558 1892 gubernantem
1583 1855 1613 1882 et
1640 1849 1771 1882 admini-

150 1895 330 1942 strantem:
359 1897 391 1929 in
409 1895 614 1939 planetarum
628 1896 782 1930 domicilia
797 1906 828 1931 et
844 1909 900 1931 cur
917 1895 1050 1943 singulis
1075 1895 1281 1931 domicilium
1305 1898 1369 1932 hoe
1392 1899 1443 1932 vel
1474 1898 1554 1932 illud
1575 1898 1771 1933 adtributum

159 1946 216 1990 fit3
249 1949 286 1982 de
304 1946 451 1981 XXIV.
470 1946 605 1990 pedibus
633 1948 769 1982 metricis
792 1947 990 1995 rhythmicis:
1023 1948 1229 1996 metaphrqsin
1260 1949 1422 1983 Homerici
1449 1952 1579 1983 nauizcm
1612 1950 1750 1997 catalogi
1758 1963 1772 1989 ;

159 1999 320 2046 dialogum
342 1998 563 2032 Macedonium
585 1995 651 2033 fiue
674 1999 711 2033 de
721 1998 904 2044 filieitate‚·
937 2001 1036 2033 vitam
1062 1998 1230 2038 Theodoti,
1260 2000 1458 2046 philosophi,
1491 2002 1581 2035 libris
1602 2003 1674 2035 III.
1701 2014 1772 2035 ora-

161 2052 276 2084 tionem
291 2049 498 2096 consularem,
526 2047 690 2097 prosaice,
723 2052 757 2084 in
774 2050 1007 2094 lastinianum,
1028 2053 1111 2099 imp.
1143 2052 1318 2085 orationem
1343 2052 1380 2086 de
1403 2064 1524 2099 regno,
1558 2054 1591 2087 in
1612 2051 1771 2096 eundem3

159 2101 197 2135 de
222 2101 366 2149 mensium
393 2102 642 2145 permutatione,
668 2099 819 2136 versibus.

62 2166 242 2203 T1ibunus.
295 2168 360 2202 Hic
382 2176 531 2214 tempore
555 2164 713 2202 Chosrois
737 2168 837 2208 vixit,
863 2180 981 2216 genere
999 2166 1217 2209 (Palaestinus,
1251 2170 1300 2202 vir
1327 2167 1467 2203 eruditus
1488 2179 1519 2204 et
1543 2178 1612 2204 arte
1643 2168 1770 2205 medica

163 2217 247 2253 nulli
269 2215 445 2265 secundus3
470 2217 623 2265 singulari
648 2218 734 2253 idem
759 2217 1002 2258 moderatione,
1029 2229 1060 2254 et
1080 2221 1197 2267 pietate
1219 2222 1251 2253 in
1273 2219 1369 2254 deum
1392 2219 1563 2267 praeditus,
1597 2224 1624 2256 A
1649 2221 1771 2256 lussini-

2 2298 4 2306 0
164 2282 228 2304 ano
249 2271 435 2318 impetrauit
454 2266 635 2308 Chosroes,
661 2279 695 2304 vt
716 2269 801 2317 apud
822 2267 851 2304 se
872 2283 937 2305 vno
968 2284 1054 2305 anno
1075 2283 1206 2305 manere
1229 2270 1319 2305 illum
1342 2270 1466 2306 smeret.
1495 2272 1555 2307 lllo
1575 2270 1685 2320 elapso
1708 2270 1770 2307 ius·

2 2313 5 2362 Ι,
116 2352 119 2353 ⁷
163 2319 203 2355 fit
222 2330 334 2369 petere
355 2335 373 2355 a
396 2317 445 2361 se,
471 2320 625 2369 quicquid
646 2320 751 2356 vellet.
804 2320 862 2356 Ille
890 2321 972 2356 nihil
1004 2321 1109 2363 aliud,
1145 2334 1243 2371 quam
1270 2324 1473 2370 captiuorum
1503 2323 1627 2372 aliquot
1647 2326 1769 2360 Roma-

165 2384 287 2408 norum
307 2371 481 2423 postulauit
501 2370 699 2415 libertatem,
723 2372 836 2422 quibus
858 2372 938 2407 alios
961 2382 1008 2408 ter
1031 2373 1124 2409 mille
1145 2371 1310 2409 Chosroes
1333 2372 1467 2410 addidit.

3 2428 6 2444 ³
1024 2429 1105 2460 Zzz
1135 2436 1153 2459 2
1608 2425 1770 2473 Triphyl-
