2013 2725
137 85 204 122 702
257 72 329 108 Lib.
347 67 393 105 V.
406 78 430 102 e.
444 64 521 102 XL,
624 62 683 97 DE
711 57 877 101 caver,
905 55 1040 106 QVAM
1067 54 1200 90 vion·
1227 53 1491 91 CONSTANT.
1517 56 1567 93 M.

141 169 369 205 aBi'inemann,
391 159 513 209 Lipsiae
527 168 611 202 1739.
627 162 656 195 8.
684 152 860 201 euulgatae.
912 152 940 184 A
958 149 1140 184 Fabriciana
1169 147 1370 197 expositione
1390 161 1505 197 parum
1528 147 1659 185 discedit
1683 150 1850 188 SchroecMz

141 224 176 255 in
195 221 257 254 vita
282 213 504 252 Constantini,
531 220 610 243 tom.
627 207 682 241 lV.
706 203 878 252 Biograpli.
900 202 951 237 vbi
976 215 992 236 a
1013 213 1085 249 pag.
1107 207 1220 242 18·34.
1247 198 1376 248 copiose
1400 203 1464 248 agit
1488 199 1527 236 de
1548 202 1612 236 hoc
1632 199 1724 249 signo
1747 203 1853 238 cocle.

144 271 203 312 fii)
230 266 320 318 quod
343 278 414 313 pag.
433 275 480 305 32.
505 259 589 308 seqq.
624 255 779 305 explicat,
814 252 906 289 fuisse
931 254 1188 302 pliaeiiornenon
1219 250 1385 300 quoddam
1415 249 1579 287 insolitum
1612 265 1649 287 ac
1680 251 1853 301 singulare,

146 338 164 358 n
179 317 396 357 Constantino
417 314 564 359 illiusque
587 307 739 343 militibus
761 308 794 340 in
818 304 913 340 coelo
936 302 1164 350 conspectum,
1197 312 1229 337 et
1253 303 1292 338 ab
1315 305 1371 344 iis,
1403 302 1553 338 naturalis
1577 301 1745 339 dofirinae
1766 306 1856 352 igna-

147 376 189 409 ris
229 380 396 417 tamquam
421 371 609 413 portentum
633 359 798 395 habitum:
825 370 864 392 ex
886 368 947 405 qua
969 356 1127 403 opinione
1150 356 1254 389 variae
1267 356 1547 403 interpretationes
1567 352 1773 404 diuersaeque
1787 353 1858 390 seri·

148 403 263 460 teiitiiie
283 434 317 454 ac
341 416 539 452 narrationes
559 410 652 446 facile
673 417 850 458 potuerunt
871 408 949 442 oriri
968 416 1064 454 atque
1088 405 1234 454 intelligi.
1284 403 1376 440 Idem
1400 405 1562 440 Schroecklz
1585 405 1676 442 illam
1698 403 1789 441 suam
1804 420 1857 442 ex-

148 473 345 523 positionem
371 464 457 502 haud
481 461 619 498 deseruit
642 464 675 496 in
698 460 767 496 hist.
792 459 867 495 eccl.
894 459 916 494 l.
941 472 969 493 c.
999 469 1071 505 pag.
1087 460 1210 500 76-84.
1241 456 1291 491 vbi
1312 456 1445 491 Fabricii
1466 456 1566 492 nostri
1588 454 1667 505 disp.
1689 469 1860 492 commen-

148 524 201 560 dat
223 522 367 568 aliosque
390 516 576 565 scriptores,
601 515 635 548 in
658 523 826 560 Vtramque
847 521 972 559 partem
996 507 1035 543 de
1049 509 1110 542 hae
1136 507 1258 542 visione
1270 504 1481 556 disputantes,
1507 510 1634 544 excitat.
1685 507 1860 556 Qosdam

149 577 245 611 etiam
271 571 387 610 libros,
414 570 479 604 huc
499 568 714 615 pertinentes,
739 571 902 597 memorat
928 559 1055 607 Meusel
1076 559 1098 596 l.
1124 573 1149 597 c,
1174 572 1246 608 pag.
1262 563 1420 604 186-189.
1454 579 1506 586 -
1557 561 1682 595 Contra
1705 559 1861 595 Fabricia-

149 639 226 666 nam
249 622 498 670 explicationem
521 618 667 662 Cuperus
687 617 720 649 in
741 611 875 662 epistola
894 610 933 647 ad
957 611 1137 646 Fabricium
1158 613 1204 655 (in
1223 612 1362 645 Reimari
1385 620 1563 649 comment,
1592 609 1633 646 de
1652 612 1716 646 vita
1739 619 1771 645 et
1791 608 1862 646 scri-

149 679 213 727 ptis
234 677 258 709 1.
277 676 315 708 A.
333 672 464 707 Fabricii
486 682 560 718 pag.
574 678 639 712 235,
656 666 738 715 sqq)
766 662 864 700 visani
888 676 1036 704 crucem,
1073 661 1125 696 vel
1149 665 1269 710 primae
1291 664 1434 696 nominis
1461 661 1579 697 Christi
1604 661 1742 703 litteras,
1776 659 1864 696 addi-

150 738 283 774 tamque
307 721 549 769 inscriptionem
573 721 702 754 reiicere
723 715 818 764 plane
841 727 910 749 non
931 712 1044 753 audet,
1081 722 1112 747 et
1129 711 1281 761 quasdam
1299 711 1530 753 dubitationes,
1557 710 1723 761 ingeniose
1735 714 1865 760 excogi-

152 788 229 814 tatas
246 786 278 811 et
294 770 433 823 speciose
447 771 608 818 docieque
625 766 800 817 expolitas,
826 776 858 801 at
873 778 941 800 non
957 763 1025 800 satis
1043 764 1180 805 validas,
1206 763 1245 798 ad
1261 764 1479 799 Fabricianain
1494 764 1743 811 explicationem
1758 764 1867 799 omni-

152 842 199 866 no
221 823 490 863 conuellendam,
516 818 651 869 profert.
679 839 731 845 —
781 817 960 863 vulgarem
975 813 1163 849 sententiam
1182 827 1357 852 exornare,
1387 825 1586 862 quamquam
1602 816 1715 863 impari
1730 811 1867 850 fortuna

153 891 184 916 et
207 874 365 918 succeffu‚
391 873 582 909 studuerunt
605 870 792 904 Matthaeus
816 868 961 901 Iacutim
980 867 1013 900 in
1033 863 1253 913 syntagmate,
1280 877 1349 914 quo
1371 868 1550 914 apparentis
1566 877 1689 914 magno
1707 864 1868 901 Constan-

155 934 225 967 tino
249 929 352 963 crucis
373 924 501 960 historia
524 922 686 966 complexa
707 919 745 968 (st
775 916 864 965 (sie)
881 916 1048 961 *vniuersQ
1088 931 1124 952 ac
1143 915 1204 952 suis
1224 919 1265 951 ita
1290 917 1329 950 ab
1349 917 1501 952 omnibus
1527 915 1672 952 osoribus
1695 917 1868 959 vindicata,

155 982 297 1029 tempori
313 976 368 1014 suo
384 986 415 1012 et
428 975 505 1011 loco
520 973 660 1009 restituta
671 998 680 1012 ,
705 973 817 1008 ceteris
832 968 964 1005 tandem
979 970 1023 1003 rei
1040 967 1146 1016 gestae
1161 970 1373 1004 iiionirnentis
1387 967 1572 1009 illustratur,
1598 969 1723 1004 Romae
1737 980 1820 1014 1755.
1837 981 1868 1011 4.

156 1046 233 1069 cum
257 1031 336 1079 figg.
360 1028 453 1076 ligno
474 1023 599 1066 incisis,
627 1033 657 1058 et
678 1023 760 1059 Abb.
783 1023 826 1055 dn
852 1020 962 1066 Vmfin
983 1023 1015 1054 in
1037 1018 1105 1055 diss'.
1131 1021 1265 1068 critique
1283 1016 1334 1053 sui·
1353 1020 1384 1054 la
1402 1018 1518 1055 Vision
1538 1019 1578 1055 de
1593 1019 1787 1055 Conssaiitin
1813 1021 1870 1054 Pa-

155 1087 198 1120 ris
217 1094 304 1126 1774·
333 1092 375 1115 12.
399 1079 474 1114 mai.
530 1078 634 1124 Atque
655 1073 815 1123 posterior
841 1070 966 1108 Eusebii
997 1074 1216 1106 narrationem
1244 1079 1358 1105 contra
1391 1073 1455 1105 Iac.
1484 1072 1606 1117 Georg.
1630 1072 1667 1105 de
1687 1068 1871 1119 Chnufepi'e',

157 1137 212 1184 qui
235 1137 269 1169 in
290 1133 452 1168 Nouveau
475 1126 665 1163 dici-ionaire
689 1124 799 1160 histor.
824 1135 853 1159 et
876 1125 1010 1171 critique
1030 1132 1111 1158 tom.
1129 1123 1184 1156 iv.
1211 1135 1239 1156 a.
1257 1125 1345 1167 1756.
1368 1120 1424 1157 sub
1446 1135 1516 1158 voc.
1537 1123 1637 1168 Quian
1656 1122 1693 1158 de
1714 1124 1745 1158 Ia
1767 1122 1874 1169 Nauf-

158 1187 229 1221 ville
248 1196 322 1233 pag.
338 1193 375 1226 5-
388 1193 427 1215 ιι.
456 1178 614 1214 visionem
636 1175 726 1211 istam
753 1174 986 1211 miraculorum
1009 1187 1148 1209 nurnero
1167 1175 1308 1208 eximere
1323 1172 1525 1222 potissimum
1542 1173 1758 1216 adlaborauit,
1786 1169 1874 1209 haud

158 1235 245 1272 male
273 1232 404 1284 quidem
424 1228 589 1271 defendit,
616 1240 721 1276 neque
739 1238 850 1262 tamen
868 1224 936 1260 satis
951 1223 1027 1260 fecit
1043 1227 1231 1267 criticorum
1244 1222 1422 1267 desiderio3
1449 1226 1494 1271 (v.
1513 1226 1679 1261 Gattercri
1693 1222 1873 1261 hissoi-isch.

159 1286 300 1322 lournal.
326 1294 407 1319 torn.
423 1283 496 1315 VH.
520 1292 591 1328 pag.
609 1291 674 1324 193.
689 1277 772 1326 sqq.)
827 1280 931 1325 Atque
959 1277 1082 1325 Voismi
1101 1286 1292 1323 argumenta
1316 1285 1347 1310 et
1368 1276 1535 1324 vulgarem
1557 1275 1746 1312 sententiam
1769 1279 1875 1325 impu-

161 1339 272 1387 gnauit
295 1335 411 1381 chley
435 1335 485 1367 in:
514 1333 568 1366 On
590 1333 644 1365 the
669 1328 783 1365 Vision
807 1327 850 1363 of
871 1327 1099 1369 Constantine,
1141 1326 1164 1363 s.
1181 1325 1356 1374 adpendice
1379 1326 1419 1362 ad
1443 1327 1486 1362 G.
1507 1327 1659 1375 Gregory
1672 1327 1810 1372 History
1835 1324 1877 1361 of

160 1393 215 1426 the
237 1385 400 1423 Christian
423 1384 557 1419 Cliurch
573 1380 662 1417 from
679 1383 734 1415 the
752 1378 873 1416 earliest
889 1377 1016 1428 periods
1032 1388 1066 1413 to
1082 1380 1135 1412 tlie
1150 1376 1279 1426 present
1295 1381 1372 1413 time
1383 1405 1392 1418 ‚
1420 1378 1543 1414 11.v011.
1559 1392 1638 1414 nou.
1649 1378 1722 1415 edit.
1734 1376 1876 1414 Londini

162 1451 248 1485 1795.
264 1446 293 1479 8.
307 1439 354 1472 T.
364 1437 385 1472 i.
400 1447 499 1484 12511·
516 1431 583 1481 sqq.
609 1433 638 1466 Is
648 1445 726 1466 vero
739 1430 778 1466 ad
790 1429 820 1465 id
831 1432 977 1466 animum
988 1428 1155 1464 aduertere
1165 1431 1261 1469 iubet,
1275 1427 1488 1464 Eusebiumin
1504 1428 1554 1465 sua
1566 1429 1638 1467 hist.
1648 1428 1755 1466 eccles.
1763 1433 1797 1466 in
1813 1442 1877 1479 qua

163 1491 223 1528 suis
253 1489 354 1525 verbis
381 1486 504 1535 suoque
527 1486 662 1519 nomine
677 1482 850 1530 loquatur,
877 1481 965 1516 illam
981 1479 1103 1516 famam
1121 1480 1160 1516 de
1174 1494 1286 1526 cruce,
1307 1495 1325 1516 a
1339 1479 1557 1517 Constantino
1572 1483 1623 1517 M.
1637 1480 1754 1524 visam,
1780 1481 1877 1531 plane

164 1544 336 1584 omittere3
362 1541 396 1574 in
417 1539 481 1571 vita
505 1546 613 1571 autem
635 1533 839 1569 Constantini
860 1535 973 1567 animo
987 1543 1082 1579 grato
1099 1545 1177 1579 erga
1195 1531 1371 1568 dominum
1388 1542 1419 1567 et
1433 1531 1675 1569 benefactorem
1690 1532 1878 1571 adduflunn

166 1607 202 1628 ea
229 1588 356 1627 dixisse,
383 1601 466 1636 quae
489 1585 568 1621 fides
592 1582 798 1633 permisisset,
819 1594 915 1631 atque
939 1582 1044 1631 ipsum
1065 1581 1235 1630 scripsisse,
1261 1581 1315 1629 ἐκ
1340 1582 1498 1633 ὑμέτερος
1519 1582 1642 1631 λέγῃς,
1679 1583 1765 1624 ἁλλ’
1785 1581 1877 1622 αὐτῇ·

166 1641 276 1684 mim
291 1640 476 1684 βασιλέως.
507 1647 578 1670 turn
594 1637 715 1670 variare
732 1636 951 1670 narrationem
965 1633 1050 1681 apud
1069 1635 1238 1669 auctorem
1254 1633 1295 1669 de
1311 1636 1471 1670 mortibus
1484 1634 1754 1684 persequutorum
1775 1650 1803 1671 c.
1821 1638 1878 1677 46.

166 1695 323 1743 aliosque.
370 1693 445 1738 Ego
466 1700 544 1722 vero
568 1683 768 1734 acquiescam
795 1688 829 1720 in
851 1685 1063 1733 explicatione
1096 1694 1126 1718 et
1149 1684 1269 1719 iudicio
1288 1685 1462 1720 Schroeklzii
1492 1687 1532 1720 V.
1555 1688 1594 1721 C.
1614 1699 1716 1735 quum
1737 1688 1879 1722 maxime

168 1760 207 1782 ex
229 1746 337 1780 omnis
359 1743 429 1777 aeui
452 1738 583 1774 historia
603 1746 728 1785 pateat,
755 1735 999 1777 credulitatem,
1026 1737 1243 1782 ignorantiam
1270 1748 1380 1771 rerum
1401 1735 1596 1772 naturalium
1620 1750 1659 1772 ex
1681 1750 1783 1786 eaque
1807 1750 1881 1773 ena-

168 1808 235 1833 tam
256 1792 515 1844 superstitionem
527 1816 537 1831 ,
564 1799 595 1824 et
611 1790 771 1830 animum,
795 1785 881 1822 falsis
900 1786 1108 1834 opinionibus
1124 1796 1331 1834 occupatum,
1353 1788 1470 1823 multas
1487 1787 1632 1835 genuiffe
1650 1786 1772 1824 fabulas
1790 1799 1819 1824 et
1834 1790 1882 1823 inss

168 1847 259 1885 solita
281 1845 365 1880 coeli
388 1845 617 1891 phaenomena
641 1838 782 1874 habuisse
804 1847 971 1887 portenta,
1011 1850 1154 1885 quorum
1184 1835 1272 1872 fama
1301 1837 1409 1874 eundo
1441 1841 1561 1882 creuit,
1602 1849 1635 1875 et
1660 1842 1742 1877 mire
1765 1839 1811 1875 est
1831 1833 1883 1876 va-

169 1902 256 1935 riata.
307 1897 376 1932 Pari
399 1892 503 1929 modo
524 1890 564 1926 de
586 1903 698 1932 cruce,
731 1889 878 1925 Helenae
902 1887 1045 1936 auspiciis
1071 1891 1201 1924 inuenta
1223 1898 1255 1923 et
1282 1888 1322 1924 de
1345 1888 1508 1940 stupendis
1530 1888 1706 1940 operibus,
1735 1893 1802 1926 eius
1821 1893 1884 1926 vir-

171 1959 239 1986 tute
263 1958 293 1983 et
315 1946 468 1983 contactu
487 1944 633 1992 patratiS,
658 1940 760 1977 multa
777 1939 885 1990 lepida
910 1949 941 1975 et
965 1938 1110 1975 fabulosa
1127 1937 1199 1975 sunt
1216 1943 1412 1990 excogitata,
1438 1941 1551 1977 tradita
1569 1952 1600 1978 et
1625 1941 1740 1978 sentim
1751 1940 1882 1977 senfim·

172 2013 234 2050 que
257 1996 462 2046 amplificata.
487 2008 516 2029 v.
545 1993 598 2029 W
595 1992 718 2040 offeli'ng
741 1991 780 2027 ad
798 1995 938 2030 itinerar.
959 1989 1301 2035 Hierosolymitanum
1317 2005 1391 2041 pag.
1408 2004 1482 2038 593.
1502 1990 1548 2041 sq.
1565 2004 1710 2029 veterum
1728 2004 1886 2028 romano.

172 2064 246 2089 rum
277 2050 534 2085 itinerariorum,
568 2043 907 2087 Amstelodaini1735.
931 2054 960 2086 4.
994 2063 1045 2070 —
1094 2042 1227 2077 Fabricii
1250 2056 1328 2078 vero
1351 2042 1466 2093 disput.
1492 2046 1575 2091 typis
1604 2042 1784 2081 liicirecudi
1808 2042 1884 2085 feci,

174 2104 349 2151 quoniam,
376 2096 508 2150 ablaliis
529 2094 569 2132 ad
590 2095 681 2135 illam
705 2104 737 2131 et
754 2093 794 2130 ad
814 2096 850 2133 B.
866 2096 924 2130 Gr.
946 2092 1133 2144 frequenter
1153 2104 1374 2144 prouocatum
1402 2092 1486 2139 effe,
1511 2094 1576 2134 seio
1597 2106 1628 2133 et
1648 2094 1885 2142 animaduerto.

174 2155 272 2188 Harl.

1692 2349 1892 2387 Exercitatio
