2049 2720
75 153 196 182 v01.111.
207 160 232 185 Ρ.
243 156 296 185 324
613 150 766 185 DIONIS
800 149 937 185 CASSII
967 149 1259 186 FRAGMENTA
1357 150 1427 185 Lib.
1442 149 1513 187 IV.
1526 162 1550 184 c.
1566 147 1657 183 XII.
1744 158 1800 191 143

76 260 140 298 qne
161 258 286 281 nomen
306 243 511 292 praefixerat.
569 241 622 278 Isti
648 245 746 291 igitur
765 245 918 280 homines
938 242 1078 286 librarii,
1120 255 1190 278 non
1212 241 1405 278 collectores
1430 243 1621 292 eclogarum
1644 239 1792 284 fuerant3

74 301 227 336 homines
249 295 394 344 alioquin
418 292 589 343 ignobiles.
655 296 746 330 Hinc
768 295 913 344 intelligi·
929 294 1033 343 potest
1053 291 1179 337 caussa,
1217 307 1273 330 cur
1301 296 1478 343 antiquiori
1508 293 1613 331 codici
1635 294 1791 329 Bauarico

75 351 197 387 nullius
221 361 346 385 nomen
366 346 404 382 fit
423 344 630 394 adscriptum.
659 347 774 392 Harl]

178 434 234 468 XI.
267 431 340 467 Alia
360 441 511 478 excerpta
537 443 555 465 e
576 429 737 479 prioribus
762 429 852 466 libris
868 430 1016 466 XXXW.
1038 426 1120 465 iuss'u
1143 428 1364 470 Constant-ini,
1393 428 1688 478 Porphyrogeniti‚
1716 439 1795 462 con-

75 483 175 527 ἶεᾶει,
197 496 309 533 graece
327 496 405 517 cum
420 484 505 517 notis
521 481 620 517 edidit
635 483 775 517 Fuluius
792 483 930 531 Vrsinus
945 485 1029 517 inter
1042 492 1193 530 excerpta
1206 480 1245 516 de
1261 480 1499 529 legationibuS,
1523 480 1693 526 Antw'erp.
1708 484 1795 522 1582.

78 549 113 581 4.
139 549 254 584 graece
276 544 308 570 et
328 533 425 569 latine
449 547 526 569 curn
550 532 695 569 versione
723 532 778 569 sua
799 535 901 569 Dioni
928 531 1060 569 subiecit
1082 535 1131 568 Io.
1148 533 1360 568 Lcumlauius
1382 545 1454 580 pag.
1471 543 1584 576 919—
1598 542 1665 575 932.
1695 530 1741 575 [et
1761 531 1795 565 in

76 587 226 623 verfione
241 583 308 628 sua,
336 584 436 620 latine
450 594 577 620 tantum
596 583 691 628 edita,
718 583 869 621 Francos.
885 597 970 630 1592.
988 591 1016 626 8.
1031 597 1107 634 pag.
1127 584 1338 630 931—995.]
1391 584 1500 618 Altera
1518 591 1665 630 excerpta
1683 593 1797 628 quam-

74 638 219 690 plurima
235 651 275 673 ex
289 637 447 686 prioribus
462 647 493 672 et
508 636 736 685 posterioribus
755 640 852 685 petita
864 636 951 672 libris
972 646 1003 671 et
1024 635 1171 671 eiusdem
1186 635 1389 671 Constantini
1412 631 1558 683 auspiciis
1579 631 1694 668 selec‘la
1717 644 1796 666 cum

75 689 223 727 verfione
245 700 276 726 et
299 691 389 724 notis
407 686 468 723 suis
497 687 598 723 edidit
619 689 724 723 Hmr.
743 687 888 737 Valesius
912 691 946 723 in
975 690 1131 736 excerptis
1160 686 1364 723 Peirescianis
1396 684 1436 721 de
1464 685 1632 721 virtutibus
1659 696 1690 719 et
1713 685 1796 718 vitiis

2 756 8 766 ¹
73 739 172 779 Paris.
189 744 277 785 1634.
299 754 332 785 4.
360 752 437 789 pag.
453 742 659 786 569—769.
721 742 780 776 His
810 739 1009 777 doetissimus
1037 740 1144 775 editor
1167 752 1240 787 pag.
1257 751 1331 782 770.
1358 739 1446 773 varia
1467 735 1652 785 fragmenta
1674 735 1794 770 Dionis

75 806 95 830 e
115 791 271 841 glossario
291 793 389 827 veteri
412 795 568 832 nomim,
595 790 709 830 Suida,
736 793 883 838 Zonam,
908 790 1082 834 Cedreno,
1111 791 1240 825 Tzetza
1261 792 1296 825 in
1319 790 1578 838 Lycophronem
1599 797 1630 823 et
1649 788 1797 821 Tzetzae

76 843 266 880 chiliadibus
289 856 306 878 a
328 841 360 879 se
380 843 517 878 collecta
539 856 655 891 graece
677 840 849 891 subiungit.
900 842 1073 878 Nonnulla
1093 853 1320 891 excerptorum
1344 855 1363 876 a
1383 839 1512 876 Valesio
1538 839 1702 875 editorum
1724 837 1799 872 loca

75 894 213 933 illustrat
238 896 372 930 Iacobus
389 895 568 929 Palma-ius
590 897 624 929 in
653 895 933 930 exercitationibus
966 893 1005 929 ad
1036 896 1182 942 optimos
1211 895 1359 929 auctores
1390 904 1533 940 graecos.
1562 893 1688 926 szbric.
1748 889 1802 924 De

76 959 211 997 vtraque
233 946 429 982 collecstione
449 955 480 981 et
501 945 605 981 Vrsini
626 955 658 982 et
679 944 814 990 Valefii,
840 945 904 982 vid.
922 945 1177 993 Schweighc'izfir
1201 944 1241 980 ad
1260 944 1435 988 Polybium
1460 940 1559 991 praef.
1580 953 1661 977 tom.
1677 942 1700 975 Ι.
1724 952 1801 988 pag.

76 999 135 1035 IX.
150 1009 180 1035 et
198 999 268 1033 XII.
287 1008 317 1032 et
330 998 437 1032 xviii
455 995 501 1045 sq.
533 1008 629 1046 atque
652 1008 735 1032 tom.
750 999 789 1032 ΙΙ.
816 1010 889 1045 pag.
908 1000 985 1032 XVI
1002 995 1068 1045 sqq.
1104 1010 1140 1031 ac
1161 1009 1236 1044 pag.
1254 997 1375 1029 XXVII
1394 993 1461 1043 sqq.
1490 1007 1551 1028 nec
1572 1007 1641 1028 non
1656 994 1798 1027 Reimar.

76 1048 180 1099 praef.
195 1048 233 1084 ad
252 1047 395 1084 Cassium
415 1050 516 1083 Dion.
534 1048 597 1087 vol,
614 1049 638 1084 Ι.
662 1062 734 1097 pag.
754 1050 827 1083 XIV
844 1047 887 1096 sq.
913 1049 942 1096 ᾗ.
959 1056 978 1088 8
995 1059 1025 1083 et
1040 1062 1070 1093 9.
1098 1058 1195 1096 atque
1217 1046 1282 1081 vol.
1298 1047 1336 1082 11.
1360 1049 1395 1080 in
1411 1046 1653 1080 commentario
1669 1058 1700 1092 p.
1717 1055 1798 1088 1543·

24 1142 27 1145 K
77 1101 169 1137 Idem
186 1103 325 1136 Reimar.
341 1098 448 1134 Vrfini
468 1110 621 1148 excerpta
644 1103 795 1147 priorum
815 1111 854 1142 34
867 1101 984 1134 Dionis
1009 1100 1167 1134 librorum
1192 1101 1226 1132 in
1246 1096 1303 1132 sua
1326 1097 1468 1132 editione
1487 1096 1576 1131 dedit
1597 1094 1662 1131 vol.
1682 1097 1705 1129 Ι.
1724 1106 1798 1141 pag.

76 1161 230 1200 58—75.
258 1164 335 1186 cum
356 1149 463 1185 Vrfini
480 1149 764 1193 adnotationibus3
791 1151 996 1199 reliquorum
1021 1148 1081 1184 suis
1104 1147 1238 1184 inseruit
1259 1149 1352 1184 loeis.
1405 1146 1601 1184 Peiresciana
1616 1155 1726 1181 autem
1745 1158 1799 1180 ex-

79 1215 206 1252 cerpta,
233 1216 315 1250 quae
334 1200 374 1236 ad
390 1201 489 1236 libros
506 1203 629 1250 priores
647 1214 683 1246 34
701 1204 880 1249 pertinent,
903 1200 1044 1237 reddidit
1060 1200 1127 1236 vol.
1144 1201 1168 1235 I.
1186 1212 1260 1249 pag.
1280 1212 1407 1242 1—57.
1431 1198 1577 1234 subiec'lis
1601 1198 1717 1246 vbique
1736 1199 1800 1231 Va.

77 1255 145 1293 lefii
169 1253 324 1290 adnotatt.
348 1266 429 1302 quae
452 1263 561 1288 autem
580 1252 620 1288 ad
643 1253 741 1288 libros
767 1253 959 1300 posteriores
983 1251 1146 1300 speetant,
1171 1249 1232 1286 suis
1253 1263 1398 1299 quaeque
1422 1250 1502 1285 locis
1518 1248 1657 1284 inseruit.
1686 1267 1735 1274 —-
1761 1249 1800 1282 In

77 1309 146 1344 Iac.
164 1307 321 1342 Gronouii
342 1302 576 1354 supplementis
600 1304 791 1340 lacunarum
810 1309 844 1349 in
868 1310 976 1341 Aenea
996 1305 1156 1345 Taetico,
1183 1303 1292 1338 Dione
1310 1302 1407 1346 Caffio
1428 1311 1459 1337 et
1482 1304 1622 1337 Arriano
1647 1297 1686 1334 de
1705 1311 1803 1346 expe·

79 1358 203 1396 ditione
227 1355 420 1398 Alexandri,
446 1356 550 1405 Lugd.
568 1358 633 1391 Bat.
657 1359 741 1402 1675.
759 1365 792 1398 8.
818 1356 955 1406 plurimi
977 1358 1094 1393 Dionis
1118 1357 1223 1391 hiatus
1248 1352 1385 1389 feliciter
1408 1353 1526 1402 expleti
1550 1352 1704 1401 leguntur
1727 1361 1801 1398 pag.

77 1422 252 1455 41—159.
280 1408 425 1458 plerique
446 1421 486 1443 ex
512 1407 584 1444 cod.
607 1409 756 1444 mediceo
779 1410 1053 1454 membranaceo,
1080 1406 1120 1444 ad
1144 1407 1217 1443 libri
1233 1407 1270 1442 L.
1297 1407 1414 1442 Dionis
1435 1407 1565 1441 initium
1588 1405 1802 1453 pertinentes:

78 1464 184 1499 Pauca
205 1458 367 1510 quaedam
390 1458 497 1495 addita
518 1457 591 1496 sunt
613 1474 651 1495 ex
673 1461 775 1497 altero
801 1459 873 1498 cod'.
898 1460 1018 1497 medie.
1035 1462 1216 1495 chartaceo.

180 1529 279 1564 Noua
300 1537 522 1563 extremorum
539 1528 597 1563 111.
612 1527 774 1563 librorum
793 1526 1021 1577 supplementa
1042 1524 1191 1576 reperisse
1215 1525 1270 1561 fibi
1290 1523 1372 1562 visus
1394 1524 1439 1560 est
1455 1524 1607 1559 Nic-olaus
1622 1521 1802 1559 Carminius

79 1581 192 1621 Falco,
218 1590 390 1628 prespyter
412 1577 580 1628 quondam
602 1589 633 1614 et
653 1581 679 1616 1.
693 1581 733 1616 V.
755 1593 793 1615 ac
813 1581 1001 1628 theologiae
1024 1577 1162 1621 domitor,
1194 1588 1226 1614 et
1247 1576 1461 1626 metropolita
1486 1573 1637 1610 ecclesiae
1658 1575 1689 1609 S.
1707 1574 1802 1608 Seue-

79 1635 171 1669 rinae
195 1633 230 1666 in
249 1633 362 1666 Brutiis
385 1630 600 1667 vlterioribus.
652 1632 681 1666 Is
708 1634 818 1673 enim,
843 1630 988 1668 resumto
1011 1629 1119 1666 Vrfini
1143 1629 1275 1676 codice,
1301 1632 1336 1664 in
1359 1631 1548 1664 Vaticanam
1570 1626 1802 1661 bibliothecam

80 1682 211 1725 delato,
236 1695 314 1718 cum
337 1691 440 1718 cetera
462 1681 568 1718 rursus
586 1681 706 1726 edidit,
732 1693 804 1719 turn
826 1682 1016 1720 dimidiatos
1037 1682 1143 1718 cultro
1168 1679 1291 1722 versus,
1318 1678 1446 1717 sensum
1470 1679 1522 1715 vel
1543 1674 1728 1726 suspensum
1749 1672 1801 1709 vel

81 1734 212 1772 nullum
240 1735 476 1782 relinquentes,
516 1747 600 1784 quos
629 1737 771 1770 omnino
801 1738 1010 1785 praeterierat
1031 1733 1184 1777 Vrfinus,
1217 1735 1338 1782 partim
1363 1731 1538 1781 explicuit,
1571 1731 1693 1778 partim
1717 1735 1804 1762 certe

81 1785 238 1824 laceratos
261 1786 425 1827 exhibuit,
452 1784 506 1820 sub
530 1786 644 1822 titulo:

171 1861 318 1892 *Koma-18
345 1873 393 1880 —
421 1853 512 1899 Caffii
528 1854 646 1889 Diom's
669 1866 828 1890 romanae
850 1853 1010 1890 historiae
1024 1852 1130 1889 vltimi
1149 1852 1221 1889 libri
1240 1862 1319 1893 tres,
1339 1852 1458 1902 reperti
1480 1848 1676 1896 restitutique
1697 1842 1802 1880 studio

83 1919 122 1942 ac
145 1904 257 1941 labore
278 1906 352 1940 Nic.
367 1904 473 1940 Carm.
493 1905 644 1941 Falconii.
678 1926 730 1932 —
761 1907 890 1940 Romae
913 1918 1002 1950 1724.
1027 1918 1058 1949 4.
1082 1919 1160 1941 cum
1185 1903 1342 1940 adnotatt.
1401 1906 1445 1938 At
1467 1903 1556 1936 enim
1576 1897 1659 1934 nihil
1680 1894 1803 1931 renitu-

30 1998 37 2004 κ
83 1966 156 1992 tum
180 1958 234 1991 hie
256 1956 444 1996 exhibetur,
477 1955 566 2004 quod
589 1969 658 1992 non
680 1956 731 1991 vel
756 1955 891 1991 Vrfinus
912 1960 977 1992 iam
997 1955 1168 2001 vulgaffet,
1201 1954 1253 1991 vel
1276 1952 1364 2001 apud
1385 1952 1592 2000 Xiphilinum
1617 1958 1672 1984 aut
1695 1949 1727 1982 in
1751 1957 1804 1981 ex-

84 2010 200 2057 cerptis
223 2004 446 2047 PeisesCfafllss
488 2007 540 2041 vel
562 2009 596 2041 in
619 2006 741 2055 eclogis
761 2007 964 2054 legationum
988 2006 1188 2055 produtfffflm
1214 2009 1247 2041 in
1273 2005 1383 2041 lucem
1407 2000 1599 2052 legissemus.
1664 1998 1804 2045 Reliqua

82 2057 157 2097 sunt
181 2058 286 2094 adhuc
309 2055 426 2105 scopae
449 2055 639 2098 dissolutae,
668 2067 701 2093 vt
724 2060 767 2093 ait
786 2060 922 2094 Reimar.
938 2061 972 2093 in
989 2056 1090 2107 praef.
1111 2056 1151 2093 ad
1173 2057 1238 2095 vol.
1255 2058 1280 2092 Ι.
1302 2057 1333 2103 §.
1349 2070 1380 2102 9.
1406 2058 1461 2105 qui
1479 2065 1588 2090 tamen
1605 2048 1802 2087 laudandam

85 2108 147 2147 effe
167 2107 273 2145 censet
293 2109 442 2144 Falconis
469 2107 690 2157 diligentiam,
723 2106 878 2159 quatenus
902 2123 1038 2153 eorum,
1061 2123 1142 2158 quae
1162 2112 1228 2145 iam
1249 2109 1465 2149 habebamus,
1492 2107 1649 2142 ledtiones
1674 2114 1713 2137 ex
1740 2102 1804 2135 Va·

16 2198 19 2201 ,
82 2165 193 2199 ticano
215 2160 276 2196 isto
292 2160 405 2196 codice
423 2158 476 2195 seu
492 2159 725 2203 confirmasset,
746 2159 800 2196 seu
819 2159 1036 2202 emendasset,
1059 2160 1212 2210 idemque
1229 2157 1431 2201 ostendisset,
1458 2161 1511 2207 qui
1529 2168 1560 2192 et
1575 2155 1682 2204 quanti
1699 2153 1804 2188 hiatu:

84 2217 169 2251 inter
189 2211 315 2261 singula
337 2211 548 2248 intercedant.
574 2233 625 2240 --
651 2211 740 2247 conf.
757 2214 829 2249 Aet.
844 2212 957 2248 erudit.
978 2215 1065 2256 1726.
1088 2226 1163 2262 pag.
1179 2223 1246 2258 435.
1272 2231 1323 2238 —
1349 2210 1442 2246 Idem
1458 2212 1556 2245 Falco
1571 2205 1643 2255 post
1664 2204 1805 2250 longum

86 2269 243 2314 temporis
259 2262 397 2313 spatium
417 2261 514 2298 edidit
530 2266 674 2298 Dionem
691 2263 779 2311 quasi
803 2263 984 2299 restitutum
1005 2274 1038 2298 et
1062 2274 1232 2311 tamquam
1254 2274 1382 2297 nouum
1404 2264 1576 2297 inuentum
1599 2269 1676 2292 cum
1697 2255 1803 2293 doe‘lis

87 2315 218 2366 quidem
241 2315 507 2363 prolegomenis3
535 2325 566 2350 at
589 2314 719 2350 iniustus
740 2316 774 2349 in
795 2315 961 2357 Dionem,
993 2327 1093 2364 quern
1118 2312 1227 2350 furem
1248 2313 1461 2354 litterarium,
1487 2315 1542 2362 qui
1567 2314 1710 2358 integros
1729 2311 1803 2348 Plu-

85 2370 189 2404 tarchi
209 2367 306 2403 libros
329 2363 555 2414 exscripiiffet‚
585 2365 808 2416 atromcalculo
831 2369 970 2404 notauit.
1032 2363 1205 2416 Inscriptio
1226 2368 1351 2415 operis,
1383 2368 1470 2401 cuius
1491 2366 1582 2414 'prior
1601 2371 1730 2410 tantum
1753 2373 1803 2400 to·

88 2431 162 2457 mus
182 2417 322 2468 prodiit,
346 2419 428 2465 haee
448 2417 513 2455 est:
960 2415 971 2418 ”
1206 2411 1222 2419 “’

1725 2473 1808 2508 itum
