2013 2725
195 162 250 199 154
353 148 505 186 βων.
521 161 543 183 e.
558 148 667 184 Xm.
900 147 1201 185 PLvTARchs
1593 151 1716 177 vorm.
1736 128 1924 196 pazorffl'
1955 156 1958 160 ¹

197 248 315 282 monio
338 245 387 279 ’.Ἀρ
537 259 554 273 υ
657 246 744 277 hunt,
771 245 842 276 onia
860 242 915 287 ff]
933 242 1163 279 interciderunt
1179 243 1340 280 Plutarchi
1364 244 1468 279 multa
1491 253 1521 279 et
1540 246 1571 279 iu
1595 246 1641 278 his
1658 244 1755 287 liber,
1782 247 1834 280 cui
1851 255 1917 280 erat

704 329 712 332 ,
740 292 783 339 μ’,
802 290 897 337 ηδΪ-’ως
920 296 964 340 τῇ
986 298 1093 347 κακίᾳ
1115 297 1261 344 συνεῖἱναΙ.
1311 298 1364 331 De
1389 297 1560 331 Plutarcho
1583 294 1671 344 ipso,
1702 310 1782 345 quae
1801 299 1833 331 in
1849 295 1920 331 scri-

198 352 261 399 ptis
287 351 352 384 cius
378 347 419 392 l'u¹
435 353 588 383 ertlntibus
612 358 718 397 potuit
744 346 913 394 indagare,
940 361 1009 382 uon
1030 348 1237 396 indiligenter
1260 348 1395 396 collegit
1415 349 1552 382 Ioannes
1575 349 1716 382 serraldus
1739 350 1770 382 iu
1792 348 1919 383 erudito
1962 387 1967 395 J

197 402 283 438 libro
310 400 350 436 de
375 401 535 436 Plutarchi
563 402 648 440 vita,
687 411 769 447 quae
799 397 959 434 Parilienli
986 399 1080 434 huius
1109 412 1247 448 operum
1277 399 1410 435 editioni
1439 414 1467 436 a.
1484 404 1569 443 1624.
1586 397 1646 435 fol.
1673 399 1807 447 adiungi
1829 397 1917 435 solet.

199 451 341 488 Videndi
378 461 539 500 praeterea
566 453 735 486 Martinus
761 451 926 485 Hamkius
958 451 1042 487 libro
1071 462 1209 500 vtroque
1237 452 1277 487 de
1311 455 1539 487 Romanarum
1571 464 1680 486 rerum
1713 449 1920 498 scriptoribus

201 517 271 552 cap.
290 516 333 539 12.
374 504 493 538 Decius
516 503 608 538 Cclcr
630 502 714 538 libro
740 500 867 550 devita
890 502 1070 546 Plutarchi,
1104 505 1213 539 Patau.
1242 509 1326 548 15¹7-
1348 513 1377 545 8.
1407 514 1437 538 et
1457 505 1593 538 Ioannes
1610 503 1732 553 lansius
1750 504 1803 537 lll.
1821 505 1851 537 6.
1881 501 1922 537 de

199 553 409 604 scriptoribus
424 555 495 590 hist.
513 552 761 603 philosophicae
777 557 826 602 [p.
845 567 883 589 22
900 551 967 603 sqq.
984 556 1058 590 edit.
1074 557 1179 591 Dorn.
1206 555 1260 590 vbi
1281 559 1304 590 is
1328 559 1426 591 vitam
1445 555 1604 590 Plutarchi
1626 569 1663 590 ex
1689 553 1782 604 ipsius
1799 551 1921 603 scriptis

201 620 368 655 exponere
392 605 607 655 adgreditur2]
638 606 677 641 V
676 606 766 652 offius
788 610 866 641 item
889 605 972 642 libro
991 609 1029 642 11.
1052 606 1091 642 de
1108 607 1176 642 hist.
1193 610 1316 656 graecis
1332 621 1400 657 cap.
1414 621 1462 644 10.
1490 618 1522 643 et
1543 607 1761 642 Tillemontius
1781 616 1864 641 tom.
1884 605 1923 640 ll.

200 659 273 696 hist.
296 661 532 708 imperatorum
555 671 628 707 pag.
644 669 703 703 475
718 655 764 707 sq.
816 658 955 706 [Qibus
979 657 1078 695 addes
1100 669 1224 707 praeter
1244 659 1430 695 Corfinium
1455 671 1485 694 et
1503 661 1692 705 Dacerium,
1716 661 1781 694 iarn
1797 670 1925 699 memo-

201 721 311 753 τεῖος,
339 713 447 746 Iourn.
469 709 524 746 des
541 712 630 746 Scav.
652 720 733 745 tom.
751 722 808 755 99.
833 722 907 758 pag.
925 722 979 757 ¹¹9
997 708 1064 760 sqq.
1095 721 1125 746 et
1148 721 1229 746 tom.
1245 724 1293 756 71.
1321 724 1394 760 pag.
1414 719 1477 755 484
1493 708 1560 760 sqq.
1590 712 1742 746 Bracker.
1762 711 1796 744 in
1817 707 1931 756 histor(

203 765 314 799 critica
346 759 464 811 philos,
494 772 574 797 tom.
591 764 629 797 Π.
651 775 726 810 pag.
741 769 930 804 178—183.
959 772 990 797 et
1011 762 1179 810 adpendic.
1202 761 1223 798 s.
1246 774 1328 799 tom.
1345 765 1399 801 Vl.
1426 776 1499 812 pag.
1516 775 1703 808 357—359.
1745 758 1925 808 Agatoptst·

205 815 432 856 Cromazian„
459 815 508 858 (h.
523 828 550 849 e.
569 815 767 859 Buoneffcdc)
786 814 820 847 in
836 813 970 848 historia
987 813 1234 863 philosophiae,
1261 815 1367 850 italice
1389 812 1524 864 scripta,
1551 814 1616 852 vol.
1636 816 1690 849 IV.
1716 812 1792 850 edit.
1810 815 1927 848 Venet.

203 874 290 911 ¹783·
309 874 340 906 8.
360 879 430 915 cap.
448 869 496 910 65.
518 878 593 915 pag.
608 868 662 908 316
679 863 748 915 sqq.
769 865 932 914 aliosque,
959 879 1042 915 quos
1057 867 1297 913 Hambcrgerus
1316 877 1346 902 et
1362 868 1478 901 Saxius
1500 865 1530 902 ll.
1558 868 1658 901 citatis
1683 863 1872 907 laudarunt3
1898 872 1928 898 et

206 930 272 966 ego
294 920 327 953 in
355 916 476 953 Introd.
500 919 532 952 in
551 917 621 952 hist.
636 919 670 952 L.
686 919 741 952 Gr.
756 925 836 951 tom.
855 919 891 950 ll.
908 928 988 965 part.
1006 920 1026 953 Ι.
1049 931 1079 966 p.
1099 924 1140 962 98
1155 916 1221 966 sqq.
1241 922 1438 954 memoraui.
1464 918 1574 964 Harlt]
1627 919 1670 952 Vt
1691 918 1843 951 omittam
1864 913 1928 949 edi-

206 979 293 1004 tores
310 968 360 1003 vel
376 971 577 1015 interpretes,
603 966 827 1012 Xylandrum,
855 969 898 1002 H.
914 968 1129 1016 Stephanum,
1150 971 1323 1004 Amiotum
1340 981 1369 1003 et
1385 973 1420 1004 A.
1433 971 1619 1004 Dacerium.
1650 970 1791 1003 Proauus
1808 965 1930 1001 Plutar-

208 1022 260 1056 chi
279 1018 340 1054 fuit
355 1020 534 1054 Nicarchus
551 1017 598 1062 ³),
623 1031 703 1053 auus
717 1020 902 1065 Lamprias:
930 1032 1012 1054 vxor
1025 1021 1231 1059 Timoxena,
1260 1021 1319 1055 filii
1336 1022 1515 1067 Lamprias,
1535 1019 1727 1058 Autobulus,
1742 1018 1932 1054 Plutarchus

209 1082 240 1108 et
255 1073 427 1114 Chaeron,
447 1069 514 1106 siue
535 1071 673 1107 Charon
686 1068 732 1115 ¹),
760 1069 829 1106 filia
843 1071 1038 1107 Timoxena
1061 1083 1091 1108 et
1111 1070 1251 1108 sortaffis
1268 1073 1306 1117 m)
1323 1072 1503 1116 Eurydice,
1531 1074 1595 1112 cui,
1617 1083 1646 1107 ct
1663 1071 1822 1110 Polliano,
1843 1069 1932 1104 illius

1800 1133 1935 1164 marito,

199 299 305 333 titulis
340 300 510 344 ,gl-‘rssfffi
536 315 550 331 :⁴
580 314 597 331 Τ,
625 324 629 327 st

209 1227 327 1257 arianus
341 1227 442 1256 Iunius
458 1225 493 1255 ad
510 1226 673 1266 Eunapium
695 1236 760 1255 cum
776 1228 934 1256 Ammonio
951 1228 1045 1262 Sama,

208 1273 326 1307 integro
349 1269 460 1299 saeculo
484 1270 664 1309 posteriore,
695 1268 770 1298 male
791 1269 980 1306 confudisset,
1004 1270 1046 1299 di-

210 1312 326 1342 versum
355 1311 439 1341 fuisse
469 1312 504 1340 ab
524 1314 701 1346 Ammonio,
743 1314 794 1352 qui
824 1315 1047 1351 cognominatur

208 1353 388 1394 Δαμπριεὺς,
411 1355 487 1389 siue,
508 1362 540 1384 vt
554 1355 661 1384 reulus
677 1357 708 1384 in
725 1353 841 1385 scholiis
865 1356 901 1385 ad
920 1358 1048 1386 Hermo.

209 1408 313 1436 genem
332 1407 395 1438 pag.
412 1406 482 1434 407.
497 1395 661 1436 Λκμπρεῦς,
686 1409 701 1426 e
719 1400 850 1438 Lampris
866 1401 974 1434 Atticae
996 1409 1047 1440 pa-

209 1452 266 1478 go,
289 1448 317 1470 et
338 1439 434 1481 plures
457 1440 517 1479 περί
534 1441 631 1475 βωμῶν
647 1440 694 1477 ’tm‘
710 1441 809 1470 θυσίων
825 1440 934 1477 libros,
957 1453 973 1471 a
997 1453 1048 1472 ve-

208 1485 319 1513 teribus
335 1484 528 1521 grammaticis
543 1482 687 1519 laudatos,
712 1483 892 1524 conscripsit,
911 1484 958 1514 sed
975 1484 1046 1516 Cor-

201 1525 299 1567 finius
321 1529 351 1555 in
373 1528 433 1556 vita
448 1534 501 1555 etc.
523 1536 589 1566 pag.
607 1527 645 1556 VI
662 1526 701 1567 sq.
722 1527 920 1557 demonstrare
941 1527 1047 1558 adniti-

208 1578 274 1604 tur,
310 1580 400 1599 vnum
424 1568 620 1609 eumdemque
643 1568 726 1599 fuisse
745 1572 953 1607 Ammonium,
995 1572 1047 1612 qui

209 1613 247 1641 ab
267 1614 398 1653 Eunapio
421 1611 541 1652 quidem
561 1611 753 1652 Aegyptius,
789 1624 806 1642 a
827 1616 928 1643 ceteris
949 1621 1046 1644 autem

209 1655 402 1695 Lamprenfis
419 1661 556 1687 vocetur;
573 1655 652 1695 quod
668 1654 717 1685 ille
734 1657 763 1684 in
779 1659 910 1696 Aegypto
927 1656 1046 1698 quidem

210 1698 305 1727 editu·
322 1697 430 1729 fuerit3
454 1698 573 1727 Athenis
599 1706 695 1728 tamen
719 1699 817 1728 fixerit
831 1698 922 1735 lares,
946 1700 1046 1741 ibique

210 1743 242 1770 in
266 1739 469 1781 Lamprensem
489 1739 651 1781 populum,
675 1740 809 1782 adeoque
824 1743 1046 1772 Erechtheidem

209 1783 338 1818 tribum,
360 1782 482 1812 adscitus
506 1782 605 1812 fuerit.
649 1783 768 1819 Caussa,
792 1795 844 1813 cur
862 1786 902 1814 ita
924 1785 1047 1820 iudicet,

209 1826 281 1856 haec
298 1827 353 1855 est:
377 1827 445 1866 quia
464 1823 633 1855 Plutarchus
655 1836 716 1855 non
732 1826 824 1856 solum
839 1829 988 1857 Ammonii
1003 1827 1047 1857 sui

209 1869 408 1898 cruditionem
424 1870 454 1898 in
471 1869 660 1908 Symposiacis
675 1868 757 1906 (libr.
774 1871 824 1898 111.
839 1871 945 1910 quaest.
962 1873 997 1905 ι.)
1009 1877 1047 1900 vet

209 1911 281 1942 alibi
297 1911 499 1944 commendet3
523 1910 571 1941 sed
591 1910 686 1952 ipsum
709 1922 828 1952 quoque
850 1913 885 1943 de
909 1912 1046 1947 oraculis,

210 1956 246 1984 de
268 1955 470 1988 diuinatione,
499 1953 534 1983 de
554 1953 640 1983 sacris
659 1955 785 1991 ritibus,
827 1955 863 1984 dc
883 1954 979 1990 ludis⁷
1010 1955 1047 1985 de

209 1998 333 2031 Bacchi,
357 1998 539 2037 deorumque
560 1997 730 2027 nominibus
744 2000 774 2028 in
790 1998 979 2038 Symposiacis
1001 2000 1045 2039 ip-

209 2042 262 2076 ἧς,
285 2039 352 2078 (lib.
368 2042 415 2069 IX.
433 2041 540 2080 quaest.
560 2042 613 2076 ις.)
636 2041 667 2069 in
690 2039 767 2070 libro
790 2040 825 2070 de
842 2041 957 2071 defectu
980 2051 1045 2071 ora-

210 2083 344 2113 culorum
358 2090 385 2112 et
401 2082 477 2112 libro
494 2083 529 2112 de
542 2083 577 2112 Et
593 2081 775 2112 disserentem
793 2083 918 2113 inducat.
947 2088 1046 2122 Qare

210 2126 288 2156 haud
304 2125 495 2155 dubitandum
512 2124 568 2154 effe
590 2125 733 2155 existimat
752 2127 916 2162 Cornutus,
942 2138 1045 2168 opera,

211 2179 286 2210 quae
308 2169 344 2198 ab
368 2170 525 2197 Ammonio
546 2169 712 2208 Lamprcnsi
734 2169 810 2199 edita
831 2178 1047 2206 memorantur,

210 2210 291 2253 posse
307 2213 479 2243 Ammonio,
501 2210 645 2239 Plutarchi
660 2213 808 2249 magistro,
830 2212 963 2243 adscribi.
989 2215 1046 2242 Im-

212 2265 262 2285 mo
279 2263 351 2283 vero
373 2250 525 2293 probabile
541 2251 592 2291 ipsi
615 2250 751 2286 videtur,
775 2254 960 2281 Plutarchum
981 2255 1046 2282 sub-

211 2298 341 2328 tiliorem
361 2297 559 2335 aegyptiarum
580 2303 699 2328 rerum,
724 2293 885 2329 sacrorum,
910 2294 1046 2330 deorum,

212 2343 380 2379 rituumque
394 2340 610 2375 cognitionem,
634 2347 721 2377 quam
739 2336 787 2367 ille
804 2339 833 2366 in
853 2337 929 2367 libro
945 2339 980 2367 de
994 2338 1047 2374 Isi-

212 2384 248 2414 a'c
265 2388 356 2423 atque
378 2380 493 2423 Osiridis
507 2379 640 2420 exposuit
655 2380 802 2410 vberrime
813 2403 820 2415 ,
847 2391 880 2410 cx
896 2376 1046 2411 Animonii

214 2427 317 2468 ipsius,
343 2426 477 2466 Aegyptii
500 2426 616 2466 virique
640 2422 804 2465 doctissimi,
824 2423 954 2455 fontibus
973 2426 1046 2458 hau-

1099 1225 1178 1261 sisse,
1203 1227 1336 1267 quamuis
1351 1226 1520 1256 Plutarchus
1544 1225 1604 1267 ipsc
1624 1224 1652 1255 se
1669 1228 1830 1266 Aegyptum
1855 1225 1931 1254 inui-

1099 1269 1159 1299 fiss'e
1175 1269 1267 1305 dicat,
1292 1270 1480 1310 (Sympofiac.
1494 1269 1562 1300 libr.
1581 1272 1616 1299 V.
1632 1270 1738 1310 quaest.
1755 1272 1792 1303 5.)
1816 1277 1851 1297 ex
1872 1277 1932 1307 quo

1100 1312 1178 1342 idem
1196 1312 1346 1354 Coofinius
1367 1312 1474 1342 refutat
1488 1312 1673 1347 Dacerium,
1696 1314 1726 1341 in
1749 1313 1810 1341 vita
1825 1309 1933 1340 Plutar-

1099 1357 1166 1390 chi,
1189 1357 1237 1394 (in
1262 1364 1332 1385 tom.
1351 1358 1386 1385 V.
1409 1356 1548 1385 versionis
1570 1354 1690 1393 gallicae
1713 1355 1838 1383 vitarum
1863 1353 1933 1388 etc.)

1099 1407 1252 1437 negantem
1264 1422 1272 1434 ‚
1299 1397 1485 1428 Plutarchum
1501 1397 1585 1428 fuisse
1605 1400 1636 1428 in
1651 1400 1795 1437 Aegypto.
1819 1395 1913 1426 Harl.

1142 1441 1172 1476 k)
1196 1443 1263 1470 Eius
1280 1443 1414 1470 meminit
1430 1440 1618 1471 Plutarchus
1633 1442 1663 1470 in
1681 1441 1808 1470 Antonio
1823 1450 1851 1480 p.
1868 1444 1933 1473 848.

1099 1483 1185 1513 Illum
1209 1486 1316 1522 igitur,
1354 1495 1516 1525 proauum,
1540 1485 1663 1514 afflatae
1692 1483 1835 1513 victoriae
1861 1488 1934 1512 tcm-

1099 1527 1238 1569 poribus,
1262 1528 1291 1557 h.
1311 1538 1335 1556 e.
1349 1531 1380 1557 A.
1397 1531 1434 1558 V.
1448 1529 1481 1557 C.
1499 1535 1563 1565 723.
1582 1526 1678 1556 adhuc
1700 1524 1785 1555 fuisse
1801 1524 1934 1565 supersti-

1098 1578 1177 1607 tem,
1207 1569 1373 1606 concludit,
1403 1578 1450 1606 et,
1477 1577 1590 1611 patrem
1610 1569 1776 1604 Plutarchi,
1811 1568 1849 1598 ab
1876 1578 1934 1597 auo

1098 1613 1162 1649 suo,
1187 1615 1274 1643 etiam
1294 1613 1441 1644 Nicarchi
1456 1624 1561 1642 nomen
1577 1613 1704 1642 inditum
1718 1609 1854 1652 accepisse
1869 1621 1934 1640 mo-

1099 1666 1132 1686 re
1155 1658 1353 1691 Graecorum,
1375 1656 1534 1697 suspicatur
1554 1655 1706 1698 Corfinius
1725 1656 1756 1685 in
1779 1656 1840 1684 vita
1860 1652 1934 1684 Plut.

1121 1710 1164 1737 ag.
1180 1709 1208 1728 2.
1233 1698 1324 1729 Harl.

1099 1710 1118 1741 p
1143 1743 1169 1781 l)
1192 1742 1297 1772 Filium
1313 1742 1466 1771 Chaerona
1488 1742 1655 1771 Bruckerus
1674 1739 1791 1776 omisit,
1814 1747 1842 1769 et
1858 1736 1937 1770 Suht

1100 1785 1131 1813 in
1152 1795 1257 1814 comm.
1279 1784 1364 1825 supra
1391 1786 1426 1813 El
1448 1787 1480 1813 in
1501 1782 1647 1823 Apollinis
1665 1782 1795 1823 templo,
1823 1793 1890 1823 pag.
1905 1790 1935 1819 7.

1099 1833 1161 1857 not.
1179 1838 1221 1856 10.
1245 1826 1412 1867 suspicatur,
1438 1837 1558 1861 nomen,
1582 1824 1731 1859 Chaeron,
1752 1825 1935 1855 decurtatum

1098 1869 1250 1911 respexisse
1265 1872 1388 1910 patriam
1400 1892 1409 1905 ,
1434 1868 1648 1900 Chaeroneam.
1673 1867 1766 1898 Harl.

1142 1917 1188 1950 m)
1213 1913 1288 1942 Vide
1305 1911 1433 1952 lensium
1449 1923 1513 1952 pag.
1532 1917 1589 1946 238-
1604 1910 1689 1945 licet,
1713 1911 1768 1939 hoc
1785 1909 1861 1940 vnde
1875 1909 1935 1940 col·
1980 1942 1991 1950 y,

1098 1953 1204 1993 legerit
1219 1954 1286 1988 ille,
1315 1955 1424 1984 nescire
1444 1955 1471 1984 se
1492 1954 1619 1984 fateatur
1633 1948 1802 1994 Menagius
1821 1954 1853 1982 in
1869 1953 1935 1983 hist.

1100 1997 1258 2027 mulierum
1280 1997 1480 2039 philosophar.
1502 2008 1565 2038 pag.
1584 2006 1624 2032 ¹9·

1099 2041 1177 2070 haud
1208 2040 1263 2070 effe
1288 2040 1474 2071 verisimilem
1498 2041 1585 2069 Ionsii
1615 2039 1832 2071 coniecturam
1855 2049 1936 2074 ,nam

1099 2095 1165 2114 cum
1187 2083 1419 2113 consolationem
1448 2084 1484 2113 ad
1512 2093 1635 2112 vxoreiu
1662 2081 1798 2111 scriberet
1823 2080 1934 2111 Plutar-

1100 2128 1188 2162 chus,
1224 2134 1336 2156 tantum
1358 2134 1485 2166 quatuor
1505 2125 1581 2155 filios
1609 2124 1787 2164 susceperat,
1823 2123 1935 2154 nullam

1100 2169 1201 2204 filiam,
1218 2169 1269 2198 nisi
1286 2179 1371 2198 vuam
1389 2168 1542 2204 bimulam,
1566 2169 1645 2197 cuius
1661 2173 1787 2197 mortem
1802 2167 1844 2196 ibi
1860 2165 1935 2196 sola-

1100 2220 1165 2248 tur,
1189 2213 1408 2246 Timoxenam,
1432 2213 1517 2241 matri
1534 2212 1748 2246 cognominem.
1793 2211 1936 2250 Oportuit

1100 2257 1191 2290 igitur
1220 2265 1236 2280 a
1268 2255 1372 2292 scripta
1401 2252 1453 2281 hac
1483 2251 1680 2281 consolatione
1708 2251 1744 2281 ad
1769 2252 1935 2290 coniugalia

1101 2303 1252 2335 praecepta
1278 2294 1459 2324 interceffiffe
1481 2295 1603 2335 spatium
1629 2296 1734 2331 viginti
1750 2294 1814 2335 plus
1836 2297 1934 2335 minus

1101 2348 1256 2373 annorum,
1281 2338 1299 2366 si
1315 2337 1476 2372 Eurydicen
1495 2338 1638 2367 Plutarchi
1654 2336 1743 2366 filiam
1760 2337 1814 2367 effe
1830 2339 1934 2368 flama-
1984 2336 1987 2337 ⁷

1100 2391 1172 2412 nius.
1196 2381 1318 2411 Fabi-ic.
1355 2397 1395 2404 ——
1434 2384 1543 2421 Neque
1559 2382 1643 2410 Ionsii
1660 2383 1795 2420 opinioni
1813 2380 1933 2411 subscri-

1099 2425 1172 2455 bunt
1195 2424 1335 2455 Dornizts
1355 2426 1387 2456 in
1409 2433 1469 2456 not.
1498 2424 1534 2455 ad
1559 2423 1636 2454 lons.
1657 2431 1731 2464 part.
1747 2425 1783 2455 11.
1804 2434 1934 2508 pggffiff’

1684 1998 1718 2025 Et
1742 1995 1807 2025 sane
1827 1995 1935 2031 fateor,
1986 2015 1997 2025 .
