2049 2720
557 130 692 168 SEXTI
725 129 931 167 EMPnucx
964 128 1105 166 CODD.
1135 129 1278 166 MSSTI
1340 130 1416 167 Lib.
1428 127 1496 166 JV.
1507 142 1532 167 c.
1547 127 1661 166 XXI.
1721 139 1780 175 533

154 232 193 267 In
215 228 366 266 biblioth.
380 227 548 264 'Lintuma
564 226 680 264 Medic.
710 225 788 262 teste
807 226 948 261 Bandin.
971 223 1066 260 catal.
1086 223 1182 261 codd.
1207 238 1255 274 gr.
1278 226 1303 261 1.
1329 237 1405 274 pag.
1420 237 1490 269 443.
1512 234 1544 262 et
1565 227 1605 262 11.
1625 222 1688 260 col.
1706 234 1775 270 534.

54 282 131 322 eod.
149 283 281 318 ΧΧΧΙΙ.
310 280 388 330 plut.
406 281 457 315 ΙΧ.
486 289 517 316 et
544 280 619 316 cod.
636 281 736 314 xvn.
764 277 845 327 plut.
860 279 942 313 LIX.
973 289 1022 312 nr.
1042 289 1086 320 31.
1113 277 1166 313 lib.
1196 278 1269 315 adu.
1294 277 1492 326 astrologos,
1525 287 1556 313 et
1580 280 1612 313 in
1634 277 1700 313 vol.
1717 278 1776 312 111.

51 349 130 386 pag.
147 347 209 380 270
225 331 294 382 sqq.
320 331 395 368 cod.
412 330 466 367 Xi.
494 335 525 368 it.
541 332 616 368 cod.
630 333 713 367 XIX.
733 331 805 367 cod.
820 331 936 365 XX1V.
963 329 1097 379 (quibus
1114 326 1292 366 subiec‘tum
1308 330 1352 366 est
1368 342 1443 365 cum
1461 339 1557 372 nota,
1580 332 1623 365 vti
1639 331 1672 364 in
1689 332 1776 363 Ven.

53 397 84 424 et
107 388 213 421 Taur.
237 384 333 421 codd.
353 381 476 433 fragm.
496 382 568 420 diff.
589 383 670 418 alius
691 381 882 432 antifceptic.
910 380 1001 418 conf.
1020 382 1162 425 Bondin.
1184 382 1319 427 col.277
1339 380 1399 431 sq.)
1426 381 1509 431 plut.
1524 389 1574 427 85.
1607 381 1776 424 Pyrrhon.

51 433 255 487 hypotypos.
279 437 334 472 lib.
350 436 405 473 m.
435 445 467 470 et
485 434 563 472 adu.
586 437 779 472 mathemat.
797 435 872 472 libri
886 435 928 469 X.
952 452 1000 461 —
1026 432 1101 470 cod.
1116 435 1232 470 xxm.
1254 435 1367 481 Pyrrh.
1383 435 1556 483 hypotyp.
1573 432 1719 469 libri-111.
1740 439 1774 466 et

50 489 126 526 adu.
140 489 330 525 mathemat.
352 487 428 522 libri
446 490 485 523 n.
501 490 638 537 priores.

153 555 273 590 Romae
286 557 320 590 in
337 554 411 590 bibl.
430 556 603 592 Barberin.
619 557 706 591 Sext.
722 555 822 604 Emp.
837 552 912 590 adu.
927 554 1119 589 mathemat.
1137 550 1209 588 cod.
1225 554 1327 588 chart.
1344 552 1513 588 CCLXXI.
1530 548 1606 587 saec.
1622 549 1775 584 xlv.-

49 610 85 644 in
106 605 182 643 bibl.
202 607 376 654 Angclica,
403 608 489 642 Sext.
506 609 601 656 Emp.
623 607 697 642 cod.
718 609 819 643 chart.
840 604 920 642 sace.
937 607 1012 641 XV.
1040 625 1094 632 -
1127 606 1164 641 in
1187 604 1266 641 bibl.
1289 604 1508 653 Efiorialenfl,
1534 601 1628 646 (teile
1650 600 1774 636 Plfiero·

50 662 85 696 in
107 660 273 694 itinerario
294 671 351 707 per
376 656 516 707 Hispan.
538 671 608 707 pag.
629 661 714 704 189.)
737 658 804 694 duo
824 657 922 694 codd.
945 656 1020 693 adu.
1041 658 1232 693 mathemat.
1252 666 1285 693 et
1299 669 1399 699 vnus,
1425 657 1509 690 Sexti
1528 654 1690 698 Pyrrhon.
1710 653 1772 696 hy-

49 707 202 762 potypos.
228 728 277 738 -—
307 713 344 745 In
359 711 434 746 bibl.
450 711 589 760 Leiderfi
603 712 686 746 inter
699 708 795 746 codd.
810 709 953 745 Voffian.
972 708 1095 758 fragm.
1108 709 1181 745 adu.
1196 708 1390 758 astrologos.
1413 709 1487 754 (cat.
1503 720 1536 756 p.
1550 717 1621 751 397.
1638 716 1687 739 nr.
1704 701 1773 749 45.)

138 780 189 814 'ln
209 776 287 812 bibl.
311 776 406 814 elerst.
425 778 583 813 Baieart'ca
601 780 715 824 Pyrrh.
738 779 905 826 hypotyp.
928 777 999 813 libr.
1012 779 1065 813 m.
1089 789 1120 813 et
1136 776 1211 813 adu.
1229 778 1388 812 mathem.
1409 788 1484 810 eum
1507 771 1576 809 diss.
1593 768 1775 818 antiscepti·

49 833 112 867 cis,
142 828 215 865 cod.
230 831 392 865 CXLvu.
423 840 454 864 et
477 832 640 880 hypotyp.
668 832 832 875 Pyrrhon.
854 830 935 866 liber
960 832 1069 865 tertius
1091 840 1122 865 et
1145 829 1205 866 alia
1228 827 1387 874 quaedam
1408 824 1553 862 eiusdem
1577 824 1684 865 Sexti,
1717 819 1772 856 fed

50 882 207 931 pleraque
228 883 344 917 mutila
357 910 366 923 ‚
391 882 463 918 cod.
482 883 657 918 CCXXlX.
686 881 749 920 vid.
763 881 866 918 Catal.
882 895 954 930 pag.
973 893 1012 929 59
1027 892 1058 916 et
1077 887 1121 920 8¹-
1145 901 1193 908 -
1221 882 1425 929 Regiomonti
1440 882 1472 914 in
1487 875 1630 913 Boruffia
1645 877 1676 909 in
1693 873 1769 909 bibl.

50 931 232 974 semeria,
256 933 331 969 cod.
355 931 437 970 saec.
454 935 555 968 xlm.
580 935 686 970 indice
705 934 856 971 Roloffio
880 937 914 969 in
936 946 988 982 ep.
1012 932 1053 969 ad
1075 933 1281 977 Fabricium,
1312 934 1347 968 in
1362 933 1459 967 huius
1474 933 1557 973 vita,
1578 942 1597 964 a
1611 928 1772 964 Reimaro

52 981 222 1024 eonfedta,
247 997 321 1033 pag.
337 991 406 1028 328.
1841 1020 1843 1023 .

155 1045 192 1079 In
215 1045 392 1086 Britannia,
420 1045 542 1080 Oxonii
562 1046 593 1080 in
615 1045 691 1081 bibl.
715 1045 848 1093 collegii
869 1042 1108 1087 Mertonenfls,
1135 1042 1433 1081 cod.DCCLXX1.
1455 1039 1529 1086 (sec.
1548 1037 1642 1075 catal.
1657 1051 1689 1087 p·
1704 1036 1770 1084 23.)

51 1094 124 1132 adu.
139 1098 329 1132 mathemat.
351 1096 422 1131 libr.
438 1098 476 1131 X.
498 1110 575 1132 cum
591 1096 754 1148 disputan.
774 1095 866 1146 saepe
882 1101 1075 1133 memoratis
1091 1099 1148 1134 IV.
1165 1096 1330 1145 antiscept.
1346 1106 1521 1139 anonymo
1537 1094 1670 1128 tributis,

154 1163 268 1200 Redeo
281 1164 321 1200 ad
337 1162 424 1199 editt.
441 1163 626 1206 verfiones,
649 1165 776 1211 aliaque
793 1163 918 1212 scripta,
945 1166 978 1199 in
995 1165 1110 1213 quibus
1125 1165 1213 1200 Sexti
1227 1165 1390 1212 Empiriei
1404 1163 1479 1198 libri
1493 1159 1704 1208 explicantur.
1717 1172 1769 1183 --

53 1214 105 1250 De
126 1219 238 1265 primis
260 1213 466 1250 scien-:iarum
490 1215 677 1258 elementis,
710 1214 762 1251 seu
787 1216 956 1264 theologia
978 1218 1151 1256 naturalis,
1182 1217 1343 1251 methodo
1363 1212 1452 1264 quali
1473 1211 1700 1248 mathematica
1723 1204 1770 1268 di-

52 1266 160 1315 gessa;
181 1287 230 1296 —-
244 1287 295 1294 --
322 1266 458 1302 Accessit
475 1267 514 1302 ad
532 1269 611 1302 haec
627 1269 716 1303 Sexti
735 1269 893 1313 Empirici
907 1268 1059 1315 aduersus
1075 1269 1327 1309 mathematicos,
1347 1268 1445 1302 dctem
1459 1265 1618 1300 modorum
1637 1263 1769 1306 ἐποχῆς·

45 1318 109 1367 scu
133 1319 360 1360 dubitationis,
391 1319 564 1366 secumdum
585 1321 752 1355 editionem
775 1320 813 1354 cl.
827 1320 982 1359 Fabricii,
1017 1322 1131 1366 quibus
1144 1319 1269 1367 scilicet
1291 1321 1427 1360 Sextus.
1450 1316 1660 1363 fiepticorum
1681 1321 1771 1357 cory-

47 1370 190 1418 phaeus,
217 1372 349 1405 veritati
370 1373 454 1405 omni
476 1373 509 1406 in
530 1383 565 1405 os
589 1373 733 1417 obloqui,
755 1378 851 1417 atquc
872 1373 1003 1405 totidem
1022 1373 1102 1405 retia
1122 1373 1270 1410 tendere,
1300 1371 1388 1405 haud
1407 1369 1581 1409 dubitauit,
1601 1362 1774 1413 succinfl‘fls·

54 1433 122 1457 cum
143 1422 369 1470 philosophica,
393 1430 460 1457 tum
482 1425 589 1457 critica
614 1424 787 1470 refutatio,
811 1424 1026 1471 Regiomonti
1050 1421 1136 1471 apud
1153 1424 1344 1465 audiooem,
1370 1416 1534 1466 1734.fol.
1560 1415 1649 1453 conf.
1664 1413 1771 1464 suppl·

56 1471 96 1510 ad
117 1487 203 1509 noua
224 1476 296 1510 acta
314 1472 406 1510 erud.
422 1472 506 1522 Lips.
530 1484 612 1510 tom.
628 1477 668 1512 11.
689 1472 764 1511 sedi.
781 1476 821 1516 X.
845 1473 970 1524 Lipsiae
988 1485 1073 1519 1737.
1089 1488 1164 1523 pag.
1176 1487 1231 1519 435
1249 1472 1320 1524 sqq.
1366 1475 1405 1510 ln
1424 1474 1501 1508 adiit
1516 1469 1632 1506 erudit.
1644 1479 1773 1525 germaz·

56 1527 130 1562 nice
158 1523 302 1575 scriptis⁷
333 1536 412 1574 part.
429 1538 496 1570 143.
519 1540 545 1561 a.
563 1538 651 1572 1729·
676 1539 747 1576 pag.
763 1529 974 1573 769—799.
1003 1527 1164 1562 vberrime
1189 1523 1395 1577 percensetur
1417 1523 1561 1560 eiusdem
1587 1526 1772 1568 argumenti

57 1588 159 1626 opus3
183 1574 234 1613 sed
257 1576 370 1613 addito
392 1580 534 1614 auetoris
556 1582 712 1620 nomine,
738 1590 769 1614 at
788 1577 903 1613 diuers·
924 1580 1002 1613 anni
1024 1590 1119 1614 nota:
1145 1579 1201 1614 De
1218 1581 1335 1625 primis
1349 1577 1556 1626 scientiarum
1577 1567 1775 1615 elementiss-

56 1629 216 1678 theologia
233 1630 392 1665 naturalis
409 1632 551 1664 methodo
565 1632 655 1681 qacfi
666 1632 882 1665 mathematica
898 1629 1020 1677 digesta
1029 1643 1042 1670 ;
1067 1630 1204 1680 (reliqua
1223 1643 1294 1679 pars
1306 1629 1428 1665 latinae
1444 1625 1659 1675 inscriptionis
1675 1621 1776 1658 omit-

55 1683 165 1728 titur.)
185 1693 245 1726 per
261 1682 327 1716 Iac.
347 1681 524 1728 Thomson,
546 1682 762 1731 Regiomonti
784 1689 870 1726 17²8·
885 1679 945 1719 fol.
995 1685 1085 1717 Num
1108 1692 1141 1718 et
1160 1694 1317 1732 quatenus
1337 1680 1409 1716 duo
1423 1681 1461 1715 hi
1479 1679 1573 1717 libri,
1598 1687 1679 1724 quos
1695 1684 1777 1709 ocu-

56 1730 97 1768 lis
119 1731 272 1781 vsurpare
290 1746 359 1768 non
382 1732 490 1775 licuit,
514 1746 628 1769 reuera
650 1731 820 1776 differant,
846 1747 948 1784 quum
973 1737 1008 1769 in
1029 1731 1162 1770 censura
1182 1737 1215 1769 in
1237 1735 1314 1770 actis
1339 1730 1451 1768 erudit.
1467 1731 1524 1766 lat.
1544 1728 1634 1764 nulla
1655 1726 1773 1774 priorit

56 1782 134 1820 libri
156 1784 212 1819 fiat
235 1787 383 1827 mentio,
403 1783 510 1821 dicere
533 1798 602 1821 non
625 1784 763 1834 possum.
788 1806 841 1813 —-
867 1785 919 1821 Cl.
938 1786 1154 1822 Nietbammer
1174 1788 1208 1821 in
1230 1784 1435 1821 Ffillebornii
1453 1779 1615 1832 supplem.
1637 1777 1677 1814 ad
1700 1772 1778 1812 hist·

59 1833 177 1884 philos.
203 1845 282 1883 part.
298 1837 338 1871 Π.
357 1848 406 1871 nr.
421 1848 448 1871 2.
475 1835 563 1872 dedit
586 1834 749 1885 specimen
773 1836 928 1872 verfiom's
949 1850 1054 1886 germ.
1077 1835 1282 1887 hypotypos.
1301 1837 1466 1882 Pyrrhon.
1485 1834 1525 1869 de
1548 1844 1617 1880 quo
1640 1829 1780 1876 aliisque

60 1886 176 1922 libellis
200 1889 266 1922 iam
284 1889 337 1935 egi
360 1890 394 1922 in
415 1886 542 1923 Introd.
563 1890 598 1923 in
620 1888 704 1923 Hiss.
722 1891 758 1924 L.
773 1890 830 1926 Gr.
847 1891 884 1924 11.
902 1901 930 1924 1.
946 1901 1018 1937 pag.
1035 1901 1089 1924 212
1104 1887 1149 1938 sq.
1175 1909 1227 1916 -
1254 1889 1379 1924 Gallice
1396 1883 1505 1922 versae
1520 1882 1592 1920 sunt
1607 1882 1779 1929 hypotyp-

60 1939 225 1983 Pyrrhon.
248 1948 279 1974 et
299 1940 386 1974 notis
411 1938 604 1982 illustratae,
630 1937 697 1976 fine
718 1950 797 1975 nota
816 1940 958 1976 audieris
982 1951 1013 1975 et
1034 1939 1110 1976 loci.
1132 1952 1215 1986 1725.
1232 1951 1277 1975 12.
1331 1941 1369 1973 In
1390 1938 1492 1986 longa
1511 1931 1717 1986 praefatione
1735 1928 1778 1965 de

63 1991 164 2026 Sexto
187 1993 320 2040 eiusque
337 1988 539 2040 sceptieismo
562 1991 666 2026 multa
687 1988 897 2041 disputantur.
930 1989 1019 2027 confi
1043 1993 1114 2028 adia
1136 1989 1253 2027 erudit.
1270 1987 1356 2039 Lips.
1371 1992 1463 2032 ¹72⁶·
1481 1984 1586 2024 mens.
1600 1981 1779 2021 Decembr-

63 2054 139 2091 με.
155 2044 214 2088 546
231 2039 298 2090 sqq.
327 2062 377 2069 —
407 2042 460 2077 Illi¹
473 2043 560 2078 Sexti
578 2053 638 2078 tres
654 2042 739 2086 libri,
763 2044 796 2077 in
814 2044 972 2092 anglicam
993 2043 1141 2091 linguam
1162 2040 1323 2085 conuerfi,
1350 2040 1477 2090 exstant
1500 2041 1533 2075 in
1553 2036 1685 2073 stanleia·
1704 2030 1781 2069 hist-

64 2090 184 2144 philos.
208 2092 282 2129 edit.
304 2094 473 2142 anglicae,
497 2105 580 2138 1701.
597 2092 658 2130 fol.
685 2115 737 2122 —
765 2096 816 2130 De
837 2096 1069 2144 Scepticismo‚
1100 2096 1265 2144 Sextoque
1285 2105 1391 2144 nuper
1410 2093 1451 2128 cl.
1467 2090 1616 2127 staudlin
1639 2086 1780 2122 dorstum‘

65 2142 255 2190 conscripsit
270 2144 404 2181 librum.
440 2143 645 2192 [Geschichte
658 2145 725 2181 und
740 2145 827 2182 Geist
842 2146 896 2182 des
913 2147 1163 2195 Skepricismus‚
1184 2146 1379 2194 vorzfiglich
1391 2148 1425 2180 in
1439 2140 1615 2179 Rficksicht
1633 2134 1693 2174 auf
1701 2138 1784 2173 Mo-

67 2195 117 2232 tal
129 2196 194 2231 und
209 2197 375 2245 Religion.
397 2198 475 2232 Von
493 2199 532 2232 D.
551 2197 624 2233 Car.
641 2197 697 2234 Fr.
712 2198 867 2233 Stc'indlin
892 2219 940 2226 —
967 2196 1057 2248 Lips.
1071 2210 1160 2244 1794.
1183 2199 1222 2234 Π.
1237 2198 1314 2234 voll.
1329 2205 1359 2240 8.
1384 2196 1437 2232 vbi
1461 2205 1548 2231 tom.
1561 2193 1589 2229 1.
1600 2189 1679 2227 sedi.
1692 2200 1722 2233 3·
1738 2186 1785 2223 de

68 2249 174 2283 Sexto
190 2250 310 2297 agitur.
346 2246 423 2283 add.
442 2249 493 2284 M.
509 2248 628 2295 Christ.
649 2249 737 2286 Vm.
753 2251 963 2285 Kinderuater
983 2248 1051 2285 diff.
1076 2250 1292 2286 Adumbratio
1319 2248 1513 2300 quaestionis
1537 2257 1580 2281 an
1605 2243 1787 2290 Pyrrhonss

69 2298 221 2336 dot‘trina
243 2302 352 2335 omnis
374 2299 507 2335 tollatur
525 2303 638 2336 virtus.
661 2298 742 2351 Lips.
763 2308 851 2347 ¹789-
869 2302 918 2347 4.]
979 2303 1029 2338 De
1054 2304 1224 2348 Pyrrhone
1250 2303 1412 2351 aliisque,
1441 2309 1474 2335 et
1493 2296 1533 2334 de
1559 2298 1787 2345 Scepti'corum·

69 2350 192 2399 placitis
213 2352 335 2387 multus
354 2351 421 2393 est,
442 2351 600 2401 pluraque
616 2355 701 2388 Sexti
719 2353 819 2389 nostri
835 2354 910 2388 loca
926 2351 1246 2405 adstrt'illustratque
1260 2355 1382 2403 Roffius
1397 2356 1432 2391 in
1446 2358 1676 2397 commemin-
1689 2347 1790 2385 1⁶²⁶*

70 2404 169 2440 tiam&
187 2403 222 2453 §.
237 2410 401 2452 74—82.
421 2416 497 2455 pag.
516 2416 579 2450 204
596 2403 666 2457 sqq.
689 2417 723 2444 οε
743 2405 834 2445 alibi..
861 2406 964 2443 Harl.
1745 2447 1788 2489 b

925 2459 1016 2510 Xizx
1038 2469 1062 2504 ς
