2049 2720
95 95 200 124 votx.
215 98 279 128 1³:8¹
289 93 380 140 3-82]
529 92 802 129 THESAVRVS
826 91 1038 128 -GRA-ECAE
1064 92 1275 131 LINGVAE.

209 161 226 169 Ἴ

1410 94 1486 129 Lib.
1503 94 1549 131 V.
1571 107 1594 130 c.
1613 94 1697 133 XL.
1749 101 1812 144 659

84 188 206 226 radices
223 186 287 224 effe
302 186 458 230 debeant,
486 190 647 224 incertum
657 197 790 227 manet,
815 184 956 222 subssvtra
975 186 1236 237 inuestigandum
1254 185 1309 229 sit,
1344 186 1468 224 etiamsi
1491 188 1613 225 constet
1639 189 1679 225 de
1705 191 1813 229 radice

82 251 228 290 vtraque.
280 238 403 275 Acnisi
417 240 592 276 verborum
607 239 733 285 indice,
759 241 813 287 qui
831 241 863 274 in
880 249 998 286 quarto
1019 250 1114 275 tomo
1135 240 1252 282 exstat,
1281 238 1423 275 {ludium
1445 240 1629 289 inquirendi
1653 242 1814 291 quodam·

81 291 187 329 modo
201 294 382 339 Stephanus
399 289 552 335 leuaffet,
576 290 676 326 ¹multi
693 291 779 326 haud
799 289 895 325 dubie
911 290 991 326 illud
1006 289 1172 326 consulere
1191 293 1287 339 plane
1303 289 1526 341 desperarent,
1560 296 1635 340 quia
1657 307 1728 329 non
1743 293 1815 343 pos-

81 342 152 380 sent
166 343 198 378 id
214 342 320 378 facere
335 343 402 379 fine
417 346 515 378 nimis
540 355 663 392 magno
684 354 793 392 eoque
814 340 938 390 saepius
961 340 1115 378 faciendo
1138 343 1283 392 quotidie
1305 346 1461 392 temporis
1482 343 1659 393 dispendio,
1711 348 1752 381 At
1771 346 1816 381 fic

85 405 218 444 quoque.
237 394 361 443 duplici
379 407 488 431 tamen
503 395 616 430 labore
631 406 733 441 opus,
762 393 903 428 indicem
921 395 1008 428 enim
1026 396 1194 442 primum,
1222 393 1340 429 deinde
1365 397 1398 429 in
1419 395 1484 429 alio
1505 395 1678 431 volumine
1699 396 1816 433 locum

83 444 189 494 ipsum
211 446 365 481 euoluere
389 446 434 481 est
456 444 592 481 necesse.
645 447 686 480 Et
709 458 910 495 quamquam
935 458 1003 480 non
1025 445 1238 486 crediderim,
1265 448 1351 480 hanc
1373 444 1434 481 effe
1459 446 1599 483 caussam
1619 448 1665 495 ‘),
1693 458 1725 483 vt
1755 451 1815 485 ho-

83 497 136 533 die
158 499 212 532 vix
234 510 315 533 vnus
336 511 449 546 graece
469 497 585 533 dodius
605 500 784 545 reperiatur
807 510 871 546 pro
895 499 1134 546 quinquagenis
1157 500 1269 546 peritis
1295 510 1485 545 graecarum
1509 498 1711 542 litteratum,
1737 514 1816 549 qua-

82 549 130 585 les
151 547 245 585 fuere
265 549 347 584 bene
367 549 462 584 multi
486 547 722 585 renascentibus
746 548 879 592 litteris,
907 559 1082 598 antequam
1103 550 1259 598 Stephani
1285 547 1448 584 thesaurus
1470 560 1500 584 et
1525 550 1660 600 Scapula
1691 553 1725 585 in
1753 554 1820 587 hos

82 603 214 637 minum
237 602 390 637 manibus
412 599 628 637 versarentur:
656 601 872 637 nihilominus
907 611 990 649 puto
1022 597 1084 634 ess'e
1115 599 1331 641 ven'ssimum,
1357 601 1412 646 [P]
1438 604 1470 635 in
1499 600 1607 636 lexico
1638 605 1720 637 hanc
1752 601 1815 639 esse

82 654 239 688 virtutem
264 656 465 693 maximam,
494 663 547 694 vt,
582 654 634 700 qui
657 651 715 688 illo
740 655 855 693 vritur,
887 651 956 686 sine
979 650 1170 686 difficultate
1193 665 1231 686 ac
1254 655 1409 699 temporis
1433 653 1574 693 iaciura,
1602 666 1683 702 quae
1706 656 1813 702 inqui.

83 706 141 745 rit,
166 706 313 739 inuenire
334 714 448 753 queat3
476 706 582 752 itaque
601 702 704 751 longe
734 701 983 752 praeferendam
1016 702 1211 737 methodum
1244 703 1410 745 aliorum,
1437 707 1492 751 qui
1523 718 1593 740 non
1619 703 1674 739 sub
1703 705 1813 740 radici«

83 756 161 796 bus,
187 753 241 790 secl
265 752 325 790 suo
346 767 494 805 quaeque
529 754 607 790 loco
628 767 685 802 per
709 755 873 803 alphabeti
893 753 1048 790 ordinem
1073 753 1233 790 vocabula
1254 753 1381 804 singula
1397 755 1549 791 exhibent
1570 766 1809 806 exponuntque.

183 841 265 876 Non
286 839 429 879 Parisiis,
454 850 488 875 vt
509 836 696 888 persuasum
728 839 861 881 multis,
898 839 951 875 sed
982 841 1136 876 Geneuae
1168 838 1321 875 excusum
1345 839 1408 876 effe
1437 839 1646 886 thesaurum,
1675 845 1809 886 (neuter

84 894 175 929 enim
194 891 288 927 locus
309 894 342 927 in
366 890 477 927 fronte
498 893 607 940 operis
629 893 794 936 notatur,)
822 893 942 927 merito
966 891 1009 926 ob
1039 894 1201 934 rationes,
1236 903 1315 940 quas
1336 889 1478 939 suggerit
1498 891 1630 927 historia
1651 903 1809 941 typogra-

83 946 158 992 phei
179 945 408 993 Stephaniani‚
430 943 537 979 statuit
559 941 705 978 eruditus
729 944 856 978 amicus
880 953 911 979 et
938 941 1068 991 collega
1099 955 1190 978 meus
1212 943 1510 986 coniunffiffimm,
1537 945 1642 981 Micb.
1665 947 1807 989 Richey,

83 998 118 1031 in
141 995 409 1030 Chressomathia
432 1007 566 1043 graeca,
601 993 667 1029 fiue
691 993 827 1030 consilio
850 994 892 1030 de
915 995 1002 1029 recle
1023 994 1221 1030 instituendo
1249 1007 1385 1042 graecae
1404 995 1537 1044 linguae
1559 995 1683 1036 studio,
1716 998 1806 1032 cuius

78 1043 227 1083 sectione
239 1047 328 1083 VIII.
354 1045 395 1082 de
409 1043 567 1081 thesauro
588 1046 656 1081 hoc
676 1044 795 1081 disserit
816 1045 1069 1082 accuratissime.
1123 1045 1216 1081 Idem
1241 1059 1316 1081 -non
1349 1045 1417 1082 fine
1444 1045 1550 1082 caussa
1578 1058 1695 1095 negat,
1729 1045 1806 1084 duas

83 1097 168 1134 illius
190 1097 312 1134 exstare
341 1096 522 1141 editiones,
554 1097 630 1133 licet
661 1095 893 1133 recentissimus
913 1111 962 1133 Aac
992 1096 1252 1146 diligentissimus
1279 1097 1434 1133 historiae
1462 1099 1703 1146 Stephanorum
1733 1097 1807 1134 scti-

84 1159 180 1198 μοι’,
212 1149 355 1184 ΜίεῘιαὲΙ
381 1150 571 1192 Maiarum,
604 1161 681 1197 pag.
699 1161 763 1195 355.
799 1149 1014 1198 posteriorem
1040 1151 1137 1185 etiam
1172 1146 1310 1184 thesauri
1343 1148 1519 1185 editionem
1553 1148 1707 1197 prodiisse
1737 1161 1807 1187 tam

84 1212 213 1238 certum
230 1198 483 1243 effeladfirmet,
512 1213 629 1248 quam,
658 1213 725 1249 quo
742 1214 830 1236 anno
849 1200 1026 1250 prodierit,
1053 1199 1173 1235 fatetur
1188 1203 1347 1235 incertum
1365 1199 1425 1235 esse
1439 1202 1480 1245 ”).
1521 1201 1580 1235 Sed
1598 1201 1671 1248 post
1693 1201 1807 1247 vulga.

85 1262 160 1287 tum.
173 1255 213 1287 A.
230 1264 317 1296 1579.
333 1250 571 1299 compendium
586 1265 605 1286 a
621 1253 668 1286 Io.
684 1252 837 1296 Scapula,
863 1265 931 1300 quo
948 1250 1199 1286 maximamsibi
1211 1248 1333 1285 faustam
1350 1254 1514 1289 iniuriam,
1538 1263 1567 1286 et
1583 1262 1756 1300 opportum
1769 1266 1807 1288 m

85 1301 328 1339 dini-actionem
343 1306 451 1350 operis
466 1301 523 1348 sui,
549 1312 638 1337 tanto
654 1300 759 1338 sumtu
776 1300 835 1338 suo
849 1313 879 1338 et
894 1303 1007 1338 labore
1025 1300 1173 1350 perfedlh
1197 1301 1363 1347 impediri,
1380 1301 1466 1338 haud
1480 1305 1647 1339 immer'to
1664 1302 1749 1337 dolel
1763 1314 1808 1342 at,

77 1368 215 1394 ,3101111111
230 1351 472 1404 frontispicium
486 1351 641 1396 thesauro
656 1350 716 1388 suo
733 1353 882 1402 praefixit
897 1355 1097 1403 Stephanus,
1124 1363 1154 1389 et
1173 1355 1206 1389 in
1218 1352 1278 1389 illo
1293 1355 1465 1403 Scapulam
1481 1358 1599 1404 pungit
1616 1356 1664 1391 his
1677 1355 1808 1392 verbis:

449 1420 592 1462 >Quidam
617 1422 763 1456 ἒπιτὲμνιεν
791 1429 837 1450 me
858 1420 1052 1460 capulotenus
1077 1419 1199 1451 abdidit
1223 1418 1328 1461 enfhm,

544 1463 650 1503 Aeger
671 1472 794 1494 eramva
799 1461 954 1503 scapulis,
967 1461 1068 1504 sanus
1089 1461 1202 1493 atlzuc
1224 1464 1324 1493 redeo.

972 1523 1093 1556 Oooo
1122 1533 1140 1555 2
1768 1524 1805 1558 ln

1011 1598 1043 1633 u)
1062 1595 1184 1626 Diuersa
1211 1595 1266 1626 esse
1295 1597 1382 1626 huius
1405 1595 1554 1626 Thesauri
1578 1598 1691 1635 integra
1712 1609 1808 1629 exem-

969 1638 1079 1679 plaria,
1102 1646 1189 1679 atque
1207 1641 1289 1668 annis
1307 1638 1494 1674 distantibus,
1517 1641 1593 1680 typis
1614 1640 1710 1671 denuo
1734 1652 1812 1672 com·

131 1600 160 1636 t)
183 1596 298 1633 Moyses
315 1597 353 1628 du
371 1598 439 1629 Soul
458 1600 488 1628 in
508 1597 643 1638 Epistola,
666 1596 771 1628 inserta
785 1596 924 1628 Nouellis

86 1640 249 1676 litterariis,
264 1642 350 1672 Anist.
359 1643 391 1672 A.
403 1650 484 1678 ¹720-
495 1648 519 1673 8.
529 1641 615 1670 editis
624 1640 736 1678 gallice,
745 1648 764 1670 t.
776 1640 824 1670 XI.
834 1650 861 1680 p.
873 1649 924 1675 133.

88 1684 121 1714 la
133 1684 279 1724 pratique
287 1683 323 1714 de
335 1688 445 1714 mettre
459 1684 499 1713 les
509 1688 588 1713 mots
597 1693 655 1713 non
673 1684 751 1714 dans
760 1683 825 1713 lein·
833 1682 926 1712 ordre

89 1725 316 1766 atplzabetiqua
332 1727 412 1756 mais
419 1726 492 1767 sous
508 1727 574 1756 leui·
585 1727 715 1760 racines,
730 1725 783 1766 qui
794 1721 812 1754 ci
823 1735 856 1755 eu
867 1726 925 1755 lieu

89 1769 192 1808 depuis
201 1777 266 1807 que,
278 1778 358 1808 pour
365 1769 391 1799 le
400 1767 538 1799 ruallwur
546 1768 596 1798 des
603 1769 718 1804 lettres,
732 1771 773 1797 les
783 1767 927 1797 Etiennes

90 1814 113 1841 s'
123 1809 274 1850 aulj'erent
287 1810 324 1842 de
337 1820 457 1850 ranger
471 1816 538 1842 tous
553 1812 594 1840 les
609 1811 734 1840 derirtrz
750 1814 778 1839 et
793 1810 836 1838 les
850 1819 926 1839 com-

89 1852 180 1894 posez
193 1853 263 1890 sous
278 1853 344 1883 leur
357 1855 476 1888 ruine,
498 1862 516 1884 a
538 1851 582 1883 ite
602 1862 659 1882 une
678 1852 730 1883 des
742 1852 929 1891 principales

92 1898 192 1934 caiejes
208 1895 244 1926 de
256 1895 287 1926 la
295 1895 457 1926 decadente
471 1895 506 1926 de
522 1895 609 1925 Grec.
627 1894 688 1925 Car
696 1895 748 1935 qui
762 1894 799 1935 est
809 1913 818 1917 -
831 1903 861 1924 ce
876 1894 929 1934 qui

89 1936 409 1979 pourroitsupporter
424 1940 448 1968 le
464 1938 594 1978 degout‚
617 1947 673 1978 que
683 1937 768 1977 cause
783 1940 856 1967 cette
873 1946 930 1967 me-

93 1980 208 2011 rhode?
227 1997 271 2004 —
294 1991 334 2011 au
357 1991 365 2010 ι
383 1990 499 2020 voyons
513 1991 589 2010 nous
603 1990 633 2011 ce
646 1980 699 2021 qui
715 1990 749 2010 en
766 1980 802 2019 est
818 1976 932 2009 arriue.

94 2022 210 2064 Iepose
224 2033 258 2054 en
265 2022 351 2063 fait,
372 2029 421 2063 qu‘
438 2024 741 2054 aui-enouveltament
763 2023 814 2053 des
829 2023 933 2052 lettres

95 2065 130 2097 eh
146 2066 285 2106 Europa
303 2067 326 2096 il
336 2076 359 2106 y
370 2067 536 2106 auoitplus
551 2066 586 2096 de
599 2066 760 2106 cinquante
771 2063 934 2106 peisoiznes

95 2118 175 2147 pour
189 2118 245 2139 une
261 2108 404 2149 aujourd*
414 2108 467 2140 hui
482 2107 685 2150 quisaz·0ient
697 2109 722 2139 Ie
738 2108 823 2138 Grec.
846 2108 933 2138 Pom·

96 2151 167 2192 quoi
182 2151 269 2182 cela?
294 2151 346 2193 Est
366 2161 396 2181 ce
416 2161 471 2192 que
492 2153 595 2182 [echon
610 2150 680 2193 sens
702 2156 730 2182 et
748 2153 778 2180 ln
802 2151 934 2181 nouvelle

94 2192 280 2234 philosophie
303 2198 357 2223 ont
370 2193 433 2231 fait
444 2191 603 2224 ddcouvrir
616 2191 636 2224 ci
652 2198 739 2224 notre
751 2193 856 2235 siecle,
878 2202 934 2234 que

96 2236 138 2266 les
153 2234 243 2266 eci-its
257 2235 310 2266 des
327 2237 439 2272 Grecs,
453 2236 526 2278 sont
539 2247 576 2267 ou
592 2237 735 2267 ridicules
746 2256 755 2270 ‚
784 2246 821 2266 ou
836 2235 934 2277 saux,

99 2288 138 2308 ou
153 2278 399 2318 unvainjargon
419 2289 527 2309 comme
535 2281 577 2309 les
583 2278 744 2319 subtilitez
758 2278 794 2310 de
809 2276 830 2308 l'
847 2279 936 2309 Erole

101 2330 157 2360 que
170 2330 263 2356 ceux,
285 2322 336 2367 qui
351 2331 385 2351 ne
400 2321 510 2362 savrnt
529 2331 588 2361 pas
607 2323 648 2352 les
672 2320 786 2364 choses,
815 2321 934 2362 coufmz-

102 2362 173 2393 ci'cnt
186 2361 398 2404 affezsouvent
412 2373 484 2395 avec
494 2366 525 2395 la
538 2363 727 2406 Philosophia·
734 2364 786 2396 des
793 2365 934 2397 Anciens.

102 2404 195 2437 Point
208 2406 249 2437 du
264 2409 330 2436 tout
344 2413 397 2438 etc.

969 1682 1085 1722 pofitiS,
1107 1692 1123 1710 e
1140 1681 1224 1722 prelo
1238 1680 1377 1722 prodisse
1387 1703 1394 1716 ‚
1417 1681 1498 1721 quod
1511 1692 1588 1712 anno
1601 1685 1718 1714 circiter
1735 1691 1811 1720 1580.

968 1724 1076 1754 fzctum
1108 1724 1165 1754 effe
1192 1732 1274 1764 putat
1303 1724 1473 1754 Maittm're
1499 1727 1528 1753 in
1553 1726 1654 1756 histor.
1677 1728 1812 1767 Stephan.

969 1778 1033 1808 pag.
1045 1775 1103 1802 339.
1121 1767 1222 1796 ductus
1239 1766 1400 1796 rationibus
1416 1766 1634 1806 probabilibus,
1659 1770 1811 1799 contendit

968 1808 1083 1839 Barth.
1093 1809 1168 1839 Nic.
1180 1808 1284 1838 Krolm
1295 1830 1304 1843 ,
1328 1810 1424 1837 Pastor
1433 1809 1581 1848 quondam
1593 1812 1756 1848 Hamburg.
1773 1812 1810 1841 ad

971 1853 1005 1881 D.
1021 1853 1094 1880 Mar.
1110 1849 1236 1888 Magdal.
1252 1853 1282 1880 in
1297 1858 1348 1880 cat.
1364 1849 1436 1880 bibl.
1452 1848 1517 1880 suae
1532 1853 1652 1886 (Hamb.
1670 1863 1752 1890 1793.
1770 1858 1810 1888 8.)

971 1904 1034 1935 pag.
1049 1904 1107 1929 174.
1124 1902 1150 1923 et
1173 1893 1292 1923 vberius
1312 1902 1399 1933 atque
1413 1895 1554 1934 copiosius
1571 1895 1705 1937 exposuit
1721 1899 1811 1926 ratio·

972 1947 1021 1965 nes
1036 1936 1097 1966 suas
1113 1939 1142 1965 in
1154 1935 1273 1976 epistola
1283 1935 1317 1965 ad
1332 1946 1380 1965 me
1390 1959 1398 1971 ‚
1420 1937 1516 1966 mense
1536 1940 1618 1968 Maio
1632 1947 1710 1976 1791.
1731 1938 1809 1973 data,

973 1979 1008 2008 ad
1023 1990 1108 2020 quam
1126 1989 1244 2019 quoque
1267 1980 1298 2008 in
1312 1977 1393 2008 catal.
1415 1978 1466 2008 suo
1483 1982 1667 2019 provocauit.
1711 1984 1809 2018 Qare

964 2032 1029 2061 rego
1044 2025 1074 2052 in
1091 2023 1148 2051 fine
1163 2023 1250 2051 huius
1265 2021 1399 2051 sectionis
1414 2021 1493 2051 illam
1512 2021 1648 2053 formulis
1669 2031 1810 2065 typogro-

965 2066 1119 2106 graphicis
1150 2063 1366 2094 describendam
1393 2065 1511 2094 curabo.

1561 2068 1662 2096 Meum
1683 2066 1811 2096 thesauri

975 2109 1110 2149 Stephan.
1126 2106 1292 2147 exemplar,
1315 2109 1369 2139 (vti
1381 2105 1453 2136 illud
1464 2130 1472 2143 ‚
1496 2108 1575 2148 quod
1589 2110 1619 2137 in
1633 2109 1811 2149 Baumgar-

976 2151 1051 2181 tenii
1075 2151 1276 2183 Nachrichten
1314 2160 1371 2179 von
1401 2150 1641 2188 merkwi'irdigen
1670 2151 1814 2187 michem,

976 2201 1048 2224 tom.
1066 2195 1116 2223 IV.
1131 2202 1194 2234 pag.
1211 2191 1579 2229 269-272.describitur,)
1601 2196 1630 2223 in
1656 2194 1712 2223 fine
1736 2194 1815 2225 tituli

976 2236 1063 2266 habet
1077 2243 1176 2265 notam
1188 2237 1274 2265 anni:
1295 2234 1388 2265 Anno
1406 2235 1451 2265 M·
1467 2235 1508 2265 D.
1524 2235 1667 2267 LXXII.
1687 2236 1814 2267 excude-

978 2277 1031 2309 bat
1047 2278 1200 2309 Henricus
1215 2277 1397 2316 Stephanus.
1442 2279 1474 2306 In
1490 2277 1560 2309 bibl.
1580 2279 1751 2309 PinellIana
1767 2289 1815 2309 ex-

979 2323 1075 2351 stitere
1106 2321 1164 2351 duo
1190 2320 1384 2362 exemplaria
1421 2319 1544 2350 alterum
1568 2321 1624 2350 fine
1643 2323 1713 2351 anni
1736 2331 1815 2356 nota,

978 2363 1102 2393 alterum
1120 2374 1184 2394 cnm
1206 2371 1274 2393 nota
1289 2374 1316 2393 a.
1335 2372 1413 2401 ¹572·
1430 2363 1516 2401 (vide
1539 2363 1622 2395 catal.
1645 2363 1723 2394 illius
1744 2365 1816 2395 bibl.

979 2411 1051 2438 tom.
1064 2408 1116 2439 111.
1133 2417 1199 2449 pag.
1218 2416 1281 2445 273.
1299 2416 1343 2437 nr.
1358 2414 1438 2444 7433.
1455 2414 1483 2437 et
1497 2408 1605 2448 7434.)
1625 2406 1718 2438 Harl.
