<?xml version="1.0" encoding="UTF-8"?>
<!DOCTYPE html PUBLIC "-//W3C//DTD XHTML 1.0 Transitional//EN"
    "http://www.w3.org/TR/xhtml1/DTD/xhtml1-transitional.dtd">
<html xmlns="http://www.w3.org/1999/xhtml" xml:lang="en" lang="en">
 <head>
  <title>
</title>
<meta http-equiv="Content-Type" content="text/html;charset=utf-8" />
  <meta name='ocr-system' content='tesseract 3.04.00' />
  <meta name='ocr-capabilities' content='ocr_page ocr_carea ocr_par ocr_line ocrx_word'/>
</head>
<body>
  <div class='ocr_page' id='page_1' title='image "./bibliothecagraec05fabruoft_0639.png"; bbox 0 0 2049 2720; ppageno 0'>
   <div class='ocr_carea' id='block_1_1' title="bbox 31 94 1767 144">
    <p class='ocr_par' dir='ltr' id='par_1_1' title="bbox 31 94 1767 144">
     <span class='ocr_line' id='line_1_1' title="bbox 31 94 1767 144; baseline -0.002 -8"><span class='ocrx_word' id='word_1_1' title='bbox 31 101 279 137; x_wconf 54' lang='lat' dir='ltr'>vamme,</span> <span class='ocrx_word' id='word_1_2' title='bbox 336 94 1059 138; x_wconf 76' lang='lat' dir='ltr'>AELtANIVAR‚H18T.ED1T10NES</span> <span class='ocrx_word' id='word_1_3' title='bbox 1111 94 1262 134; x_wconf 69' lang='lat' dir='ltr'>LthV.</span> <span class='ocrx_word' id='word_1_4' title='bbox 1275 94 1465 135; x_wconf 71' lang='lat' dir='ltr'>e.,XXV1.</span> <span class='ocrx_word' id='word_1_5' title='bbox 1483 96 1540 144; x_wconf 74' lang='lat' dir='ltr'>(ot.</span> <span class='ocrx_word' id='word_1_6' title='bbox 1553 97 1676 144; x_wconf 80' lang='lat' dir='ltr'><em>XXI.)</em></span> <span class='ocrx_word' id='word_1_7' title='bbox 1710 100 1767 141; x_wconf 81' lang='lat'>617</span> 
     </span>
    </p>
   </div>
   <div class='ocr_carea' id='block_1_2' title="bbox 37 191 1763 601">
    <p class='ocr_par' dir='ltr' id='par_1_2' title="bbox 37 191 1763 601">
     <span class='ocr_line' id='line_1_2' title="bbox 45 191 1763 246; baseline -0.006 -12"><span class='ocrx_word' id='word_1_8' title='bbox 45 200 123 235; x_wconf 85' lang='lat' dir='ltr'>bibl.</span> <span class='ocrx_word' id='word_1_9' title='bbox 140 195 363 246; x_wconf 80' lang='lat' dir='ltr'>Lugdunensis</span> <span class='ocrx_word' id='word_1_10' title='bbox 381 197 579 231; x_wconf 86' lang='lat' dir='ltr'>Batauorum</span> <span class='ocrx_word' id='word_1_11' title='bbox 593 191 794 228; x_wconf 75' lang='lat' dir='ltr'>academiae:</span> <span class='ocrx_word' id='word_1_12' title='bbox 818 200 981 239; x_wconf 88' lang='lat' dir='ltr'>praeterea</span> <span class='ocrx_word' id='word_1_13' title='bbox 998 205 1015 225; x_wconf 84' lang='lat' dir='ltr'>a</span> <span class='ocrx_word' id='word_1_14' title='bbox 1034 191 1100 224; x_wconf 74' lang='lat' dir='ltr'>[oh.</span> <span class='ocrx_word' id='word_1_15' title='bbox 1117 192 1270 227; x_wconf 85' lang='lat' dir='ltr'>Boiuinio</span> <span class='ocrx_word' id='word_1_16' title='bbox 1284 191 1420 229; x_wconf 70' lang='lat' dir='ltr'>edodtus</span> <span class='ocrx_word' id='word_1_17' title='bbox 1440 191 1480 228; x_wconf 91' lang='lat' dir='ltr'>de</span> <span class='ocrx_word' id='word_1_18' title='bbox 1500 192 1691 228; x_wconf 63' lang='lat' dir='ltr'>lectionibus</span> <span class='ocrx_word' id='word_1_19' title='bbox 1715 191 1763 226; x_wconf 83' lang='lat' dir='ltr'>lo.</span> 
     </span>
     <span class='ocr_line' id='line_1_3' title="bbox 43 239 1761 291; baseline -0.003 -6"><span class='ocrx_word' id='word_1_20' title='bbox 43 262 161 285; x_wconf 84' lang='lat' dir='ltr'>corum</span> <span class='ocrx_word' id='word_1_21' title='bbox 199 248 376 284; x_wconf 87' lang='lat' dir='ltr'>dubiorum</span> <span class='ocrx_word' id='word_1_22' title='bbox 409 261 448 282; x_wconf 88' lang='lat' dir='ltr'>ex</span> <span class='ocrx_word' id='word_1_23' title='bbox 481 248 577 282; x_wconf 87' lang='lat' dir='ltr'>tribus</span> <span class='ocrx_word' id='word_1_24' title='bbox 609 243 705 280; x_wconf 92' lang='lat' dir='ltr'>codd.</span> <span class='ocrx_word' id='word_1_25' title='bbox 737 243 880 278; x_wconf 84' lang='lat' dir='ltr'>biblioth.</span> <span class='ocrx_word' id='word_1_26' title='bbox 914 243 1003 291; x_wconf 87' lang='lat' dir='ltr'>publ.</span> <span class='ocrx_word' id='word_1_27' title='bbox 1041 239 1133 277; x_wconf 75' lang='lat' dir='ltr'>Paris.</span> <span class='ocrx_word' id='word_1_28' title='bbox 1169 244 1426 279; x_wconf 84' lang='lat' dir='ltr'>MMLXXXlll.</span> <span class='ocrx_word' id='word_1_29' title='bbox 1465 246 1695 280; x_wconf 76' lang='lat' dir='ltr'>MMMLXIV</span> <span class='ocrx_word' id='word_1_30' title='bbox 1730 254 1761 280; x_wconf 87' lang='lat' dir='ltr'>et</span> 
     </span>
     <span class='ocr_line' id='line_1_4' title="bbox 42 291 1758 347; baseline -0.005 -12"><span class='ocrx_word' id='word_1_31' title='bbox 42 301 333 338; x_wconf 80' lang='lat' dir='ltr'><strong>MMMCXXXH.</strong></span> <span class='ocrx_word' id='word_1_32' title='bbox 362 303 458 347; x_wconf 87' lang='lat' dir='ltr'>(quas</span> <span class='ocrx_word' id='word_1_33' title='bbox 473 297 689 345; x_wconf 81' lang='lat' dir='ltr'>negligentius</span> <span class='ocrx_word' id='word_1_34' title='bbox 706 295 858 330; x_wconf 58' lang='lat' dir='ltr'>collectas</span> <span class='ocrx_word' id='word_1_35' title='bbox 872 291 1052 328; x_wconf 77' lang='lat' dir='ltr'>Schefferns</span> <span class='ocrx_word' id='word_1_36' title='bbox 1067 293 1210 337; x_wconf 62' lang='lat' dir='ltr'>habum)</span> <span class='ocrx_word' id='word_1_37' title='bbox 1235 306 1265 328; x_wconf 85' lang='lat' dir='ltr'>et</span> <span class='ocrx_word' id='word_1_38' title='bbox 1282 310 1299 330; x_wconf 93' lang='lat' dir='ltr'>a</span> <span class='ocrx_word' id='word_1_39' title='bbox 1317 297 1459 331; x_wconf 80' lang='lat' dir='ltr'>Graeuio</span> <span class='ocrx_word' id='word_1_40' title='bbox 1481 299 1594 332; x_wconf 60' lang='lat' dir='ltr'>nactus</span> <span class='ocrx_word' id='word_1_41' title='bbox 1612 297 1758 331; x_wconf 80' lang='lat' dir='ltr'>variatio.</span> 
     </span>
     <span class='ocr_line' id='line_1_5' title="bbox 41 343 1757 399; baseline -0.004 -12"><span class='ocrx_word' id='word_1_42' title='bbox 41 364 119 395; x_wconf 88' lang='lat' dir='ltr'>nes,</span> <span class='ocrx_word' id='word_1_43' title='bbox 157 364 237 399; x_wconf 81' lang='lat' dir='ltr'>quas</span> <span class='ocrx_word' id='word_1_44' title='bbox 268 363 308 385; x_wconf 88' lang='lat' dir='ltr'>ex</span> <span class='ocrx_word' id='word_1_45' title='bbox 336 350 460 385; x_wconf 86' lang='lat' dir='ltr'>duobus</span> <span class='ocrx_word' id='word_1_46' title='bbox 482 352 575 385; x_wconf 86' lang='lat' dir='ltr'>MSS.</span> <span class='ocrx_word' id='word_1_47' title='bbox 599 346 758 382; x_wconf 84' lang='lat' dir='ltr'>Mediceis</span> <span class='ocrx_word' id='word_1_48' title='bbox 794 356 825 381; x_wconf 89' lang='lat' dir='ltr'>et</span> <span class='ocrx_word' id='word_1_49' title='bbox 852 358 919 380; x_wconf 88' lang='lat' dir='ltr'>vno</span> <span class='ocrx_word' id='word_1_50' title='bbox 938 343 1178 380; x_wconf 79' lang='lat' dir='ltr'>Mediolanensi</span> <span class='ocrx_word' id='word_1_51' title='bbox 1203 356 1370 382; x_wconf 88' lang='lat' dir='ltr'>notauerat</span> <span class='ocrx_word' id='word_1_52' title='bbox 1391 347 1607 395; x_wconf 83' lang='lat' dir='ltr'>Marquardus</span> <span class='ocrx_word' id='word_1_53' title='bbox 1625 347 1757 383; x_wconf 82' lang='lat' dir='ltr'>Gudius.</span> 
     </span>
     <span class='ocr_line' id='line_1_6' title="bbox 41 395 1757 448; baseline -0.003 -10"><span class='ocrx_word' id='word_1_54' title='bbox 41 402 106 438; x_wconf 73' lang='lat' dir='ltr'>His</span> <span class='ocrx_word' id='word_1_55' title='bbox 123 401 268 438; x_wconf 84' lang='lat' dir='ltr'>subfidiis</span> <span class='ocrx_word' id='word_1_56' title='bbox 291 401 480 440; x_wconf 59' lang='lat' dir='ltr'>instructus,</span> <span class='ocrx_word' id='word_1_57' title='bbox 505 399 696 448; x_wconf 87' lang='lat' dir='ltr'>collatisque</span> <span class='ocrx_word' id='word_1_58' title='bbox 719 395 935 445; x_wconf 86' lang='lat' dir='ltr'>superioribus</span> <span class='ocrx_word' id='word_1_59' title='bbox 957 395 1169 438; x_wconf 89' lang='lat' dir='ltr'>editionibus,</span> <span class='ocrx_word' id='word_1_60' title='bbox 1196 397 1349 433; x_wconf 87' lang='lat' dir='ltr'>Romana</span> <span class='ocrx_word' id='word_1_61' title='bbox 1364 396 1550 447; x_wconf 81' lang='lat' dir='ltr'>praesertim</span> <span class='ocrx_word' id='word_1_62' title='bbox 1567 410 1598 434; x_wconf 91' lang='lat' dir='ltr'>et</span> <span class='ocrx_word' id='word_1_63' title='bbox 1613 401 1757 438; x_wconf 77' lang='lat' dir='ltr'>Gesneri,</span> 
     </span>
     <span class='ocr_line' id='line_1_7' title="bbox 41 446 1755 502; baseline -0.003 -13"><span class='ocrx_word' id='word_1_64' title='bbox 41 466 122 502; x_wconf 88' lang='lat' dir='ltr'>quas</span> <span class='ocrx_word' id='word_1_65' title='bbox 144 453 288 501; x_wconf 89' lang='lat' dir='ltr'>reliquae</span> <span class='ocrx_word' id='word_1_66' title='bbox 309 451 378 488; x_wconf 83' lang='lat' dir='ltr'>fere</span> <span class='ocrx_word' id='word_1_67' title='bbox 400 465 533 493; x_wconf 77' lang='lat' dir='ltr'>omnes,</span> <span class='ocrx_word' id='word_1_68' title='bbox 561 451 717 497; x_wconf 87' lang='lat' dir='ltr'>(exceptis</span> <span class='ocrx_word' id='word_1_69' title='bbox 739 462 809 484; x_wconf 88' lang='lat' dir='ltr'>non</span> <span class='ocrx_word' id='word_1_70' title='bbox 831 447 913 483; x_wconf 86' lang='lat' dir='ltr'>adeo</span> <span class='ocrx_word' id='word_1_71' title='bbox 936 446 1046 482; x_wconf 90' lang='lat' dir='ltr'>multis</span> <span class='ocrx_word' id='word_1_72' title='bbox 1071 460 1110 483; x_wconf 87' lang='lat' dir='ltr'>ex</span> <span class='ocrx_word' id='word_1_73' title='bbox 1128 449 1318 483; x_wconf 69' lang='lat' dir='ltr'>coniec‘hira</span> <span class='ocrx_word' id='word_1_74' title='bbox 1340 450 1447 486; x_wconf 90' lang='lat' dir='ltr'>modo</span> <span class='ocrx_word' id='word_1_75' title='bbox 1466 464 1539 485; x_wconf 88' lang='lat' dir='ltr'>vera</span> <span class='ocrx_word' id='word_1_76' title='bbox 1555 450 1660 486; x_wconf 89' lang='lat' dir='ltr'>modo</span> <span class='ocrx_word' id='word_1_77' title='bbox 1677 447 1755 485; x_wconf 86' lang='lat' dir='ltr'>salsa</span> 
     </span>
     <span class='ocr_line' id='line_1_8' title="bbox 37 500 1755 553; baseline -0.002 -14"><span class='ocrx_word' id='word_1_78' title='bbox 37 517 100 553; x_wconf 86' lang='lat' dir='ltr'>per</span> <span class='ocrx_word' id='word_1_79' title='bbox 122 502 259 539; x_wconf 87' lang='lat' dir='ltr'>editores</span> <span class='ocrx_word' id='word_1_80' title='bbox 279 504 485 547; x_wconf 87' lang='lat' dir='ltr'>immutatis,)</span> <span class='ocrx_word' id='word_1_81' title='bbox 512 500 744 550; x_wconf 84' lang='lat' dir='ltr'>insequuntur,</span> <span class='ocrx_word' id='word_1_82' title='bbox 770 511 963 535; x_wconf 82' lang='lat' dir='ltr'>contextum</span> <span class='ocrx_word' id='word_1_83' title='bbox 983 500 1109 534; x_wconf 81' lang='lat' dir='ltr'>Aeliani</span> <span class='ocrx_word' id='word_1_84' title='bbox 1131 500 1241 535; x_wconf 89' lang='lat' dir='ltr'>multo</span> <span class='ocrx_word' id='word_1_85' title='bbox 1263 513 1361 548; x_wconf 87' lang='lat' dir='ltr'>quam</span> <span class='ocrx_word' id='word_1_86' title='bbox 1383 512 1458 537; x_wconf 81' lang='lat' dir='ltr'>ante</span> <span class='ocrx_word' id='word_1_87' title='bbox 1480 503 1625 538; x_wconf 87' lang='lat' dir='ltr'>exhibuit</span> <span class='ocrx_word' id='word_1_88' title='bbox 1649 515 1755 537; x_wconf 90' lang='lat' dir='ltr'>corre-</span> 
     </span>
     <span class='ocr_line' id='line_1_9' title="bbox 37 550 1752 601; baseline -0.002 -10"><span class='ocrx_word' id='word_1_89' title='bbox 37 557 199 595; x_wconf 66' lang='lat' dir='ltr'>ftiorem,</span> <span class='ocrx_word' id='word_1_90' title='bbox 232 553 415 590; x_wconf 75' lang='lat' dir='ltr'>versionem</span> <span class='ocrx_word' id='word_1_91' title='bbox 441 553 560 589; x_wconf 90' lang='lat' dir='ltr'>Vulteii</span> <span class='ocrx_word' id='word_1_92' title='bbox 585 556 628 588; x_wconf 86' lang='lat' dir='ltr'>ita</span> <span class='ocrx_word' id='word_1_93' title='bbox 652 551 839 587; x_wconf 87' lang='lat' dir='ltr'>emendauit</span> <span class='ocrx_word' id='word_1_94' title='bbox 864 555 1090 599; x_wconf 80' lang='lat' dir='ltr'>integramque</span> <span class='ocrx_word' id='word_1_95' title='bbox 1117 550 1294 594; x_wconf 88' lang='lat' dir='ltr'>recenluit‚</span> <span class='ocrx_word' id='word_1_96' title='bbox 1335 562 1368 586; x_wconf 85' lang='lat' dir='ltr'>vt</span> <span class='ocrx_word' id='word_1_97' title='bbox 1397 565 1484 588; x_wconf 87' lang='lat' dir='ltr'>noua</span> <span class='ocrx_word' id='word_1_98' title='bbox 1512 551 1615 601; x_wconf 80' lang='lat' dir='ltr'>poffet</span> <span class='ocrx_word' id='word_1_99' title='bbox 1642 552 1752 593; x_wconf 88' lang='lat' dir='ltr'>videri,</span> 
     </span>
    </p>
   </div>
   <div class='ocr_carea' id='block_1_3' title="bbox 10 601 1753 654">
    <p class='ocr_par' dir='ltr' id='par_1_3' title="bbox 10 601 1753 654">
     <span class='ocr_line' id='line_1_10' title="bbox 10 601 1753 654; baseline -0.001 -12"><span class='ocrx_word' id='word_1_100' title='bbox 10 606 15 607; x_wconf 44' lang='lat'><em>⁷</em></span> <span class='ocrx_word' id='word_1_101' title='bbox 37 604 157 642; x_wconf 79' lang='lat' dir='ltr'>deinde</span> <span class='ocrx_word' id='word_1_102' title='bbox 179 615 288 641; x_wconf 82' lang='lat' dir='ltr'>toturn</span> <span class='ocrx_word' id='word_1_103' title='bbox 310 619 391 654; x_wconf 88' lang='lat' dir='ltr'>opus</span> <span class='ocrx_word' id='word_1_104' title='bbox 414 605 652 641; x_wconf 85' lang='lat' dir='ltr'>commentario</span> <span class='ocrx_word' id='word_1_105' title='bbox 676 602 845 639; x_wconf 87' lang='lat' dir='ltr'>luculento</span> <span class='ocrx_word' id='word_1_106' title='bbox 871 605 1018 642; x_wconf 85' lang='lat' dir='ltr'>ornauit,</span> <span class='ocrx_word' id='word_1_107' title='bbox 1051 615 1116 650; x_wconf 89' lang='lat' dir='ltr'>quo</span> <span class='ocrx_word' id='word_1_108' title='bbox 1140 613 1171 637; x_wconf 88' lang='lat' dir='ltr'>et</span> <span class='ocrx_word' id='word_1_109' title='bbox 1193 601 1295 638; x_wconf 61' lang='lat' dir='ltr'>dictio</span> <span class='ocrx_word' id='word_1_110' title='bbox 1314 615 1431 650; x_wconf 87' lang='lat' dir='ltr'>graeca</span> <span class='ocrx_word' id='word_1_111' title='bbox 1451 614 1482 638; x_wconf 91' lang='lat' dir='ltr'>et</span> <span class='ocrx_word' id='word_1_112' title='bbox 1504 605 1635 640; x_wconf 83' lang='lat' dir='ltr'>historia</span> <span class='ocrx_word' id='word_1_113' title='bbox 1658 616 1753 653; x_wconf 87' lang='lat' dir='ltr'>atque</span> 
     </span>
    </p>
   </div>
   <div class='ocr_carea' id='block_1_4' title="bbox 0 2489 4 2720">
    <p class='ocr_par' dir='ltr' id='par_1_4' title="bbox 0 2370 4 2720">
     <span class='ocr_line' id='line_1_11' title="bbox 0 2489 3 2534; baseline 0 15"><span class='ocrx_word' id='word_1_114' title='bbox 0 2489 3 2534; x_wconf 42' lang='lat' dir='ltr'>t</span> 
     </span>
     <span class='ocr_line' id='line_1_12' title="bbox 0 2552 3 2595; baseline 0 -5"><span class='ocrx_word' id='word_1_115' title='bbox 0 2552 3 2595; x_wconf 70' lang='lat' dir='ltr'>l</span> 
     </span>
     <span class='ocr_line' id='line_1_13' title="bbox 1 2638 4 2720; baseline 0 0"><span class='ocrx_word' id='word_1_116' title='bbox 1 2638 4 2720; x_wconf 63' lang='lat' dir='ltr'>l</span> 
     </span>
    </p>
   </div>
   <div class='ocr_carea' id='block_1_5' title="bbox 26 651 1751 706">
    <p class='ocr_par' dir='ltr' id='par_1_5' title="bbox 26 651 1751 706">
     <span class='ocr_line' id='line_1_14' title="bbox 26 651 1751 706; baseline -0.001 -14"><span class='ocrx_word' id='word_1_117' title='bbox 26 660 239 706; x_wconf 53' lang='lat' dir='ltr'>antiquitates</span> <span class='ocrx_word' id='word_1_118' title='bbox 256 656 379 692; x_wconf 85' lang='lat' dir='ltr'>erudite</span> <span class='ocrx_word' id='word_1_119' title='bbox 395 667 426 692; x_wconf 91' lang='lat' dir='ltr'>et</span> <span class='ocrx_word' id='word_1_120' title='bbox 440 656 578 692; x_wconf 88' lang='lat' dir='ltr'>iucunde</span> <span class='ocrx_word' id='word_1_121' title='bbox 594 653 802 690; x_wconf 79' lang='lat' dir='ltr'>illustrantur,</span> <span class='ocrx_word' id='word_1_122' title='bbox 856 656 893 689; x_wconf 83' lang='lat' dir='ltr'>ln</span> <span class='ocrx_word' id='word_1_123' title='bbox 911 654 974 688; x_wconf 86' lang='lat' dir='ltr'>hoc</span> <span class='ocrx_word' id='word_1_124' title='bbox 991 651 1122 689; x_wconf 84' lang='lat' dir='ltr'>subinde</span> <span class='ocrx_word' id='word_1_125' title='bbox 1140 652 1241 689; x_wconf 52' lang='lat' dir='ltr'>lector</span> <span class='ocrx_word' id='word_1_126' title='bbox 1254 652 1293 689; x_wconf 86' lang='lat' dir='ltr'>ad</span> <span class='ocrx_word' id='word_1_127' title='bbox 1310 653 1466 690; x_wconf 79' lang='lat' dir='ltr'>Schefferi</span> <span class='ocrx_word' id='word_1_128' title='bbox 1480 666 1511 690; x_wconf 91' lang='lat' dir='ltr'>et</span> <span class='ocrx_word' id='word_1_129' title='bbox 1524 658 1644 691; x_wconf 79' lang='lat' dir='ltr'>Kiihnii</span> <span class='ocrx_word' id='word_1_130' title='bbox 1660 665 1751 691; x_wconf 83' lang='lat' dir='ltr'>notas</span> 
     </span>
    </p>
   </div>
   <div class='ocr_carea' id='block_1_6' title="bbox 35 705 1751 963">
    <p class='ocr_par' dir='ltr' id='par_1_6' title="bbox 35 705 1751 963">
     <span class='ocr_line' id='line_1_15' title="bbox 36 705 1751 757; baseline -0.001 -13"><span class='ocrx_word' id='word_1_131' title='bbox 36 711 229 749; x_wconf 83' lang='lat' dir='ltr'>remittitur,</span> <span class='ocrx_word' id='word_1_132' title='bbox 254 720 330 757; x_wconf 83' lang='lat' dir='ltr'>quas</span> <span class='ocrx_word' id='word_1_133' title='bbox 354 722 395 743; x_wconf 88' lang='lat' dir='ltr'>ne</span> <span class='ocrx_word' id='word_1_134' title='bbox 416 706 488 743; x_wconf 87' lang='lat' dir='ltr'>suae</span> <span class='ocrx_word' id='word_1_135' title='bbox 509 707 644 742; x_wconf 84' lang='lat' dir='ltr'>editioni</span> <span class='ocrx_word' id='word_1_136' title='bbox 666 705 872 754; x_wconf 83' lang='lat' dir='ltr'>adiungeret,</span> <span class='ocrx_word' id='word_1_137' title='bbox 897 706 1099 753; x_wconf 79' lang='lat' dir='ltr'>typographi</span> <span class='ocrx_word' id='word_1_138' title='bbox 1121 705 1401 754; x_wconf 82' lang='lat' dir='ltr'>Argentoratenfis</span> <span class='ocrx_word' id='word_1_139' title='bbox 1424 708 1587 755; x_wconf 80' lang='lat' dir='ltr'>precibus,</span> <span class='ocrx_word' id='word_1_140' title='bbox 1615 705 1673 743; x_wconf 89' lang='lat' dir='ltr'>suo</span> <span class='ocrx_word' id='word_1_141' title='bbox 1692 710 1751 742; x_wconf 76' lang='lat' dir='ltr'>Ae-</span> 
     </span>
     <span class='ocr_line' id='line_1_16' title="bbox 36 754 1750 808; baseline -0.001 -12"><span class='ocrx_word' id='word_1_142' title='bbox 36 758 126 796; x_wconf 83' lang='lat' dir='ltr'>liano</span> <span class='ocrx_word' id='word_1_143' title='bbox 149 762 339 802; x_wconf 84' lang='lat' dir='ltr'>metuentis,</span> <span class='ocrx_word' id='word_1_144' title='bbox 364 759 539 808; x_wconf 84' lang='lat' dir='ltr'>impeditus</span> <span class='ocrx_word' id='word_1_145' title='bbox 563 756 635 793; x_wconf 87' lang='lat' dir='ltr'>fuit.</span> <span class='ocrx_word' id='word_1_146' title='bbox 693 756 755 792; x_wconf 87' lang='lat' dir='ltr'>Sed</span> <span class='ocrx_word' id='word_1_147' title='bbox 779 766 811 791; x_wconf 93' lang='lat' dir='ltr'>et</span> <span class='ocrx_word' id='word_1_148' title='bbox 832 754 1019 805; x_wconf 82' lang='lat' dir='ltr'>fragmenta</span> <span class='ocrx_word' id='word_1_149' title='bbox 1041 756 1166 792; x_wconf 83' lang='lat' dir='ltr'>Aeliani</span> <span class='ocrx_word' id='word_1_150' title='bbox 1190 756 1355 801; x_wconf 83' lang='lat' dir='ltr'>adiunxit,</span> <span class='ocrx_word' id='word_1_151' title='bbox 1391 772 1549 800; x_wconf 81' lang='lat' dir='ltr'>monens,</span> <span class='ocrx_word' id='word_1_152' title='bbox 1584 760 1750 795; x_wconf 79' lang='lat' dir='ltr'>Kiihnium</span> 
     </span>
     <span class='ocr_line' id='line_1_17' title="bbox 36 805 1750 859; baseline 0 -13"><span class='ocrx_word' id='word_1_153' title='bbox 36 824 105 846; x_wconf 87' lang='lat' dir='ltr'>non</span> <span class='ocrx_word' id='word_1_154' title='bbox 125 824 226 859; x_wconf 86' lang='lat' dir='ltr'>pauca</span> <span class='ocrx_word' id='word_1_155' title='bbox 244 822 371 859; x_wconf 88' lang='lat' dir='ltr'>praeter</span> <span class='ocrx_word' id='word_1_156' title='bbox 395 824 466 846; x_wconf 88' lang='lat' dir='ltr'>rem</span> <span class='ocrx_word' id='word_1_157' title='bbox 491 820 522 845; x_wconf 91' lang='lat' dir='ltr'>et</span> <span class='ocrx_word' id='word_1_158' title='bbox 545 807 633 844; x_wconf 84' lang='lat' dir='ltr'>facili</span> <span class='ocrx_word' id='word_1_159' title='bbox 659 811 755 843; x_wconf 87' lang='lat' dir='ltr'>nimis</span> <span class='ocrx_word' id='word_1_160' title='bbox 777 805 954 856; x_wconf 84' lang='lat' dir='ltr'>suspicione</span> <span class='ocrx_word' id='word_1_161' title='bbox 974 807 1013 843; x_wconf 91' lang='lat' dir='ltr'>ad</span> <span class='ocrx_word' id='word_1_162' title='bbox 1037 809 1209 844; x_wconf 80' lang='lat' dir='ltr'>Aelianum</span> <span class='ocrx_word' id='word_1_163' title='bbox 1232 810 1403 844; x_wconf 60' lang='lat' dir='ltr'>auctorem</span> <span class='ocrx_word' id='word_1_164' title='bbox 1424 808 1574 847; x_wconf 76' lang='lat' dir='ltr'>retulisse.</span> <span class='ocrx_word' id='word_1_165' title='bbox 1627 809 1750 846; x_wconf 82' lang='lat' dir='ltr'>Indices</span> 
     </span>
     <span class='ocr_line' id='line_1_18' title="bbox 38 857 1749 912; baseline 0 -15"><span class='ocrx_word' id='word_1_166' title='bbox 38 875 168 911; x_wconf 86' lang='lat' dir='ltr'>quoque</span> <span class='ocrx_word' id='word_1_167' title='bbox 185 864 412 898; x_wconf 84' lang='lat' dir='ltr'>Perizonianae</span> <span class='ocrx_word' id='word_1_168' title='bbox 425 861 558 898; x_wconf 86' lang='lat' dir='ltr'>editioni</span> <span class='ocrx_word' id='word_1_169' title='bbox 576 858 818 907; x_wconf 81' lang='lat' dir='ltr'>locupletiffimi</span> <span class='ocrx_word' id='word_1_170' title='bbox 836 857 1062 901; x_wconf 63' lang='lat' dir='ltr'>subii-ciuntur,</span> <span class='ocrx_word' id='word_1_171' title='bbox 1089 863 1262 909; x_wconf 74' lang='lat' dir='ltr'>praecipue</span> <span class='ocrx_word' id='word_1_172' title='bbox 1277 860 1455 897; x_wconf 82' lang='lat' dir='ltr'>vtilissimus</span> <span class='ocrx_word' id='word_1_173' title='bbox 1476 861 1529 898; x_wconf 91' lang='lat' dir='ltr'>ille</span> <span class='ocrx_word' id='word_1_174' title='bbox 1549 873 1580 898; x_wconf 91' lang='lat' dir='ltr'>et</span> <span class='ocrx_word' id='word_1_175' title='bbox 1597 861 1749 912; x_wconf 86' lang='lat' dir='ltr'>fingulari</span> 
     </span>
     <span class='ocr_line' id='line_1_19' title="bbox 35 909 1515 963; baseline 0.001 -15"><span class='ocrx_word' id='word_1_176' title='bbox 35 913 135 963; x_wconf 83' lang='lat' dir='ltr'>plane</span> <span class='ocrx_word' id='word_1_177' title='bbox 156 911 260 948; x_wconf 82' lang='lat' dir='ltr'>studio</span> <span class='ocrx_word' id='word_1_178' title='bbox 282 924 378 962; x_wconf 85' lang='lat' dir='ltr'>atque</span> <span class='ocrx_word' id='word_1_179' title='bbox 399 915 606 948; x_wconf 78' lang='lat' dir='ltr'>accuratione</span> <span class='ocrx_word' id='word_1_180' title='bbox 625 909 815 953; x_wconf 59' lang='lat' dir='ltr'>confectus,</span> <span class='ocrx_word' id='word_1_181' title='bbox 842 924 909 960; x_wconf 88' lang='lat' dir='ltr'>quo</span> <span class='ocrx_word' id='word_1_182' title='bbox 927 923 1044 959; x_wconf 83' lang='lat' dir='ltr'>graeca</span> <span class='ocrx_word' id='word_1_183' title='bbox 1059 911 1185 946; x_wconf 85' lang='lat' dir='ltr'>Aeliani</span> <span class='ocrx_word' id='word_1_184' title='bbox 1201 912 1302 948; x_wconf 65' lang='lat' dir='ltr'>dictio</span> <span class='ocrx_word' id='word_1_185' title='bbox 1324 914 1515 961; x_wconf 83' lang='lat' dir='ltr'>explicatur.</span> 
     </span>
    </p>
   </div>
   <div class='ocr_carea' id='block_1_7' title="bbox 33 989 1748 1450">
    <p class='ocr_par' dir='ltr' id='par_1_7' title="bbox 33 989 1748 1450">
     <span class='ocr_line' id='line_1_20' title="bbox 140 989 1748 1039; baseline 0.001 -12"><span class='ocrx_word' id='word_1_186' title='bbox 140 991 262 1038; x_wconf 85' lang='lat' dir='ltr'>[Multa</span> <span class='ocrx_word' id='word_1_187' title='bbox 276 1000 385 1026; x_wconf 88' lang='lat' dir='ltr'>tamen</span> <span class='ocrx_word' id='word_1_188' title='bbox 404 992 510 1027; x_wconf 84' lang='lat' dir='ltr'>vlcera</span> <span class='ocrx_word' id='word_1_189' title='bbox 526 993 557 1026; x_wconf 90' lang='lat' dir='ltr'>in</span> <span class='ocrx_word' id='word_1_190' title='bbox 573 998 728 1025; x_wconf 84' lang='lat' dir='ltr'>contextu</span> <span class='ocrx_word' id='word_1_191' title='bbox 743 1003 862 1039; x_wconf 86' lang='lat' dir='ltr'>graeco</span> <span class='ocrx_word' id='word_1_192' title='bbox 879 990 930 1024; x_wconf 86' lang='lat' dir='ltr'>vel</span> <span class='ocrx_word' id='word_1_193' title='bbox 953 989 1050 1038; x_wconf 88' lang='lat' dir='ltr'>plane</span> <span class='ocrx_word' id='word_1_194' title='bbox 1065 991 1183 1025; x_wconf 62' lang='lat' dir='ltr'>inradia</span> <span class='ocrx_word' id='word_1_195' title='bbox 1200 989 1328 1038; x_wconf 88' lang='lat' dir='ltr'>reliquit</span> <span class='ocrx_word' id='word_1_196' title='bbox 1344 992 1493 1026; x_wconf 85' lang='lat' dir='ltr'>Perizon.</span> <span class='ocrx_word' id='word_1_197' title='bbox 1515 991 1564 1026; x_wconf 87' lang='lat' dir='ltr'>vel</span> <span class='ocrx_word' id='word_1_198' title='bbox 1584 989 1748 1028; x_wconf 83' lang='lat' dir='ltr'>subtiliore</span> 
     </span>
     <span class='ocr_line' id='line_1_21' title="bbox 35 1039 1746 1091; baseline 0 -12"><span class='ocrx_word' id='word_1_199' title='bbox 35 1043 180 1080; x_wconf 74' lang='lat' dir='ltr'>aliorum</span> <span class='ocrx_word' id='word_1_200' title='bbox 203 1046 392 1078; x_wconf 84' lang='lat' dir='ltr'>criticorum</span> <span class='ocrx_word' id='word_1_201' title='bbox 415 1042 584 1091; x_wconf 79' lang='lat' dir='ltr'>sagacitate</span> <span class='ocrx_word' id='word_1_202' title='bbox 603 1040 729 1076; x_wconf 87' lang='lat' dir='ltr'>felicius</span> <span class='ocrx_word' id='word_1_203' title='bbox 754 1041 912 1077; x_wconf 88' lang='lat' dir='ltr'>curanda:</span> <span class='ocrx_word' id='word_1_204' title='bbox 941 1039 1031 1089; x_wconf 84' lang='lat' dir='ltr'>quod</span> <span class='ocrx_word' id='word_1_205' title='bbox 1052 1044 1149 1076; x_wconf 88' lang='lat' dir='ltr'>etiam</span> <span class='ocrx_word' id='word_1_206' title='bbox 1171 1041 1210 1075; x_wconf 86' lang='lat' dir='ltr'>ab</span> <span class='ocrx_word' id='word_1_207' title='bbox 1226 1041 1476 1078; x_wconf 79' lang='lat' dir='ltr'>Hemsserhulio</span> <span class='ocrx_word' id='word_1_208' title='bbox 1498 1053 1528 1077; x_wconf 83' lang='lat' dir='ltr'>et</span> <span class='ocrx_word' id='word_1_209' title='bbox 1547 1043 1746 1080; x_wconf 84' lang='lat' dir='ltr'>Ruhnkenio</span> 
     </span>
     <span class='ocr_line' id='line_1_22' title="bbox 36 1091 1746 1144; baseline -0.001 -13"><span class='ocrx_word' id='word_1_210' title='bbox 36 1096 210 1144; x_wconf 80' lang='lat' dir='ltr'>aliquoties</span> <span class='ocrx_word' id='word_1_211' title='bbox 233 1091 439 1130; x_wconf 86' lang='lat' dir='ltr'>obseruatum</span> <span class='ocrx_word' id='word_1_212' title='bbox 461 1107 515 1129; x_wconf 85' lang='lat' dir='ltr'>me</span> <span class='ocrx_word' id='word_1_213' title='bbox 535 1093 645 1142; x_wconf 86' lang='lat' dir='ltr'>legere</span> <span class='ocrx_word' id='word_1_214' title='bbox 664 1095 813 1128; x_wconf 83' lang='lat' dir='ltr'>memini.</span> <span class='ocrx_word' id='word_1_215' title='bbox 864 1094 1008 1128; x_wconf 80' lang='lat' dir='ltr'>Interea</span> <span class='ocrx_word' id='word_1_216' title='bbox 1029 1091 1309 1141; x_wconf 82' lang='lat' dir='ltr'>praestantioribus</span> <span class='ocrx_word' id='word_1_217' title='bbox 1328 1093 1527 1142; x_wconf 81' lang='lat' dir='ltr'>eruditisque</span> <span class='ocrx_word' id='word_1_218' title='bbox 1551 1094 1746 1130; x_wconf 78' lang='lat' dir='ltr'>editionibus</span> 
     </span>
     <span class='ocr_line' id='line_1_23' title="bbox 37 1141 1747 1193; baseline 0.001 -12"><span class='ocrx_word' id='word_1_219' title='bbox 37 1149 178 1182; x_wconf 88' lang='lat' dir='ltr'>omnino</span> <span class='ocrx_word' id='word_1_220' title='bbox 199 1144 443 1180; x_wconf 79' lang='lat' dir='ltr'>adnumeranda</span> <span class='ocrx_word' id='word_1_221' title='bbox 463 1143 507 1180; x_wconf 86' lang='lat' dir='ltr'>est</span> <span class='ocrx_word' id='word_1_222' title='bbox 529 1144 582 1179; x_wconf 88' lang='lat' dir='ltr'>illa</span> <span class='ocrx_word' id='word_1_223' title='bbox 598 1146 826 1179; x_wconf 83' lang='lat' dir='ltr'>Perizoniana:</span> <span class='ocrx_word' id='word_1_224' title='bbox 852 1157 951 1192; x_wconf 82' lang='lat' dir='ltr'>quae,</span> <span class='ocrx_word' id='word_1_225' title='bbox 974 1142 1090 1178; x_wconf 85' lang='lat' dir='ltr'>additis</span> <span class='ocrx_word' id='word_1_226' title='bbox 1107 1141 1262 1179; x_wconf 84' lang='lat' dir='ltr'>Schefferi</span> <span class='ocrx_word' id='word_1_227' title='bbox 1282 1146 1466 1193; x_wconf 77' lang='lat' dir='ltr'>Kt&#39;ihniique</span> <span class='ocrx_word' id='word_1_228' title='bbox 1483 1143 1747 1182; x_wconf 86' lang='lat' dir='ltr'>adnotationibus</span> 
     </span>
     <span class='ocr_line' id='line_1_24' title="bbox 36 1192 1747 1247; baseline 0 -14"><span class='ocrx_word' id='word_1_229' title='bbox 36 1207 69 1233; x_wconf 85' lang='lat' dir='ltr'>et</span> <span class='ocrx_word' id='word_1_230' title='bbox 89 1194 264 1247; x_wconf 82' lang='lat' dir='ltr'>praemiffis</span> <span class='ocrx_word' id='word_1_231' title='bbox 285 1193 490 1244; x_wconf 86' lang='lat' dir='ltr'>superiorum</span> <span class='ocrx_word' id='word_1_232' title='bbox 516 1194 678 1230; x_wconf 88' lang='lat' dir='ltr'>editorum</span> <span class='ocrx_word' id='word_1_233' title='bbox 696 1193 950 1229; x_wconf 81' lang='lat' dir='ltr'>dedicationibus</span> <span class='ocrx_word' id='word_1_234' title='bbox 974 1207 1012 1229; x_wconf 90' lang='lat' dir='ltr'>ac</span> <span class='ocrx_word' id='word_1_235' title='bbox 1036 1192 1306 1241; x_wconf 86' lang='lat' dir='ltr'>praefationibus,</span> <span class='ocrx_word' id='word_1_236' title='bbox 1332 1195 1503 1231; x_wconf 88' lang='lat' dir='ltr'>luculentis</span> <span class='ocrx_word' id='word_1_237' title='bbox 1526 1199 1613 1245; x_wconf 90' lang='lat' dir='ltr'>typis</span> <span class='ocrx_word' id='word_1_238' title='bbox 1636 1195 1747 1233; x_wconf 87' lang='lat' dir='ltr'>recusa</span> 
     </span>
     <span class='ocr_line' id='line_1_25' title="bbox 35 1243 1745 1295; baseline -0.001 -11"><span class='ocrx_word' id='word_1_239' title='bbox 35 1247 80 1284; x_wconf 83' lang='lat' dir='ltr'>est</span> <span class='ocrx_word' id='word_1_240' title='bbox 103 1258 234 1282; x_wconf 87' lang='lat' dir='ltr'>curante</span> <span class='ocrx_word' id='word_1_241' title='bbox 249 1245 332 1281; x_wconf 78' lang='lat' dir='ltr'>Abr.</span> <span class='ocrx_word' id='word_1_242' title='bbox 350 1247 538 1286; x_wconf 76' lang='lat' dir='ltr'>Gronouio,</span> <span class='ocrx_word' id='word_1_243' title='bbox 565 1248 617 1295; x_wconf 88' lang='lat' dir='ltr'>qui</span> <span class='ocrx_word' id='word_1_244' title='bbox 645 1248 747 1280; x_wconf 85' lang='lat' dir='ltr'>varias</span> <span class='ocrx_word' id='word_1_245' title='bbox 770 1243 902 1280; x_wconf 91' lang='lat' dir='ltr'>subiecit</span> <span class='ocrx_word' id='word_1_246' title='bbox 924 1244 1000 1280; x_wconf 87' lang='lat' dir='ltr'>cod.</span> <span class='ocrx_word' id='word_1_247' title='bbox 1017 1244 1161 1280; x_wconf 88' lang='lat' dir='ltr'>Medicei</span> <span class='ocrx_word' id='word_1_248' title='bbox 1184 1259 1221 1279; x_wconf 92' lang='lat' dir='ltr'>ac</span> <span class='ocrx_word' id='word_1_249' title='bbox 1245 1245 1416 1281; x_wconf 85' lang='lat' dir='ltr'>Sluiskiani</span> <span class='ocrx_word' id='word_1_250' title='bbox 1439 1246 1616 1290; x_wconf 63' lang='lat' dir='ltr'>lectiones,</span> <span class='ocrx_word' id='word_1_251' title='bbox 1645 1252 1745 1283; x_wconf 83' lang='lat' dir='ltr'>rarius</span> 
     </span>
     <span class='ocr_line' id='line_1_26' title="bbox 34 1295 1745 1348; baseline 0 -13"><span class='ocrx_word' id='word_1_252' title='bbox 34 1298 163 1335; x_wconf 82' lang='lat' dir='ltr'>induxit</span> <span class='ocrx_word' id='word_1_253' title='bbox 183 1296 355 1334; x_wconf 89' lang='lat' dir='ltr'>meliorem</span> <span class='ocrx_word' id='word_1_254' title='bbox 375 1297 553 1334; x_wconf 64' lang='lat' dir='ltr'>lectionem</span> <span class='ocrx_word' id='word_1_255' title='bbox 575 1311 592 1332; x_wconf 93' lang='lat' dir='ltr'>e</span> <span class='ocrx_word' id='word_1_256' title='bbox 614 1296 710 1332; x_wconf 89' lang='lat' dir='ltr'>codd.</span> <span class='ocrx_word' id='word_1_257' title='bbox 729 1308 760 1332; x_wconf 91' lang='lat' dir='ltr'>et</span> <span class='ocrx_word' id='word_1_258' title='bbox 775 1309 892 1344; x_wconf 77' lang='lat' dir='ltr'>paucas</span> <span class='ocrx_word' id='word_1_259' title='bbox 911 1295 1032 1332; x_wconf 81' lang='lat' dir='ltr'>adleuit</span> <span class='ocrx_word' id='word_1_260' title='bbox 1048 1296 1101 1331; x_wconf 91' lang='lat' dir='ltr'>vel</span> <span class='ocrx_word' id='word_1_261' title='bbox 1123 1299 1271 1345; x_wconf 87' lang='lat' dir='ltr'>proprias</span> <span class='ocrx_word' id='word_1_262' title='bbox 1293 1296 1552 1341; x_wconf 79' lang='lat' dir='ltr'>obseruationes,</span> <span class='ocrx_word' id='word_1_263' title='bbox 1579 1299 1630 1334; x_wconf 89' lang='lat' dir='ltr'>vel</span> <span class='ocrx_word' id='word_1_264' title='bbox 1647 1303 1745 1348; x_wconf 81' lang='lat' dir='ltr'>patris</span> 
     </span>
     <span class='ocr_line' id='line_1_27' title="bbox 33 1347 1744 1398; baseline 0.001 -12"><span class='ocrx_word' id='word_1_265' title='bbox 33 1349 83 1387; x_wconf 77' lang='lat' dir='ltr'>sui</span> <span class='ocrx_word' id='word_1_266' title='bbox 100 1360 132 1387; x_wconf 89' lang='lat' dir='ltr'>et</span> <span class='ocrx_word' id='word_1_267' title='bbox 147 1349 287 1385; x_wconf 88' lang='lat' dir='ltr'>aliorum</span> <span class='ocrx_word' id='word_1_268' title='bbox 304 1351 420 1398; x_wconf 83' lang='lat' dir='ltr'>auique</span> <span class='ocrx_word' id='word_1_269' title='bbox 435 1351 636 1386; x_wconf 65' lang='lat' dir='ltr'>conied’turas</span> <span class='ocrx_word' id='word_1_270' title='bbox 651 1361 747 1397; x_wconf 82' lang='lat' dir='ltr'>atque</span> <span class='ocrx_word' id='word_1_271' title='bbox 763 1347 1016 1384; x_wconf 83' lang='lat' dir='ltr'>emendationes.</span> <span class='ocrx_word' id='word_1_272' title='bbox 1069 1349 1202 1384; x_wconf 85' lang='lat' dir='ltr'>Gesneti</span> <span class='ocrx_word' id='word_1_273' title='bbox 1224 1350 1309 1385; x_wconf 83' lang='lat' dir='ltr'>notis</span> <span class='ocrx_word' id='word_1_274' title='bbox 1331 1347 1531 1386; x_wconf 81' lang='lat' dir='ltr'>accesserunt</span> <span class='ocrx_word' id='word_1_275' title='bbox 1548 1363 1645 1387; x_wconf 89' lang='lat' dir='ltr'>curae</span> <span class='ocrx_word' id='word_1_276' title='bbox 1657 1351 1744 1388; x_wconf 89' lang='lat' dir='ltr'>illius</span> 
     </span>
     <span class='ocr_line' id='line_1_28' title="bbox 33 1397 1058 1450; baseline -0.004 -11"><span class='ocrx_word' id='word_1_277' title='bbox 33 1400 191 1439; x_wconf 84' lang='lat' dir='ltr'>secundae</span> <span class='ocrx_word' id='word_1_278' title='bbox 215 1400 536 1450; x_wconf 58' lang='lat' dir='ltr'>eousque‘ineditae:</span> <span class='ocrx_word' id='word_1_279' title='bbox 570 1397 739 1450; x_wconf 78' lang='lat' dir='ltr'>inscriptio</span> <span class='ocrx_word' id='word_1_280' title='bbox 763 1409 872 1436; x_wconf 89' lang='lat' dir='ltr'>autem</span> <span class='ocrx_word' id='word_1_281' title='bbox 896 1401 974 1435; x_wconf 86' lang='lat' dir='ltr'>haec</span> <span class='ocrx_word' id='word_1_282' title='bbox 996 1398 1058 1435; x_wconf 82' lang='lat' dir='ltr'>est:</span> 
     </span>
    </p>
   </div>
   <div class='ocr_carea' id='block_1_8' title="bbox 33 1464 1746 1671">
    <p class='ocr_par' dir='ltr' id='par_1_8' title="bbox 33 1464 1746 1671">
     <span class='ocr_line' id='line_1_29' title="bbox 137 1464 1746 1517; baseline 0.001 -12"><span class='ocrx_word' id='word_1_283' title='bbox 137 1473 199 1508; x_wconf 80' lang='grc' dir='ltr'>Κλ.</span> <span class='ocrx_word' id='word_1_284' title='bbox 214 1464 358 1508; x_wconf 71' lang='grc' dir='ltr'><strong><em>Αἶλιοὶνε</em></strong></span> <span class='ocrx_word' id='word_1_285' title='bbox 383 1487 432 1497; x_wconf 82' lang='lat'>·-</span> <span class='ocrx_word' id='word_1_286' title='bbox 462 1468 511 1504; x_wconf 85' lang='lat' dir='ltr'>Cl.</span> <span class='ocrx_word' id='word_1_287' title='bbox 527 1466 655 1502; x_wconf 69' lang='lat' dir='ltr'>Aeliam·</span> <span class='ocrx_word' id='word_1_288' title='bbox 677 1466 838 1515; x_wconf 63' lang='lat' dir='ltr'>Sophistae</span> <span class='ocrx_word' id='word_1_289' title='bbox 857 1468 947 1501; x_wconf 76' lang='lat' dir='ltr'>varia</span> <span class='ocrx_word' id='word_1_290' title='bbox 968 1465 1116 1512; x_wconf 67' lang='lat' dir='ltr'>hylaria,</span> <span class='ocrx_word' id='word_1_291' title='bbox 1147 1480 1224 1504; x_wconf 86' lang='lat' dir='ltr'>cum</span> <span class='ocrx_word' id='word_1_292' title='bbox 1246 1469 1331 1504; x_wconf 91' lang='lat' dir='ltr'>notis</span> <span class='ocrx_word' id='word_1_293' title='bbox 1350 1469 1485 1517; x_wconf 83' lang='lat' dir='ltr'>integris</span> <span class='ocrx_word' id='word_1_294' title='bbox 1506 1468 1650 1505; x_wconf 90' lang='lat' dir='ltr'>Conradi</span> <span class='ocrx_word' id='word_1_295' title='bbox 1668 1471 1746 1511; x_wconf 65' lang='lat' dir='ltr'>Ges:</span> 
     </span>
     <span class='ocr_line' id='line_1_30' title="bbox 33 1517 1745 1570; baseline 0.001 -13"><span class='ocrx_word' id='word_1_296' title='bbox 33 1522 125 1563; x_wconf 81' lang='lat' dir='ltr'>neri,</span> <span class='ocrx_word' id='word_1_297' title='bbox 157 1522 229 1556; x_wconf 84' lang='lat' dir='ltr'>Iob.</span> <span class='ocrx_word' id='word_1_298' title='bbox 248 1517 424 1562; x_wconf 81' lang='lat' dir='ltr'>Schefferi,</span> <span class='ocrx_word' id='word_1_299' title='bbox 455 1519 644 1568; x_wconf 87' lang='lat' dir='ltr'>Tanaquilli</span> <span class='ocrx_word' id='word_1_300' title='bbox 661 1519 772 1561; x_wconf 85' lang='lat' dir='ltr'>Fabri,</span> <span class='ocrx_word' id='word_1_301' title='bbox 792 1520 968 1553; x_wconf 87' lang='lat' dir='ltr'>·loachimi</span> <span class='ocrx_word' id='word_1_302' title='bbox 984 1520 1126 1561; x_wconf 86' lang='lat' dir='ltr'>Kuhnii,</span> <span class='ocrx_word' id='word_1_303' title='bbox 1159 1521 1220 1554; x_wconf 83' lang='lat' dir='ltr'>Iac.</span> <span class='ocrx_word' id='word_1_304' title='bbox 1240 1522 1399 1555; x_wconf 83' lang='lat' dir='ltr'>Perizonii</span> <span class='ocrx_word' id='word_1_305' title='bbox 1421 1531 1453 1555; x_wconf 90' lang='lat' dir='ltr'>et</span> <span class='ocrx_word' id='word_1_306' title='bbox 1477 1522 1745 1570; x_wconf 87' lang='lat' dir='ltr'>interpretatione</span> 
     </span>
     <span class='ocr_line' id='line_1_31' title="bbox 33 1568 1745 1623; baseline 0.001 -16"><span class='ocrx_word' id='word_1_307' title='bbox 33 1573 135 1611; x_wconf 82' lang='lat' dir='ltr'>latina</span> <span class='ocrx_word' id='word_1_308' title='bbox 155 1571 228 1607; x_wconf 79' lang='lat' dir='ltr'>lusti</span> <span class='ocrx_word' id='word_1_309' title='bbox 246 1571 384 1611; x_wconf 84' lang='lat' dir='ltr'>Vulteii‚</span> <span class='ocrx_word' id='word_1_310' title='bbox 410 1573 587 1606; x_wconf 84' lang='lat' dir='ltr'>innumeris</span> <span class='ocrx_word' id='word_1_311' title='bbox 612 1573 644 1605; x_wconf 89' lang='lat' dir='ltr'>in</span> <span class='ocrx_word' id='word_1_312' title='bbox 665 1570 746 1605; x_wconf 89' lang='lat' dir='ltr'>locis</span> <span class='ocrx_word' id='word_1_313' title='bbox 770 1568 952 1606; x_wconf 85' lang='lat' dir='ltr'>emendata.</span> <span class='ocrx_word' id='word_1_314' title='bbox 979 1581 1112 1607; x_wconf 86' lang='lat' dir='ltr'>curante</span> <span class='ocrx_word' id='word_1_315' title='bbox 1127 1569 1314 1607; x_wconf 69' lang='lat' dir='ltr'>Abrahamo</span> <span class='ocrx_word' id='word_1_316' title='bbox 1330 1572 1519 1614; x_wconf 79' lang='lat' dir='ltr'>Gronouio,</span> <span class='ocrx_word' id='word_1_317' title='bbox 1546 1575 1601 1623; x_wconf 89' lang='lat' dir='ltr'>qui</span> <span class='ocrx_word' id='word_1_318' title='bbox 1623 1584 1655 1610; x_wconf 86' lang='lat' dir='ltr'>et</span> <span class='ocrx_word' id='word_1_319' title='bbox 1676 1571 1745 1610; x_wconf 89' lang='lat' dir='ltr'>suas</span> 
     </span>
     <span class='ocr_line' id='line_1_32' title="bbox 35 1621 1041 1671; baseline -0.004 -11"><span class='ocrx_word' id='word_1_320' title='bbox 35 1622 260 1660; x_wconf 81' lang='lat' dir='ltr'>adnotationes</span> <span class='ocrx_word' id='word_1_321' title='bbox 281 1621 406 1658; x_wconf 83' lang='lat' dir='ltr'>adiecit.</span> <span class='ocrx_word' id='word_1_322' title='bbox 434 1621 536 1671; x_wconf 86' lang='lat' dir='ltr'>Lugd.</span> <span class='ocrx_word' id='word_1_323' title='bbox 556 1623 664 1657; x_wconf 82' lang='lat' dir='ltr'>Batau.</span> <span class='ocrx_word' id='word_1_324' title='bbox 679 1622 815 1658; x_wconf 82' lang='lat' dir='ltr'>Amssel.</span> <span class='ocrx_word' id='word_1_325' title='bbox 832 1631 892 1657; x_wconf 83' lang='lat' dir='ltr'>etc.</span> <span class='ocrx_word' id='word_1_326' title='bbox 917 1634 994 1665; x_wconf 82' lang='lat'><strong>¹73¹·</strong></span> <span class='ocrx_word' id='word_1_327' title='bbox 1010 1632 1041 1664; x_wconf 87' lang='lat'>4.</span> 
     </span>
    </p>
   </div>
   <div class='ocr_carea' id='block_1_9' title="bbox 35 1687 1748 1895">
    <p class='ocr_par' dir='ltr' id='par_1_9' title="bbox 35 1687 1748 1895">
     <span class='ocr_line' id='line_1_33' title="bbox 136 1687 1745 1738; baseline -0.001 -12"><span class='ocrx_word' id='word_1_328' title='bbox 136 1692 234 1726; x_wconf 84' lang='lat' dir='ltr'>Hanc</span> <span class='ocrx_word' id='word_1_329' title='bbox 252 1688 432 1725; x_wconf 82' lang='lat' dir='ltr'>editionem</span> <span class='ocrx_word' id='word_1_330' title='bbox 453 1688 635 1737; x_wconf 84' lang='lat' dir='ltr'>plurimum</span> <span class='ocrx_word' id='word_1_331' title='bbox 655 1687 806 1737; x_wconf 87' lang='lat' dir='ltr'>sequutus</span> <span class='ocrx_word' id='word_1_332' title='bbox 824 1687 867 1723; x_wconf 83' lang='lat' dir='ltr'>est</span> <span class='ocrx_word' id='word_1_333' title='bbox 885 1688 1132 1735; x_wconf 74' lang='lat' dir='ltr'>Kretzsclumar,</span> <span class='ocrx_word' id='word_1_334' title='bbox 1157 1691 1214 1737; x_wconf 91' lang='lat' dir='ltr'>qui</span> <span class='ocrx_word' id='word_1_335' title='bbox 1237 1698 1365 1725; x_wconf 86' lang='lat' dir='ltr'>textum</span> <span class='ocrx_word' id='word_1_336' title='bbox 1386 1702 1540 1738; x_wconf 85' lang='lat' dir='ltr'>graecum</span> <span class='ocrx_word' id='word_1_337' title='bbox 1561 1689 1745 1728; x_wconf 83' lang='lat' dir='ltr'>adnotatio.</span> 
     </span>
     <span class='ocr_line' id='line_1_34' title="bbox 35 1738 1746 1793; baseline 0 -14"><span class='ocrx_word' id='word_1_338' title='bbox 35 1743 129 1780; x_wconf 83' lang='lat' dir='ltr'>nibus</span> <span class='ocrx_word' id='word_1_339' title='bbox 151 1741 284 1791; x_wconf 87' lang='lat' dir='ltr'>quidem</span> <span class='ocrx_word' id='word_1_340' title='bbox 309 1741 497 1776; x_wconf 81' lang='lat' dir='ltr'>destitutum</span> <span class='ocrx_word' id='word_1_341' title='bbox 518 1739 623 1783; x_wconf 79' lang='lat' dir='ltr'>dedit,</span> <span class='ocrx_word' id='word_1_342' title='bbox 650 1738 704 1776; x_wconf 86' lang='lat' dir='ltr'>sed</span> <span class='ocrx_word' id='word_1_343' title='bbox 720 1740 801 1776; x_wconf 84' lang='lat' dir='ltr'>adeo</span> <span class='ocrx_word' id='word_1_344' title='bbox 818 1739 954 1788; x_wconf 85' lang='lat' dir='ltr'>plenum</span> <span class='ocrx_word' id='word_1_345' title='bbox 976 1750 1007 1774; x_wconf 92' lang='lat' dir='ltr'>et</span> <span class='ocrx_word' id='word_1_346' title='bbox 1026 1740 1225 1788; x_wconf 89' lang='lat' dir='ltr'>locupletem</span> <span class='ocrx_word' id='word_1_347' title='bbox 1242 1740 1357 1776; x_wconf 85' lang='lat' dir='ltr'>adiecit</span> <span class='ocrx_word' id='word_1_348' title='bbox 1373 1741 1534 1785; x_wconf 87' lang='lat' dir='ltr'>indicem,</span> <span class='ocrx_word' id='word_1_349' title='bbox 1560 1752 1594 1777; x_wconf 91' lang='lat' dir='ltr'>vt</span> <span class='ocrx_word' id='word_1_350' title='bbox 1609 1746 1634 1778; x_wconf 87' lang='lat' dir='ltr'>is</span> <span class='ocrx_word' id='word_1_351' title='bbox 1656 1743 1746 1793; x_wconf 81' lang='lat' dir='ltr'>quafi</span> 
     </span>
     <span class='ocr_line' id='line_1_35' title="bbox 40 1789 1748 1843; baseline 0.002 -15"><span class='ocrx_word' id='word_1_352' title='bbox 40 1797 124 1828; x_wconf 77' lang='lat' dir='ltr'>vices</span> <span class='ocrx_word' id='word_1_353' title='bbox 151 1794 384 1829; x_wconf 87' lang='lat' dir='ltr'>commentarii</span> <span class='ocrx_word' id='word_1_354' title='bbox 413 1789 519 1841; x_wconf 85' lang='lat' dir='ltr'>posset</span> <span class='ocrx_word' id='word_1_355' title='bbox 542 1793 680 1840; x_wconf 86' lang='lat' dir='ltr'>explere.</span> <span class='ocrx_word' id='word_1_356' title='bbox 743 1792 894 1827; x_wconf 80' lang='lat' dir='ltr'>Editurus</span> <span class='ocrx_word' id='word_1_357' title='bbox 924 1791 1059 1840; x_wconf 88' lang='lat' dir='ltr'>quidem</span> <span class='ocrx_word' id='word_1_358' title='bbox 1089 1801 1157 1827; x_wconf 84' lang='lat' dir='ltr'>erat</span> <span class='ocrx_word' id='word_1_359' title='bbox 1182 1791 1410 1828; x_wconf 86' lang='lat' dir='ltr'>Kretzschmar</span> <span class='ocrx_word' id='word_1_360' title='bbox 1431 1803 1601 1843; x_wconf 85' lang='lat' dir='ltr'>vtramque</span> <span class='ocrx_word' id='word_1_361' title='bbox 1622 1795 1748 1832; x_wconf 80' lang='lat' dir='ltr'>Aeliani</span> 
     </span>
     <span class='ocr_line' id='line_1_36' title="bbox 37 1839 1648 1895; baseline -0.001 -13"><span class='ocrx_word' id='word_1_362' title='bbox 37 1844 225 1886; x_wconf 79' lang='lat' dir='ltr'>historiam,</span> <span class='ocrx_word' id='word_1_363' title='bbox 250 1853 283 1878; x_wconf 87' lang='lat' dir='ltr'>et</span> <span class='ocrx_word' id='word_1_364' title='bbox 301 1845 423 1878; x_wconf 88' lang='lat' dir='ltr'>variam</span> <span class='ocrx_word' id='word_1_365' title='bbox 448 1853 480 1877; x_wconf 91' lang='lat' dir='ltr'>et</span> <span class='ocrx_word' id='word_1_366' title='bbox 499 1844 708 1882; x_wconf 66' lang='lat' dir='ltr'>animalium</span> <span class='ocrx_word' id='word_1_367' title='bbox 735 1839 787 1878; x_wconf 91' lang='lat' dir='ltr'>sed</span> <span class='ocrx_word' id='word_1_368' title='bbox 809 1844 935 1890; x_wconf 88' lang='lat' dir='ltr'>primus</span> <span class='ocrx_word' id='word_1_369' title='bbox 955 1852 1079 1878; x_wconf 85' lang='lat' dir='ltr'>tantum</span> <span class='ocrx_word' id='word_1_370' title='bbox 1098 1846 1284 1892; x_wconf 89' lang='lat' dir='ltr'>comparuit</span> <span class='ocrx_word' id='word_1_371' title='bbox 1306 1854 1437 1887; x_wconf 89' lang='lat' dir='ltr'>tomus,</span> <span class='ocrx_word' id='word_1_372' title='bbox 1460 1843 1648 1895; x_wconf 84' lang='lat' dir='ltr'>inscriptus:</span> 
     </span>
    </p>
   </div>
   <div class='ocr_carea' id='block_1_10' title="bbox 35 1908 1747 2358">
    <p class='ocr_par' dir='ltr' id='par_1_10' title="bbox 35 1908 1747 2358">
     <span class='ocr_line' id='line_1_37' title="bbox 140 1908 1747 1961; baseline 0.002 -16"><span class='ocrx_word' id='word_1_373' title='bbox 140 1910 273 1947; x_wconf 80' lang='lat' dir='ltr'>Aeliani</span> <span class='ocrx_word' id='word_1_374' title='bbox 288 1921 417 1955; x_wconf 79' lang='lat' dir='ltr'>opernm</span> <span class='ocrx_word' id='word_1_375' title='bbox 432 1916 538 1944; x_wconf 80' lang='lat' dir='ltr'>tomus</span> <span class='ocrx_word' id='word_1_376' title='bbox 552 1912 580 1944; x_wconf 91' lang='lat' dir='ltr'>I.</span> <span class='ocrx_word' id='word_1_377' title='bbox 600 1911 721 1943; x_wconf 77' lang='lat' dir='ltr'>variam</span> <span class='ocrx_word' id='word_1_378' title='bbox 737 1908 898 1954; x_wconf 72' lang='lat' dir='ltr'>historiam</span> <span class='ocrx_word' id='word_1_379' title='bbox 914 1911 1093 1948; x_wconf 74' lang='lat' dir='ltr'>continent,</span> <span class='ocrx_word' id='word_1_380' title='bbox 1121 1908 1220 1946; x_wconf 87' lang='lat' dir='ltr'>editio</span> <span class='ocrx_word' id='word_1_381' title='bbox 1242 1913 1425 1946; x_wconf 85' lang='lat' dir='ltr'>accuratior</span> <span class='ocrx_word' id='word_1_382' title='bbox 1447 1922 1542 1961; x_wconf 89' lang='lat' dir='ltr'>atque</span> <span class='ocrx_word' id='word_1_383' title='bbox 1560 1910 1747 1949; x_wconf 84' lang='lat' dir='ltr'>scholarum</span> 
     </span>
     <span class='ocr_line' id='line_1_38' title="bbox 37 1958 1747 2011; baseline 0.001 -12"><span class='ocrx_word' id='word_1_384' title='bbox 37 1960 144 1999; x_wconf 78' lang='lat' dir='ltr'>vsibus</span> <span class='ocrx_word' id='word_1_385' title='bbox 169 1959 431 1998; x_wconf 85' lang='lat' dir='ltr'>accommodata.</span> <span class='ocrx_word' id='word_1_386' title='bbox 491 1958 654 1996; x_wconf 85' lang='lat' dir='ltr'>Praefatus</span> <span class='ocrx_word' id='word_1_387' title='bbox 684 1959 727 1994; x_wconf 79' lang='lat' dir='ltr'>est</span> <span class='ocrx_word' id='word_1_388' title='bbox 755 1970 785 1994; x_wconf 89' lang='lat' dir='ltr'>et</span> <span class='ocrx_word' id='word_1_389' title='bbox 810 1959 928 1994; x_wconf 86' lang='lat' dir='ltr'>indices</span> <span class='ocrx_word' id='word_1_390' title='bbox 956 1973 1076 1995; x_wconf 88' lang='lat' dir='ltr'>vocum</span> <span class='ocrx_word' id='word_1_391' title='bbox 1105 1959 1236 1996; x_wconf 82' lang='lat' dir='ltr'>subiecit</span> <span class='ocrx_word' id='word_1_392' title='bbox 1258 1963 1309 1997; x_wconf 88' lang='lat' dir='ltr'>M.</span> <span class='ocrx_word' id='word_1_393' title='bbox 1327 1963 1492 2009; x_wconf 66' lang='lat' dir='ltr'>Christopb</span> <span class='ocrx_word' id='word_1_394' title='bbox 1506 1965 1747 2011; x_wconf 77' lang='lat' dir='ltr'>Kretzscbmar,</span> 
     </span>
     <span class='ocr_line' id='line_1_39' title="bbox 35 2009 1746 2060; baseline 0.002 -11"><span class='ocrx_word' id='word_1_395' title='bbox 35 2015 193 2050; x_wconf 81' lang='lat' dir='ltr'>Cruciani</span> <span class='ocrx_word' id='word_1_396' title='bbox 209 2013 324 2049; x_wconf 86' lang='lat' dir='ltr'>Dresd.</span> <span class='ocrx_word' id='word_1_397' title='bbox 340 2013 493 2048; x_wconf 62' lang='lat' dir='ltr'>Conre&amp;</span> <span class='ocrx_word' id='word_1_398' title='bbox 519 2011 665 2047; x_wconf 83' lang='lat' dir='ltr'>Dresdae</span> <span class='ocrx_word' id='word_1_399' title='bbox 681 2020 711 2046; x_wconf 82' lang='lat' dir='ltr'>et</span> <span class='ocrx_word' id='word_1_400' title='bbox 725 2009 846 2060; x_wconf 73' lang='lat' dir='ltr'>Lipsiae</span> <span class='ocrx_word' id='word_1_401' title='bbox 863 2013 952 2053; x_wconf 65' lang='lat'><strong>1746,</strong></span> <span class='ocrx_word' id='word_1_402' title='bbox 970 2020 1002 2052; x_wconf 90' lang='lat'>8.</span> <span class='ocrx_word' id='word_1_403' title='bbox 1027 2032 1079 2038; x_wconf 93' lang='grc'>--</span> <span class='ocrx_word' id='word_1_404' title='bbox 1105 2013 1263 2048; x_wconf 71' lang='lat' dir='ltr'>posthaec</span> <span class='ocrx_word' id='word_1_405' title='bbox 1280 2026 1406 2050; x_wconf 85' lang='lat' dir='ltr'>nouam</span> <span class='ocrx_word' id='word_1_406' title='bbox 1427 2015 1467 2050; x_wconf 89' lang='lat' dir='ltr'>V.</span> <span class='ocrx_word' id='word_1_407' title='bbox 1488 2017 1531 2051; x_wconf 82' lang='lat' dir='ltr'>H.</span> <span class='ocrx_word' id='word_1_408' title='bbox 1556 2015 1746 2059; x_wconf 76' lang='lat' dir='ltr'>editionem,</span> 
     </span>
     <span class='ocr_line' id='line_1_40' title="bbox 41 2062 1744 2115; baseline 0.001 -13"><span class='ocrx_word' id='word_1_409' title='bbox 41 2080 115 2103; x_wconf 86' lang='lat' dir='ltr'>cum</span> <span class='ocrx_word' id='word_1_410' title='bbox 130 2069 258 2115; x_wconf 83' lang='lat' dir='ltr'>integro</span> <span class='ocrx_word' id='word_1_411' title='bbox 273 2066 514 2100; x_wconf 79' lang='lat' dir='ltr'>commentario</span> <span class='ocrx_word' id='word_1_412' title='bbox 532 2066 590 2098; x_wconf 84' lang='lat' dir='ltr'>lac.</span> <span class='ocrx_word' id='word_1_413' title='bbox 606 2065 763 2097; x_wconf 84' lang='lat' dir='ltr'>Perizonii</span> <span class='ocrx_word' id='word_1_414' title='bbox 779 2062 988 2110; x_wconf 84' lang='lat' dir='ltr'>aliorumque</span> <span class='ocrx_word' id='word_1_415' title='bbox 1002 2065 1148 2099; x_wconf 85' lang='lat' dir='ltr'>virorum</span> <span class='ocrx_word' id='word_1_416' title='bbox 1165 2063 1341 2111; x_wconf 54' lang='lat' dir='ltr'>doctorum</span> <span class='ocrx_word' id='word_1_417' title='bbox 1357 2069 1460 2108; x_wconf 69' lang='grc' dir='ltr'><strong><em>ῃοῐὶε,</em></strong></span> <span class='ocrx_word' id='word_1_418' title='bbox 1486 2066 1636 2102; x_wconf 87' lang='lat' dir='ltr'>nondum</span> <span class='ocrx_word' id='word_1_419' title='bbox 1654 2081 1744 2104; x_wconf 88' lang='lat' dir='ltr'>com-</span> 
     </span>
     <span class='ocr_line' id='line_1_41' title="bbox 37 2114 1745 2168; baseline 0.001 -16"><span class='ocrx_word' id='word_1_420' title='bbox 37 2116 204 2168; x_wconf 75' lang='lat' dir='ltr'>prehensis</span> <span class='ocrx_word' id='word_1_421' title='bbox 226 2120 259 2153; x_wconf 90' lang='lat' dir='ltr'>in</span> <span class='ocrx_word' id='word_1_422' title='bbox 281 2115 423 2152; x_wconf 84' lang='lat' dir='ltr'>editione</span> <span class='ocrx_word' id='word_1_423' title='bbox 442 2116 673 2158; x_wconf 86' lang='lat' dir='ltr'>Gronouiana‚</span> <span class='ocrx_word' id='word_1_424' title='bbox 697 2117 819 2149; x_wconf 79' lang='lat' dir='ltr'>curauit</span> <span class='ocrx_word' id='word_1_425' title='bbox 843 2124 874 2149; x_wconf 87' lang='lat' dir='ltr'>et</span> <span class='ocrx_word' id='word_1_426' title='bbox 897 2117 1077 2161; x_wconf 79' lang='lat' dir='ltr'>graecitatis</span> <span class='ocrx_word' id='word_1_427' title='bbox 1100 2114 1214 2151; x_wconf 80' lang='lat' dir='ltr'>adiecit</span> <span class='ocrx_word' id='word_1_428' title='bbox 1241 2116 1381 2152; x_wconf 87' lang='lat' dir='ltr'>indicem</span> <span class='ocrx_word' id='word_1_429' title='bbox 1399 2118 1479 2154; x_wconf 77' lang='lat' dir='ltr'>Car.</span> <span class='ocrx_word' id='word_1_430' title='bbox 1496 2119 1603 2155; x_wconf 81' lang='lat' dir='ltr'>Gottt.</span> <span class='ocrx_word' id='word_1_431' title='bbox 1621 2120 1745 2159; x_wconf 76' lang='lat' dir='ltr'>Kuelin.</span> 
     </span>
     <span class='ocr_line' id='line_1_42' title="bbox 38 2165 1746 2219; baseline 0.001 -15"><span class='ocrx_word' id='word_1_432' title='bbox 38 2167 163 2219; x_wconf 63' lang='lat' dir='ltr'>Lipsiae</span> <span class='ocrx_word' id='word_1_433' title='bbox 183 2177 275 2212; x_wconf 73' lang='lat'><strong>¹780·</strong></span> <span class='ocrx_word' id='word_1_434' title='bbox 300 2169 378 2203; x_wconf 85' lang='lat' dir='ltr'>mai.</span> <span class='ocrx_word' id='word_1_435' title='bbox 397 2173 430 2208; x_wconf 88' lang='lat'>8.</span> <span class='ocrx_word' id='word_1_436' title='bbox 456 2167 495 2201; x_wconf 85' lang='grc' dir='ltr'>Π.</span> <span class='ocrx_word' id='word_1_437' title='bbox 514 2166 590 2202; x_wconf 90' lang='lat' dir='ltr'>voll.</span> <span class='ocrx_word' id='word_1_438' title='bbox 617 2186 668 2194; x_wconf 90' lang='lat'>—-</span> <span class='ocrx_word' id='word_1_439' title='bbox 696 2165 769 2201; x_wconf 64' lang='lat' dir='ltr'>Aa.</span> <span class='ocrx_word' id='word_1_440' title='bbox 787 2178 891 2199; x_wconf 63' lang='lat' dir='ltr'>variae</span> <span class='ocrx_word' id='word_1_441' title='bbox 907 2165 1014 2210; x_wconf 78' lang='lat' dir='ltr'>histor.</span> <span class='ocrx_word' id='word_1_442' title='bbox 1032 2166 1100 2201; x_wconf 86' lang='lat' dir='ltr'>libri</span> <span class='ocrx_word' id='word_1_443' title='bbox 1116 2168 1202 2203; x_wconf 80' lang='lat' dir='ltr'>XiV.</span> <span class='ocrx_word' id='word_1_444' title='bbox 1226 2181 1302 2202; x_wconf 84' lang='lat' dir='ltr'>cuin</span> <span class='ocrx_word' id='word_1_445' title='bbox 1319 2167 1395 2203; x_wconf 80' lang='lat' dir='ltr'>vers.</span> <span class='ocrx_word' id='word_1_446' title='bbox 1412 2168 1509 2205; x_wconf 80' lang='lat' dir='ltr'>latina</span> <span class='ocrx_word' id='word_1_447' title='bbox 1531 2167 1663 2206; x_wconf 78' lang='lat' dir='ltr'>seorsim</span> <span class='ocrx_word' id='word_1_448' title='bbox 1682 2172 1746 2206; x_wconf 85' lang='lat' dir='ltr'>edi-</span> 
     </span>
     <span class='ocr_line' id='line_1_43' title="bbox 41 2217 1745 2267; baseline 0.001 -11"><span class='ocrx_word' id='word_1_449' title='bbox 41 2231 92 2261; x_wconf 68' lang='lat' dir='ltr'>ta,</span> <span class='ocrx_word' id='word_1_450' title='bbox 121 2220 226 2256; x_wconf 74' lang='lat' dir='ltr'>Halae</span> <span class='ocrx_word' id='word_1_451' title='bbox 247 2223 317 2256; x_wconf 78' lang='lat' dir='ltr'>sax.</span> <span class='ocrx_word' id='word_1_452' title='bbox 346 2231 431 2262; x_wconf 82' lang='lat'>1772.</span> <span class='ocrx_word' id='word_1_453' title='bbox 449 2230 494 2254; x_wconf 86' lang='lat'>12.</span> <span class='ocrx_word' id='word_1_454' title='bbox 520 2238 567 2244; x_wconf 94' lang='lat'>—</span> <span class='ocrx_word' id='word_1_455' title='bbox 595 2230 642 2264; x_wconf 90' lang='lat' dir='ltr'>gr.</span> <span class='ocrx_word' id='word_1_456' title='bbox 668 2230 706 2251; x_wconf 86' lang='lat' dir='ltr'>ex</span> <span class='ocrx_word' id='word_1_457' title='bbox 728 2230 791 2252; x_wconf 85' lang='lat' dir='ltr'>rec.</span> <span class='ocrx_word' id='word_1_458' title='bbox 816 2218 889 2251; x_wconf 62' lang='grc' dir='ltr'>ΑΜ.</span> <span class='ocrx_word' id='word_1_459' title='bbox 905 2217 1051 2253; x_wconf 86' lang='lat' dir='ltr'>Gronou.</span> <span class='ocrx_word' id='word_1_460' title='bbox 1075 2229 1104 2252; x_wconf 86' lang='lat' dir='ltr'>et</span> <span class='ocrx_word' id='word_1_461' title='bbox 1127 2217 1179 2253; x_wconf 85' lang='lat' dir='ltr'>lat.</span> <span class='ocrx_word' id='word_1_462' title='bbox 1209 2218 1286 2254; x_wconf 73' lang='lat' dir='ltr'>Bafil</span> <span class='ocrx_word' id='word_1_463' title='bbox 1322 2233 1407 2264; x_wconf 77' lang='lat'><strong>1774.</strong></span> <span class='ocrx_word' id='word_1_464' title='bbox 1430 2228 1461 2262; x_wconf 91' lang='lat'>8.</span> <span class='ocrx_word' id='word_1_465' title='bbox 1487 2242 1537 2249; x_wconf 87' lang='lat'>--</span> <span class='ocrx_word' id='word_1_466' title='bbox 1564 2235 1610 2267; x_wconf 66' lang='lat' dir='ltr'>gr.</span> <span class='ocrx_word' id='word_1_467' title='bbox 1638 2221 1745 2257; x_wconf 78' lang='lat' dir='ltr'>Halae</span> 
     </span>
     <span class='ocr_line' id='line_1_44' title="bbox 41 2268 1747 2319; baseline 0.001 -12"><span class='ocrx_word' id='word_1_468' title='bbox 41 2273 115 2307; x_wconf 83' lang='lat' dir='ltr'>Sax.</span> <span class='ocrx_word' id='word_1_469' title='bbox 140 2286 178 2307; x_wconf 88' lang='lat' dir='ltr'>ex</span> <span class='ocrx_word' id='word_1_470' title='bbox 204 2285 267 2308; x_wconf 88' lang='lat' dir='ltr'>rec.</span> <span class='ocrx_word' id='word_1_471' title='bbox 286 2273 405 2306; x_wconf 81' lang='lat' dir='ltr'>Kiihnii</span> <span class='ocrx_word' id='word_1_472' title='bbox 425 2279 456 2306; x_wconf 87' lang='lat' dir='ltr'>et</span> <span class='ocrx_word' id='word_1_473' title='bbox 480 2268 607 2306; x_wconf 82' lang='lat' dir='ltr'>Lederl.</span> <span class='ocrx_word' id='word_1_474' title='bbox 627 2269 821 2305; x_wconf 62' lang='lat' dir='ltr'>lectionibus</span> <span class='ocrx_word' id='word_1_475' title='bbox 845 2269 994 2305; x_wconf 88' lang='lat' dir='ltr'>Gronou.</span> <span class='ocrx_word' id='word_1_476' title='bbox 1017 2271 1050 2304; x_wconf 83' lang='lat' dir='ltr'>in</span> <span class='ocrx_word' id='word_1_477' title='bbox 1069 2272 1217 2319; x_wconf 81' lang='lat' dir='ltr'>margine</span> <span class='ocrx_word' id='word_1_478' title='bbox 1239 2275 1369 2308; x_wconf 83' lang='lat' dir='ltr'>notatis.</span> <span class='ocrx_word' id='word_1_479' title='bbox 1396 2293 1446 2300; x_wconf 94' lang='lat'>—</span> <span class='ocrx_word' id='word_1_480' title='bbox 1472 2271 1656 2308; x_wconf 72' lang='lat' dir='ltr'>Nouitfima</span> <span class='ocrx_word' id='word_1_481' title='bbox 1681 2271 1747 2308; x_wconf 82' lang='lat' dir='ltr'>edi·</span> 
     </span>
     <span class='ocr_line' id='line_1_45' title="bbox 43 2323 176 2358; baseline 0.008 -1"><span class='ocrx_word' id='word_1_482' title='bbox 43 2327 92 2358; x_wconf 73' lang='lat' dir='ltr'>tio</span> <span class='ocrx_word' id='word_1_483' title='bbox 114 2323 176 2358; x_wconf 80' lang='lat' dir='ltr'>est:</span> 
     </span>
    </p>
   </div>
   <div class='ocr_carea' id='block_1_11' title="bbox 89 2384 1749 2438">
    <p class='ocr_par' dir='ltr' id='par_1_11' title="bbox 89 2384 1749 2438">
     <span class='ocr_line' id='line_1_46' title="bbox 89 2384 1749 2438; baseline -0.002 0"><span class='ocrx_word' id='word_1_484' title='bbox 89 2405 156 2438; x_wconf 68' lang='grc' dir='ltr'>ναι.</span> <span class='ocrx_word' id='word_1_485' title='bbox 170 2404 207 2437; x_wconf 84' lang='lat' dir='ltr'>V.</span> <span class='ocrx_word' id='word_1_486' title='bbox 919 2396 952 2430; x_wconf 81' lang='lat' dir='ltr'>xi</span> <span class='ocrx_word' id='word_1_487' title='bbox 965 2395 993 2431; x_wconf 70' lang='lat' dir='ltr'>it</span> <span class='ocrx_word' id='word_1_488' title='bbox 1054 2386 1058 2387; x_wconf 47' lang='lat'><em>⁷</em></span> <span class='ocrx_word' id='word_1_489' title='bbox 1128 2384 1131 2388; x_wconf 77' lang='grc'><em>’</em></span> <span class='ocrx_word' id='word_1_490' title='bbox 1621 2401 1669 2438; x_wconf 79' lang='lat' dir='ltr'>Cl.</span> <span class='ocrx_word' id='word_1_491' title='bbox 1684 2399 1749 2436; x_wconf 70' lang='lat' dir='ltr'>Ae.</span> 
     </span>
    </p>
   </div>
  </div>
 </body>
</html>
