2049 2720
531 137 794 175 ENCHIRIDII
825 138 1046 176 EPICTETI
1078 139 1326 177 EDITIONES
1400 143 1473 179 Lib.
1489 143 1560 180 IV.
1575 157 1599 184 c.
1615 147 1684 184 IX.
1759 162 1798 196 73

81 240 157 286 pig.
178 236 234 276 ¹82
249 230 312 283 sq.)
340 251 393 262 --
417 230 512 269 Paris.
537 235 577 268 ab
602 231 753 270 Asceusio
778 247 858 281 15¹9·
883 232 946 272 fol.
974 255 1023 262 —
1048 233 1141 270 Bafil.
1163 248 1239 281 1553·
1265 234 1325 271 fol.
1349 257 1400 264 ——
1426 253 1443 273 a
1469 241 1622 286 Gryphio
1645 243 1797 291 Lugduni

80 300 165 333 ¹537·
188 297 217 328 8.
246 298 326 321 tom.
342 288 381 322 Il.
404 299 477 335 pag.
496 298 562 331 195.
590 288 665 321 item
693 286 763 334 post
786 290 980 330 Arrianum,
1003 286 1137 325 Amslel.
1154 291 1241 330 1683.
1264 295 1295 328 8.
1319 302 1395 337 pag.
1413 292 1475 335 369
1491 289 1615 340 sqqsec
1637 307 1714 330 cum
1736 299 1797 333 Ca.

80 343 165 376 tonis
189 338 347 374 Distichis.
376 341 549 387 Argentor.
575 350 661 383 1520.
685 346 716 379 8.
738 348 769 373 et
790 350 871 385 ¹5¹9-
894 352 927 384 4.

180 407 378 442 Graecarum
400 405 581 441 editionum
601 409 793 454 praecipuae
812 405 922 441 classes
945 404 1015 441 sunt
1037 405 1119 442 duae
1142 409 1305 454 Venetae,
1329 407 1518 444 Holoandri
1540 411 1796 460 Noribergenfis,

77 467 110 495 et
123 459 253 494 Thom.
269 459 491 507 Naugeorgii‚
518 460 606 493 Hier.
624 458 769 500 Wolfii,
798 458 921 493 Heinfii
943 473 979 493 ac
1002 458 1169 501 Salmasii,
1195 471 1290 508 atque
1312 461 1434 506 Heynii
1459 461 1668 499 recensiones.

180 526 320 571 Epiffiti
342 526 560 561 Euchiridium
585 538 654 561 cum
678 527 827 571 Simplicii·
853 528 1058 576 equfihone,
1091 539 1206 575 graece
1231 540 1288 575 per
1311 529 1400 566 Ioan.
1418 531 1601 566 Antonium
1629 542 1660 567 et
1682 530 1795 570 fratrea

73 576 115 614 de
134 578 242 613 Sabio.
268 579 429 621 venetiis,
454 587 536 625 1528.
562 589 593 621 4.

177 644 254 680 Vid.
276 645 440 681 Maittaire
463 650 501 682 A.
519 647 564 681 Τ.
581 647 619 682 11.
644 659 718 695 pag.
733 658 809 691 704.
862 648 950 682 Cum
972 648 1033 682 hae
1055 649 1209 682 conuenit
1239 644 1440 682 Salmasiana
1469 647 1624 688 recensio,
1682 652 1795 688 Extre-

72 708 131 733 ma
151 706 263 733 tamen
286 701 389 745 capita
410 696 504 734 valde
529 698 642 733 mutila
665 697 736 733 sunt
756 711 946 747 mancaque.
999 699 1177 747 Exemplar
1200 712 1276 733 curn
1299 700 1370 732 cod.
1388 711 1473 734 msto
1488 706 1634 748 optimae
1647 712 1753 747 notae,
1776 718 1795 742 ῃ

71 751 144 784 viro
167 749 266 785 doeio
291 749 468 792 collatum,
495 750 596 785 exslat
618 752 651 784 in
675 750 752 786 bibl.
777 753 918 786 loannea
944 750 1197 797 Hamburgcnsi.
1259 755 1298 785 At
1323 749 1431 785 Wolf.
1455 754 1485 786 in
1505 750 1556 787 sua
1573 755 1707 802 Ερῑέίεῐί
1731 767 1792 792 etc.

71 798 215 836 editione
230 812 309 837 tom.
327 803 366 836 ΙΙ.
382 815 457 850 pag.
478 815 524 846 23.
549 807 780 850 conqueritur,
806 816 961 851 graecum
984 804 1143 851 Simplicii
1169 814 1360 837 contextum
1377 801 1439 838 esse
1458 817 1616 853 perquam
1643 805 1794 855 depraua-

71 860 154 889 tum.
207 854 244 888 lu
263 853 335 888 bibl.
351 854 473 888 Bodlei.
496 852 567 889 sunt
587 853 654 889 duo
677 855 828 903 exempla
847 868 923 889 cum
938 857 977 888 V.
1002 856 1036 890 L.
1060 865 1091 890 et
1115 866 1182 890 not.
1206 855 1319 889 MSSt.

168 920 334 956 Berkelius
362 925 397 956 in
423 924 512 958 Actis
541 920 655 958 erudit.
698 920 781 971 Lips.
809 937 836 958 a.
850 935 926 966 1711.
950 935 1022 971 pag.
1037 930 1106 968 378.
1134 932 1379 957 commemorat
1402 921 1580 960 editionem
1605 926 1742 971 EpiHetn‘
1761 935 1793 963 e·

69 969 214 1013 Cebetis,
243 986 342 1020 quam
369 971 400 1008 se
427 971 536 1008 vidisse
559 971 662 1008 scribit
678 975 822 1009 Coronae
835 977 867 1008 in
885 973 1114 1009 Transiluania
1140 973 1328 1021 impressam
1351 978 1381 1009 in
1407 977 1561 1024 octupliei
1583 975 1712 1021 forma,
1738 992 1792 1013 cui·

67 1034 159 1059 rante
177 1025 295 1058 Ioanne
310 1025 474 1071 Hanni-o,
501 1023 718 1066 emoniensi,
751 1028 822 1061 viro
841 1024 1047 1065 dociiffimm
1075 1036 1224 1074 tempore
1245 1023 1489 1061 reformationis
1516 1029 1658 1065 Lutheri.
1712 1031 1789 1078 Qo

66 1085 177 1110 antem
200 1088 289 1110 anno
311 1075 367 1110 illa
387 1076 498 1111 lucem
525 1074 722 1125 adspexerit,
750 1090 819 1111 non
839 1075 1053 1124 significauit:
1084 1090 1190 1126 neque
1204 1089 1268 1125 ego
1285 1076 1375 1111 illam
1391 1077 1459 1111 vidi
1479 1090 1649 1127 vmquam.

168 1138 383 1192 Ἐγχειςίὸιον
396 1140 596 1185 Ἐπικτήτε.
632 1144 721 1177 Idem
735 1143 833 1177 latine
844 1155 902 1187 per
915 1142 1076 1189 Arzgrlum
1093 1143 1302 1179 Politianum.
1353 1147 1409 1181 Εἰς
1424 1144 1622 1188 Ἐπίκτητον
1635 1144 1790 1187 Λεωνίδε.

64 1194 180 1235 Agnos·
194 1192 397 1238 Ἐπίκτητος
411 1191 550 1244 Ὑενᾶμην
566 1205 626 1230 etc.
653 1194 886 1241 Norenbergae
899 1199 987 1242 apud
1007 1196 1052 1228 Ιο.
1069 1196 1239 1229 Petreium.
1264 1197 1363 1229 Anno
1380 1197 1479 1231 M.D.
1490 1198 1604 1232 XXIX.
1621 1203 1739 1244 (1529.)
1760 1204 1792 1238 8.

167 1272 307 1306 Summa
331 1270 376 1306 est
399 1273 494 1306 huius
515 1271 686 1312 editionis,
724 1271 833 1307 multis
856 1272 1059 1318 incognitae,
1092 1283 1111 1305 a
1130 1273 1238 1318 paucis
1261 1268 1362 1312 visae,
1396 1274 1519 1308 raritas.
1576 1273 1790 1321 Exemplum,

64 1320 155 1371 quod
172 1325 203 1357 in
219 1323 368 1358 manibus
383 1323 506 1365 habeo,
534 1336 574 1359 ex
591 1323 784 1359 bibliotheca
801 1321 956 1363 Moerlii,
983 1324 1058 1368 (qui
1079 1325 1228 1358 notitiam
1252 1323 1336 1357 illius
1361 1323 1449 1358 dedit
1470 1327 1520 1359 in:
1548 1323 1787 1361 Litterarisches

63 1374 312 1409 Wochenblatt.
341 1377 461 1410 tom.1.
475 1388 554 1423 pag.
571 1387 605 1418 33
623 1373 705 1424 sqq.)
734 1377 822 1410 venit
836 1377 871 1408 in
893 1372 1126 1422 amplisfimam
1149 1375 1208 1410 cel.
1227 1376 1380 1415 Panzeri‚
1406 1379 1460 1424 qui
1481 1374 1512 1410 id
1538 1390 1670 1412 mecum
1694 1378 1789 1412 bene-

63 1425 140 1461 vole
169 1428 440 1461 communicauit.
501 1428 683 1475 Gregorius
702 1438 811 1462 autem
835 1426 1039 1465 Haloandcr‚
1071 1439 1174 1474 quum
1208 1428 1293 1473 apud
1323 1429 1462 1470 Noricos
1489 1440 1617 1476 ageret,
1659 1431 1788 1463 curauit

63 1475 155 1512 illam
185 1477 382 1519 editionem,
414 1487 528 1526 atque,
565 1491 668 1527 quum
692 1481 871 1520 Venetam,
896 1477 1002 1513 modo
1032 1489 1270 1519 memoratam,
1306 1481 1488 1526 ignoraret,
1525 1483 1557 1515 in
1586 1480 1720 1528 epistola
1746 1478 1788 1515 ad

63 1529 107 1563 D.
125 1528 244 1567 lulium
267 1527 384 1578 Pflugk
403 1533 642 1578 nuncupatoria
663 1528 786 1572 scribit,
824 1526 856 1564 se
880 1531 913 1563 in
936 1530 1075 1577 gratiam
1099 1528 1319 1578 studiosorum
1345 1530 1386 1565 de
1408 1531 1601 1567 bibliotheca
1626 1529 1678 1567 sua
1700 1530 1789 1566 libel-

12 1607 23 1610 *
62 1579 156 1620 lum,
188 1583 245 1629 qui
270 1581 384 1617 breues
409 1582 566 1630 quasdam
594 1596 633 1617 ex
659 1580 843 1618 numerosis
859 1582 997 1629 Epicteti
1017 1582 1116 1616 Stoici
1140 1582 1375 1622 voluminibus,
1398 1583 1438 1616 ab
1465 1585 1604 1618 Arriano
1627 1586 1660 1617 in
1683 1596 1788 1618 vnum

61 1632 246 1680 congestas,
271 1631 476 1669 sententiolas
497 1637 664 1677 continet,
688 1636 835 1680 primum
856 1634 890 1667 in
911 1634 1007 1668 lucem
1023 1634 1185 1680 proferre.
1247 1633 1420 1682 Postquam
1443 1633 1482 1668 de
1504 1636 1569 1670 hoc
1592 1637 1788 1674 enchiridio.

62 1683 150 1732 quod
173 1683 312 1733 copiosis
336 1685 477 1720 Platonis
499 1689 664 1736 acutisque
685 1685 865 1722 Aristotelis
886 1683 1154 1734 disputationibus
1175 1682 1424 1721 anteferendum
1453 1683 1576 1727 censet,
1602 1698 1633 1721 et
1654 1686 1694 1722 de
1719 1688 1790 1734 phi-

60 1733 211 1784 losophia
228 1737 367 1786 Epicteti
379 1751 482 1786 pauca
500 1737 654 1780 disseruit,
681 1737 780 1781 addit,
794 1735 838 1780 se,
858 1736 1008 1785 Pflugkio
1027 1736 1324 1786 praemonstratore
1337 1748 1435 1785 atque
1449 1736 1667 1779 intercessore,
1684 1736 1790 1781 vsum,

60 1789 193 1835 copiam
219 1790 313 1822 huius
334 1788 431 1824 libelli
455 1790 592 1825 natffum
614 1788 696 1832 esse,
731 1800 762 1824 et
784 1792 818 1824 in
842 1789 931 1824 calce
953 1786 1098 1824 adiecisse
1123 1789 1269 1823 Politiani
1294 1788 1495 1829 versionem,
1533 1793 1565 1824 in
1588 1803 1651 1837 qua
1678 1801 1789 1825 tamen
1838 1806 1841 1810 ·

59 1841 275 1887 conqueritur
296 1840 401 1875 multa
424 1837 485 1875 esse
507 1839 662 1888 admissa,
688 1853 770 1889 quae
791 1842 919 1876 veniam
944 1842 995 1874 vix
1018 1851 1232 1876 mererentur.
1288 1843 1325 1875 In
1347 1841 1460 1875 vltima
1484 1846 1603 1888 pagina
1626 1841 1692 1875 duo
1715 1841 1788 1877 loca

60 1890 156 1924 valde
174 1902 330 1938 corrupta
352 1902 453 1928 notat.
507 1895 555 1927 Ex
579 1906 727 1941 quonam
751 1905 828 1927 vero
853 1892 967 1926 codice
990 1891 1182 1926 Haloander
1204 1891 1319 1926 excudi
1342 1890 1454 1926 fecerit
1479 1891 1567 1926 suam
1595 1892 1786 1934 editionem,

60 1940 148 1976 haud
186 1941 346 1976 indicauit.
393 1943 649 1989 aGeorgLaur.
666 1945 835 1990 Hatcsfriz
864 1947 896 1978 in
921 1945 1089 1979 Memoria
1114 1945 1269 1989 Gregorii
1295 1941 1500 1988 Halm-incisi,
1533 1942 1610 1979 lcii,
1651 1945 1788 1978 Norim·

60 1991 179 2040 bergae
204 1998 291 2035 1736.
320 2000 349 2031 8.
379 1995 410 2027 in
434 1992 536 2042 praef.
561 1992 699 2038 fatetur,
735 1993 766 2029 se
787 2008 970 2043 numquam
994 1992 1104 2028 vidisse
1124 1995 1260 2041 Epicteti
1286 1995 1489 2028 enchiridion
1517 1995 1557 2029 ab
1586 1994 1785 2030 Haloandro

57 2042 194 2079 editum.
246 2044 308 2079 Sed
334 2044 434 2079 exstat
455 2058 586 2093 quoque
600 2046 803 2093 Noribergae
826 2045 994 2091 exemplar
1013 2048 1045 2079 in
1064 2046 1137 2079 bibl.
1157 2046 1360 2088 Ebneriana;
1388 2044 1453 2080 vid.
1473 2046 1614 2091 Hi.·ssiiii
1632 2047 1787 2081 Millena-

58 2096 147 2130 riom
168 2096 331 2130 librorum
354 2108 415 2131 ete.
447 2099 503 2132 lV.
530 2109 601 2144 pag.
622 2103 675 2139 48,
702 2110 750 2131 nr.
768 2100 846 2137 6025.
907 2094 1026 2131 Differt
1050 2096 1233 2137 interdum,
1254 2106 1412 2144 quantum
1436 2100 1631 2144 comparatis
1658 2098 1788 2144 aliquot

59 2148 216 2199 capitibus
242 2147 404 2186 imnexi,
433 2161 450 2181 a
479 2149 602 2182 Veneta
631 2146 814 2196 superiore;
842 2146 885 2181 sic
909 2161 979 2193 cap.
997 2159 1022 2189 3.
1053 2147 1266 2185 Haioanden
1294 2161 1391 2196 quem
1419 2149 1530 2191 reliqui
1554 2146 1625 2182 sunt
1649 2147 1785 2196 sequuti,

58 2200 159 2234 edidit
184 2193 228 2236 ἂν
254 2194 392 2248 χύτραν
412 2200 553 2248 §clema
581 2195 633 2237 ἔτι
655 2198 792 2248 χύτραν
816 2201 965 2249 §sevena
993 2198 1044 2232 vbi
1060 2201 1184 2234 Veneta
1206 2214 1234 2234 a·
1249 2206 1330 2244 1528-
1355 2199 1442 2235 dedit
1465 2197 1507 2238 οἷν
1531 2206 1567 2238 X·
1592 2197 1705 2238 ‘teias'
1733 2197 1785 2238 ἔτι

58 2254 99 2288 X.
125 2247 228 2287 σέρις.
288 2251 329 2283 At
353 2253 544 2297 Naogeorg.
568 2261 598 2286 et
621 2252 787 2286 Woifium
812 2253 896 2286 hanc
916 2260 969 2285 aut
993 2247 1177 2297 sequentem
1200 2250 1275 2285 edit.
1299 2262 1373 2286 ante
1396 2253 1511 2286 oculos
1536 2250 1692 2293 habuisse,
1729 2260 1786 2286 aut

59 2304 239 2342 maximam
257 2312 380 2350 partem
395 2300 583 2345 reddidisse,
610 2315 650 2338 ex
665 2303 809 2350 pluribus
826 2303 906 2338 locis
921 2305 1080 2344 coniici03
1105 2316 1132 2337 e.
1149 2316 1180 2351 g.
1208 2316 1279 2351 cap.
1297 2304 1353 2338 lV.
1379 2304 1499 2347 Heyne
1517 2316 1554 2337 ex
1576 2303 1651 2338 edit.
1668 2307 1784 2339 Venet.

58 2364 142 2398 ¹525.
170 2355 276 2401 Naog.
298 2364 330 2387 et
354 2351 464 2388 Wolf.
487 2358 654 2390 reuocauit
674 2353 872 2396 lectionem,
907 2356 971 2389 iam
999 2355 1037 2388 ab
1060 2353 1256 2389 Haloandro
1281 2352 1486 2402 rescriptam,
1517 2353 1581 2393 τές
1608 2351 1784 2403 οἰποῤῥέον-

217 2402 224 2414 Ι

60 2417 147 2442 τας.
180 2419 245 2443 τες
272 2405 489 2457 ἐγκςεμέιές.
523 2419 595 2457 cap.
614 2409 655 2443 11.
677 2405 756 2443 Hal.
778 2417 853 2444 ante
877 2405 1050 2443 Wolfium
1071 2406 1216 2455 vulgauit
1238 2406 1413 2455 ἐμπεσεῖν,
1445 2405 1533 2456 quod
1558 2407 1681 2451 Heyne
1705 2418 1783 2441 cum

99 2460 229 2504 801.er
305 2460 314 2464 “
998 2457 1028 2493 1<
1622 2456 1784 2504 salmasio
