2049 2720
636 157 813 193 OPPIANI
847 157 1158 193 conD.MssT1
1258 156 1602 195 Lib.1V.c.XXIV.
1694 169 1752 205 595

44 256 113 290 tino
131 251 291 300 Manqffc:
315 269 364 277 —-
391 252 425 285 in
448 247 518 284 cod.
538 250 785 286 CCCCLXXX.
814 249 854 285 de
877 247 986 297 piscat.
1009 250 1080 287 libri
1097 252 1137 287 V.
1165 264 1242 287 cum
1271 248 1403 288 scholiis
1426 250 1638 300 quibusdam,
1665 255 1749 290 inter

44 305 145 343 lineas
169 302 308 351 scriptis,
335 311 366 337 et
389 300 429 336 de
451 303 637 336 venatione:
664 302 739 337 teste
760 301 850 337 catal.
875 301 969 337 codd.
995 314 1046 350 gr.

143 370 319 405 Mediolani
335 371 366 404 in
383 368 456 403 bibl.
473 366 703 412 Ambrosiam,
731 367 803 404 cod.
820 369 1002 404 membran.
1024 371 1102 404 item
1124 368 1202 406 alter
1217 369 1432 415 bombycinus
1447 379 1478 407 et
1496 368 1592 413 alim,
1619 371 1751 407 audlorc

43 421 260 467 Montfaucon
280 423 315 455 in
335 419 438 455 diario
460 419 528 454 ital.
546 432 623 467 pag.
642 427 687 461 18.
1079 451 1100 469 ⁸

142 488 326 522 Florentiae
352 487 386 521 in
410 484 607 521 monasterio
629 485 813 521 Halieutica
841 498 918 521 cum
948 482 1097 530 scholiis,
1140 486 1217 523 teste
1242 487 1380 528 eodem,
1411 487 1487 524 ibid.
1514 501 1589 538 pag.
1607 501 1674 536 370.
1700 509 1751 518 —-·

40 537 167 574 Ibidem
187 540 220 573 in
241 536 386 572 biblioth.
406 538 560 572 Laui-ent.
577 536 736 577 ll‘Iedicca,
763 536 838 574 teste
862 538 1002 573 Bandin.
1023 541 1056 573 in
1080 538 1173 575 catal.
1195 538 1289 575 codd.
1311 553 1358 588 gr.
1382 550 1464 575 tom.
1481 542 1520 575 II.
1544 541 1606 575 col.
1625 554 1665 585 77
1683 538 1750 590 sqq.

41 589 114 625 cod.
133 591 188 623 III.
210 589 291 637 plut.
305 599 347 632 31.
371 589 457 637 Opp.
480 587 520 622 de
542 586 652 636 piscat.
672 587 744 622 libri
760 591 801 624 V.
829 602 904 624 cum
923 592 1085 635 anonymi
1107 603 1156 638 gr.
1181 592 1243 625 vita
1265 593 1405 639 Oppiani
1425 601 1456 625 et
1475 594 1618 640 capitum
1637 591 1752 633 indice,

40 642 128 676 varia
148 637 286 689 piscium
310 651 448 687 genera,
476 638 516 674 de
541 652 682 687 quorum
705 636 881 687 piscatione
903 642 1029 689 agitur,
1056 641 1315 690 complec'tente‚
1347 655 1407 677 nec
1429 654 1500 677 non
1525 655 1600 677 cum
1622 640 1751 677 scholiis

40 690 295 740 marginalibus:
323 689 395 726 cod.
418 688 550 739 scriptus
574 690 618 725 est
638 703 737 724 manu
759 691 920 726 Manuelis
938 692 1106 738 Spfflncne,
1134 707 1161 728 a.
1179 696 1280 739 6799.
1301 695 1343 737 (a.
1360 693 1439 728 Chr.
1458 696 1553 738 1291.)
1606 695 1752 742 Sequun-

41 753 93 778 tur
119 742 158 778 de
182 745 354 778 venatione
375 740 447 776 libri
464 744 519 776 IV.
547 754 623 776 cum
646 741 831 790 paraphrasi
853 746 1040 787 anonymi‚{
1063 746 1206 791 margini
1230 741 1408 793 adscripta,
1448 757 1545 793 quam
1577 744 1752 780 Bandinius

39 789 234 842 suspicatur,
260 792 411 829 eamdem
428 790 506 835 esse,
532 795 620 827 cuius
641 795 793 828 meminit
813 795 1022 837 Lambecius‚
1049 794 1237 838 adfirmans,
1258 796 1380 831 exstare
1395 798 1428 830 in
1442 794 1507 843 ipsa
1525 797 1681 838 Eutecnii‚
1703 793 1753 832 so-

38 844 179 894 phistae,
201 843 385 892 paraphrasi
405 857 452 893 gr.
477 847 511 879 in
532 858 610 893 opp.
636 847 776 880 Ixeutica
798 855 858 881 etc.
891 845 971 891 (vid.
993 860 1074 882 mox
1095 849 1122 891 §.
1140 849 1194 882 IV.
1218 858 1287 882 not.
1304 848 1343 892 l.)
1405 845 1602 882 praecedunt
1623 848 1752 882 iambici

40 893 148 931 versus
171 898 249 932 octo
272 899 306 931 in
328 894 430 944 ipsam
451 894 679 944 paraphrasin,
705 905 737 931 et
756 897 811 931 alii
835 898 1013 932 hexametri
1031 908 1172 946 quatuor
1191 900 1225 932 in
1243 900 1385 947 Oppiani
1404 896 1545 933 laudem.
1571 918 1619 925 —
1647 911 1678 945 p.
1696 910 1751 943 99.

40 946 115 983 cod.
132 948 262 982 XXVII.
283 946 365 995 plut.
382 959 426 989 31.
450 946 490 982 de
513 949 702 988 venatione,
729 960 805 982 cum
829 950 892 984 vita
909 960 1034 997 poetae.
1062 964 1112 977 ·-⁴
1134 962 1212 998 pag.
1228 961 1297 984 120.
1317 948 1390 984 cod.
1406 949 1587 983 membran.
1605 949 1750 984 XXXIX.

40 997 81 1034 de
104 996 211 1047 piscat.
232 998 304 1033 libri
320 1001 360 1033 V.
387 1011 462 1033 cum
483 996 592 1045 gloffis
615 997 880 1034 interlinearibus.
907 1019 956 1026 —
984 1012 1056 1047 pag.
1074 1012 1139 1044 142.
1164 998 1238 1035 cod.
1256 1002 1302 1036 16.
1329 999 1408 1047 plut.
1422 1012 1467 1042 32.
1493 1001 1592 1037 chart.
1617 997 1751 1047 scriptus

40 1064 69 1085 a.
92 1050 170 1085 Chr.
188 1057 270 1090 128¹-
294 1048 334 1084 de
356 1058 460 1084 venat.
485 1049 538 1084 lib.
555 1051 611 1082 IV.
641 1059 672 1084 et
698 1048 738 1084 de
766 1048 945 1099 piscatione
975 1051 1047 1086 libri
1063 1055 1102 1086 V.
1132 1070 1183 1078 ——
1219 1052 1370 1085 tom.lII.
1396 1051 1459 1086 col.
1477 1054 1546 1096 365.
1576 1050 1648 1087 cod.
1664 1053 1752 1086 XXI·

41 1100 119 1149 plut.
136 1102 190 1141 86.
216 1100 256 1135 de
272 1098 380 1149 piscat.
398 1100 470 1135 libr.
485 1103 524 1136 V.
550 1113 627 1134 cum
649 1098 781 1136 scholiis
800 1100 839 1136 ad
855 1102 926 1136 libr.
942 1103 982 1137 II.
999 1111 1030 1137 et
1047 1103 1100 1138 III.
1117 1111 1148 1138 et
1163 1101 1204 1137 de
1224 1112 1329 1137 venat.
1348 1102 1420 1137 libri
1438 1101 1494 1137 1V.
1517 1122 1569 1129 -—-
1594 1103 1659 1137 col.
1676 1105 1751 1148 396.

39 1151 115 1186 cod.
133 1153 248 1187 XXVI.
275 1155 420 1199 optimae
435 1161 548 1195 notae3
573 1148 626 1186 sed
645 1154 761 1198 partim
778 1151 888 1196 lineis,
914 1155 1032 1201 partim
1046 1152 1183 1188 madore
1199 1163 1388 1201 corruptus,
1412 1155 1466 1193 ita,
1482 1162 1515 1186 vt
1529 1153 1633 1188 multa
1649 1156 1752 1200 perie-

39 1205 121 1244 rint,
149 1202 188 1238 de
211 1200 318 1249 piscat.
341 1203 413 1237 libri
432 1204 472 1238 V.
500 1215 576 1236 cum
600 1200 732 1237 scholiis
755 1204 925 1250 marginal.
951 1216 1032 1250 quac
1051 1207 1170 1251 partim
1194 1216 1262 1239 non
1285 1205 1442 1238 habentur
1464 1205 1546 1237 inter
1570 1202 1707 1246 scholia,
1732 1219 1752 1240 a

39 1253 250 1291 Rittershusio
278 1253 450 1302 publicata.
482 1272 531 1280 —
563 1252 627 1288 col.
646 1260 717 1296 378.
738 1253 811 1288 cod.
830 1255 977 1290 XXXIII.
999 1255 1190 1300 bombycin.
1213 1252 1293 1289 saec.
1308 1256 1394 1288 XIV.
1411 1266 1444 1297 4.
1470 1256 1561 1288 cuius
1578 1267 1656 1289 vero
1677 1253 1752 1290 scri-

38 1314 133 1354 ptura
154 1307 274 1354 partim
299 1304 342 1340 ob
365 1303 550 1339 vetustatem
576 1303 710 1339 euanida
735 1305 798 1347 est,
831 1308 951 1353 partim
977 1315 1130 1353 corrupta
1151 1304 1297 1340 madore.
1333 1304 1372 1340 de
1397 1302 1551 1354 piscibu8‚
1585 1319 1662 1341 cum
1688 1308 1751 1342 vita

38 1366 169 1406 poetae,
194 1366 317 1392 etcum
334 1354 523 1403 quibusdam
539 1354 668 1391 scholiis
686 1358 719 1390 in
734 1358 918 1405 principio,
945 1366 975 1390 et
995 1356 1103 1405 glossis
1122 1356 1377 1392 interlinearibus
1399 1369 1458 1404 per
1478 1366 1585 1391 totum
1605 1370 1750 1394 carmen.

143 1433 280 1468 Taurini
304 1434 339 1466 in
358 1431 435 1467 bibl.
457 1433 563 1479 regia,
585 1430 660 1467 cod.
683 1433 782 1467 chart.
800 1434 990 1468 CCXXXV.
1011 1430 1093 1469 saec.
1108 1434 1195 1469 XVI.
1223 1431 1263 1467 de
1284 1430 1478 1479 piscatione,
1500 1432 1572 1467 libri
1590 1434 1644 1467 ΠΙ.
1665 1437 1753 1482 prio·

39 1497 110 1527 res,
137 1496 213 1519 cum
237 1484 384 1518 breuibus
404 1485 438 1519 in
459 1485 609 1530 margine
630 1480 760 1518 scholiis
782 1494 813 1518 et
833 1485 916 1519 inter
936 1484 1035 1519 lineas
1063 1484 1360 1533 explanationibus,
1386 1483 1560 1532 praemiffis
1583 1488 1691 1533 paucis
1712 1484 1753 1521 de

27 1537 182 1584 ‘Oppiani
198 1547 327 1582 genere.
354 1554 402 1561 --
428 1532 501 1569 cod.
519 1536 654 1571 chartac.
671 1532 750 1571 saec.
767 1537 851 1572 xvi.
868 1534 1070 1584 paraphrasis
1085 1535 1246 1572 librorum
1263 1537 1406 1585 Oppiani
1422 1533 1462 1571 de
1479 1531 1660 1574 venatione.
1687 1535 1753 1573 vid.

43 1586 133 1623 catal.
154 1585 247 1622 codd.
269 1599 317 1635 gr.
340 1599 414 1634 pag.
432 1592 486 1629 318
509 1595 540 1621 et
562 1597 629 1630 271.

140 1663 280 1710 Neapoli
298 1664 332 1698 in
353 1662 430 1698 bibl.
452 1664 540 1710 regia
565 1661 640 1698 cod.
660 1662 831 1699 LXXXXI.
855 1663 995 1699 chartac.
1017 1661 1096 1699 saec.
1113 1665 1197 1700 XIV.
1222 1662 1263 1700 de
1285 1661 1392 1714 piscat.
1413 1663 1485 1699 libri
1502 1664 1556 1698 III.
1575 1666 1700 1712 priores
1722 1672 1755 1699 et

42 1717 240 1764 principium
263 1715 385 1763 quarti,
420 1716 476 1762 qui
503 1713 617 1749 definit
646 1716 680 1749 in
706 1711 785 1749 vers.
802 1717 853 1757 46.
880 1728 955 1749 cum
976 1715 1086 1763 glossis
1109 1715 1302 1751 interlinear.
1325 1726 1354 1751 et
1377 1713 1478 1751 schol.
1501 1716 1675 1763 marginal.
1708 1736 1755 1744 --

41 1767 126 1801 Ibid.
146 1769 180 1801 in
197 1765 273 1801 bibl.
292 1762 517 1813 Augustinens.
536 1767 568 1801 S.
584 1767 673 1800 ioan.
690 1763 728 1799 ad
745 1766 999 1810 carbonariam,
1027 1766 1211 1802 Halieutica
1231 1777 1261 1802 et
1281 1768 1471 1815 cynegetica
1487 1779 1563 1802 cum
1579 1765 1708 1803 scholiis
1726 1776 1757 1803 et

42 1816 153 1868 gloffis
175 1816 314 1852 interlin.
333 1815 408 1853 cod.
426 1818 566 1852 chartac.
582 1814 660 1853 saec.
677 1817 748 1851 XV.
930 1820 933 1822 ’

142 1893 280 1939 Parisiis
303 1895 338 1926 in
357 1891 432 1928 bibl.
452 1891 620 1940 quondam
642 1894 732 1939 regia
755 1895 945 1940 cynegetica
967 1894 1000 1927 in
1022 1892 1118 1930 codd.
1132 1893 1428 1929 MMDCCXXIII.
1446 1893 1758 1929 MMDCCXXXV.

44 1956 121 1980 cum
139 1942 261 1993 glossl3‚
277 1945 358 1977 inter
372 1943 471 1978 lineas
487 1941 611 1991 positis,
627 1953 657 1977 et
672 1942 803 1979 scholiis
817 1946 956 1991 margin.
974 1956 1056 1991 quae
1069 1943 1190 1980 inedita
1206 1943 1411 1980 dicebantur:
1436 1945 1759 1982 MMDCCXXXVI.

45 2009 122 2030 eum
162 1995 357 2042 imaginibus
397 1995 489 2043 piciis
530 2003 561 2029 et
598 1993 801 2029 Constantini
829 1991 995 2029 h'lanaffae
1022 1995 1063 2030 de
1090 1998 1247 2043 Oppiano
1288 1993 1381 2031 verss.
1425 1995 1584 2042 politicis;
1637 1998 1760 2044 paritet·

33 2047 391 2084 ,MMDCCXXXVIL
415 2056 486 2080 tum
505 2046 753 2080 MMDCCLV.
769 2047 1040 2083 MMDCCCLX.
1061 2067 1109 2075 -
1132 2047 1319 2082 Halieutica
1334 2046 1758 2090 in,c0d.MMDCCCLX1.

47 2097 124 2135 teste
143 2096 237 2134 catal.
257 2106 339 2132 tom.
353 2097 392 2131 11.
415 2095 455 2131 de
476 2094 669 2145 quibusdam
687 2098 755 2144 egit
771 2095 812 2131 cl.
827 2096 1012 2132 Schneider.

148 2174 305 2221 Lugduni
319 2173 400 2259 gat.
417 2175 451 2208 in
467 2171 542 2208 bibl.
558 2171 648 2221 publ.
666 2174 748 2207 inter
767 2171 865 2209 codd.
879 2171 1067 2215 Voffianm,
1096 2175 1237 2222 Oppiani
1250 2176 1314 2210 vita
1329 2182 1360 2209 et
1373 2172 1555 2210 halieutica.
1582 2173 1646 2212 vid.
1665 2173 1761 2211 catal.

50 2238 123 2276 pag.
139 2237 214 2269 402.
241 2237 292 2260 nr.
308 2237 322 2259 1
350 2251 358 2260 .
1577 2250 1579 2252 ,

151 2301 286 2336 Matriti
305 2302 340 2334 in
361 2298 438 2336 bibl.
459 2302 564 2347 regia,
591 2298 667 2336 teste
681 2301 799 2335 Iriart.
814 2299 904 2334 catal.
922 2297 1016 2335 codd.
1037 2310 1144 2346 graec.
1167 2311 1241 2347 pag.
1256 2309 1301 2343 81.
1322 2300 1396 2336 eod.
1415 2302 1482 2336 XX.
1508 2299 1642 2350 scriptus
1657 2314 1759 2336 manu

40 2351 218 2388 Constant.
234 2349 391 2390 Lascaris,
416 2349 581 2386 Messanae
597 2360 683 2394 1488.
708 2350 878 2386 Halieutic.
899 2350 971 2385 libri
987 2353 1027 2385 V.
1051 2363 1080 2385 et
1098 2354 1291 2399 Cynegetic.
1313 2352 1386 2387 libri
1403 2354 1457 2386 1V.
1483 2366 1558 2388 cum
1583 2354 1671 2388 breui
1692 2354 1759 2401 Op.

53 2404 140 2450 piani
154 2405 235 2450 vita,
260 2415 380 2452 quam,
404 2404 478 2451 quia
500 2416 518 2448 a
537 2402 656 2440 Suidae
677 2405 861 2441 narratione
880 2402 1084 2449 aliquantum
1103 2401 1229 2452 disson,
1254 2404 1366 2440 marte
1389 2404 1571 2452 euulgauit:
1596 2424 1638 2434 -
1672 2405 1759 2438 Inter

871 2450 970 2490 Ffff
991 2465 1009 2502 ².
1596 2449 1608 2453 ⁵
1661 2453 1761 2505 codd:-
