2013 2725
177 72 248 112 ΠΒ
298 61 367 99 Lib.
389 60 435 99 V.
457 57 642 96 aXLffl.
835 55 997 93 LissANii
1035 54 1293 93 erist-ome.
1348 42 1356 99 ᾖ
1650 60 1711 88 voi.
1728 61 1887 96 vn.‚‚.397

281 153 407 199 missen,
434 158 467 190 in
488 164 584 190 tomo
597 156 622 188 Ι.
657 148 893 185 Αηεῐεόὶοωηι
917 148 1053 186 suorum
1075 148 1325 188 Vindobonens.
1350 163 1423 200 pag.
1439 148 1621 199 1139.'cum
1639 154 1719 190 obss.
1741 155 1893 194 Holslen.

282 219 314 244 et
328 207 489 243 Lambeeii
506 201 701 240 recudendas
716 199 838 236 curasse
855 214 988 250 graece:
1014 201 1129 236 melius
1145 202 1210 250 legi
1228 215 1279 237 eas
1299 205 1332 236 in
1351 204 1428 239 edit.
1439 204 1633 250 Wolfiana]
1685 206 1764 240 ibid.
1782 221 1811 255 p.
1823 219 1891 252 255.

282 267 448 296 memorat
471 255 619 292 codicem
644 252 786 289 eiusdem
809 254 885 288 bibl.
908 253 1214 297 membranaceum,
1241 256 1274 288 in
1295 266 1361 302 quo
1378 256 1615 290 CCCCXVlll.
1636 265 1668 291 et
1685 256 1786 291 alium
1803 259 1892 292 char-

282 322 434 354 taceum,
459 311 493 343 in
517 319 584 355 quo
607 305 890 340 CCLXXXVllll.
913 305 1037 338 Libauii
1060 303 1214 351 epistolae
1229 307 1445 340 continentur.
1496 305 1681 342 Duodecim
1699 307 1791 348 illas,
1816 320 1894 356 quas

285 363 369 407 dixi,
396 372 471 408 epp.
500 360 594 393 lenae
611 360 648 392 A.
667 368 756 400 1707.
784 363 813 396 8.
840 355 1041 390 Bartholdns
1065 355 1264 404 Christianus
1283 357 1462 391 Richardus
1483 357 1593 393 recudi
1614 360 1738 393 curauit
1760 372 1835 394 cum
1854 358 1897 393 la·

287 416 354 448 tina
379 409 544 452 versione,
567 405 621 443 sed
647 410 680 442 in
699 420 762 455 qua
784 417 940 442 conatum
965 409 1070 454 potius
1092 419 1191 453 quam
1221 404 1395 442 successum
1427 408 1540 457 aliquis
1561 411 1679 444 merito
1708 409 1897 445 laudauerit.

285 464 381 499 Vltra
396 461 648 511 quadringentas
670 460 762 493 vertit
782 457 977 504 Franctfius·
997 458 1236 499 Zambicarius‚
1263 457 1499 500 Bononknfis,
1524 471 1606 508 quae
1629 459 1727 495 latine
1752 474 1826 496 cum
1850 472 1898 494 ar-

287 517 454 563 gumentis
478 512 632 547 Iohannis
650 509 880 555 Sommerfeldii
894 507 1044 557 prodiere
1055 510 1235 544 Cracouiae
1251 521 1339 554 1504.
1350 522 1381 553 4.
1436 512 1508 546 Hae
1523 508 1642 546 diuisae
1659 509 1732 546 sunt
1748 514 1781 546 in
1797 512 1898 547 libros

285 576 372 606 tres,
398 578 416 600 e
439 564 552 614 quibus
576 564 702 610 primus
725 560 883 607 Epistolas
900 561 1070 595 LXXXlX.
1095 558 1252 595 secundus
1269 562 1396 596 XXXV.
1413 571 1444 596 et
1459 564 1568 596 tertius
1583 564 1791 599 CCCXXIIl.
1809 575 1901 598 com·

288 617 460 667 pledfflur,
485 612 540 650 sed
567 623 692 661 praeter
713 612 796 647 alios
818 610 972 648 verfionis
993 624 1115 646 naeuos
1136 614 1273 647 nomina
1291 614 1420 660 propria
1442 611 1554 660 passim
1571 615 1613 648 ita
1627 613 1831 650 inemendate
1847 626 1902 649 ex·

288 666 382 708 cusa,
408 677 441 703 vt
464 663 600 715 agnosci
619 667 671 699 vix
689 661 816 711 possint.
870 665 967 699 Hanc
990 661 1170 698 editionem
1185 665 1297 698 nadtus
1312 661 1382 698 sum
1399 677 1416 698 e
1432 664 1625 699 bibliotheca
1640 666 1803 701 Laurentii
1816 666 1900 700 Nor-

289 720 424 761 mnnui‚
460 717 627 764 doleoque
647 728 717 751 non
742 713 854 749 itidem
878 711 939 749 else
957 712 997 748 ad
1017 726 1132 748 manus
1152 714 1287 749 alteram
1317 717 1349 749 in
1381 714 1456 749 bibl.
1480 715 1627 750 Gudiana
1650 713 1751 751 visam
1774 715 1902 764 pridem

290 772 392 811 mihi,
414 772 524 818 paucis
543 767 745 802 constantem
762 765 870 810 foliis,
909 768 987 800 etin
1014 765 1095 799 duos
1109 765 1210 800 libros
1233 762 1385 806 diuisam,
1428 779 1608 814 graeceque
1628 767 1748 803 editam
1771 782 1790 802 a
1813 767 1903 802 Guil.

286 822 430 860 Mordso
452 818 574 856 Parisiis
594 821 679 863 1576.
693 829 722 859 4.
752 830 828 851 cum
850 817 949 851 latina
963 814 1109 850 versione
1126 816 1260 850 Antonii
1277 816 1433 858 Pithoni,
1456 816 1638 852 Chartcnfis
1655 818 1699 864 ⁸).
1749 817 1904 865 Singulae

287 872 394 909 modo
417 870 580 919 quaedam
602 871 725 904 Libanii
749 867 902 916 epistolae
922 865 1026 902 editae
1046 881 1063 900 a
1083 867 1160 900 Fed.
1176 867 1313 901 Mor-ello
1337 877 1410 902 ante
1434 876 1564 902 tomum
1584 871 1607 906 Ι,
1640 871 1791 918 Operum
1813 870 1907 904 Liba.

288 927 339 961 nii
359 922 515 973 quidem,
540 920 621 957 duae
641 918 682 956 ad
701 918 854 955 Basiliam
878 931 957 954 cum
979 917 1118 954 totidem
1140 920 1260 954 mutuis
1286 916 1408 954 Bafilii:
1435 927 1509 955 tum
1529 918 1570 955 ad
1593 918 1820 957 Andronicum
1843 933 1907 955 vna

230 1051 268 1093 u)
286 1050 409 1084 paucula
424 1057 540 1081 notarat
553 1047 644 1090 Wolf.
659 1050 690 1078 in
698 1046 855 1079 Thesauro
877 1045 1026 1088 epistolico

186 1097 230 1128 La
239 1098 402 1132 Croziarm,
423 1096 542 1125 tou1.11.
560 1103 624 1134 pag.
634 1100 695 1128 255.
741 1091 827 1121 Plura
841 1101 937 1121 autem
946 1099 1026 1120 nota-

185 1142 234 1170 vit
248 1142 278 1169 in
288 1138 407 1180 praefat.
422 1137 459 1167 ad
473 1138 577 1166 maior.
587 1135 702 1165 Libanii
711 1133 902 1175 epistolarum
923 1133 1028 1163 editio·

185 1193 256 1213 nem
272 1193 336 1223 pag.
352 1183 389 1212 11.
403 1180 454 1211 vbi
473 1201 494 1216 ,‚
504 1179 617 1209 Parifiis
632 1180 690 1212 ait,
712 1179 743 1206 in
757 1177 852 1207 forma
867 1178 964 1217 quarti
980 1186 1028 1206 or-

187 1225 267 1255 dinis
284 1223 457 1266 prodierunt
471 1221 609 1263 epistolae
621 1229 679 1250 tres
691 1219 775 1261 supra
788 1227 901 1249 centum
916 1229 1028 1257 graece,

186 1268 223 1298 in
236 1268 295 1297 duo
318 1264 458 1302 τμήματα
473 1265 522 1295 seu
535 1262 681 1306 seffiones
703 1263 869 1296 diffluente,
898 1261 946 1291 sed
973 1262 1029 1292 fine

188 1309 395 1351 frontispicio,
416 1319 452 1338 ex
468 1318 528 1349 quo
541 1307 588 1337 vel
611 1306 646 1335 de
668 1305 800 1341 editore,
824 1304 871 1334 vel
893 1305 929 1333 de
950 1313 1029 1333 anno

189 1352 329 1383 editionis
344 1352 474 1381 iudicare
488 1350 581 1380 liceat.
601 1348 740 1384 Titulus,
761 1350 791 1377 in
799 1347 910 1377 summa
926 1349 1030 1388 pagina

189 1397 321 1431 exstans,
344 1397 385 1424 ita
400 1393 501 1424 habet:
525 1393 641 1426 Λιβανιέ
663 1392 792 1419 kas-omn
806 1392 908 1426 τμῆμα
929 1392 1030 1428 πρᾶτον

190 1446 222 1469 et
238 1439 341 1468 eodem
359 1436 469 1472 modo,
499 1437 602 1471 τμῆμα
623 1431 749 1473 δεύτερον,
791 1432 921 1463 Libellus
947 1434 1031 1473 prior

190 1483 326 1511 continet
339 1478 471 1520 epistolas
487 1480 558 1508 L1v.
575 1487 668 1518 vsque
682 1476 718 1506 ad
735 1486 800 1517 pag.
818 1485 864 1512 32.
887 1476 1032 1516 posterior

190 1535 265 1555 vero
280 1524 424 1553 XLVIHI.
439 1531 528 1562 vsque
543 1520 580 1549 ad
596 1530 660 1560 pag.
679 1523 728 1555 64.
751 1521 830 1548 Haec
846 1517 980 1547 collefno
995 1518 1031 1547 ab

189 1567 313 1598 eruditis
329 1573 442 1606 accepta
457 1562 551 1594 fertur
567 1563 726 1593 Guitielmo
748 1562 878 1592 Moretio
891 1560 940 1590 seu
962 1560 1031 1590 Mo-

188 1611 286 1646 vello,
308 1616 371 1639 tum
392 1609 531 1647 temporis
548 1606 733 1646 typographo
753 1606 852 1642 regim
875 1614 925 1633 nec
949 1613 1031 1644 prae-

189 1659 237 1683 ter
253 1663 324 1682 rem.
336 1653 458 1680 Formae
482 1651 559 1679 enim
580 1648 742 1678 litterarum
769 1649 864 1684 regias
887 1645 1029 1681 referunt,

192 1703 300 1736 atque,
322 1693 494 1723 obseruante
515 1689 710 1728 Rostgaardo,
728 1689 846 1718 eaedem
864 1688 945 1724 sunt,
968 1690 1032 1729 qui-

191 1739 247 1770 bus
262 1735 408 1777 expressae
425 1735 489 1766 sunt
509 1732 728 1773 Anacllarfidis
743 1730 880 1773 epistolae
901 1741 1032 1769 graecae,

193 1792 260 1811 cum
276 1780 402 1809 subieRa
419 1777 571 1819 separatim
589 1776 721 1805 verlione
740 1774 839 1805 latina.
874 1776 937 1804 Hae
960 1784 1032 1804 vero

191 1826 226 1855 in
244 1824 332 1853 titulo
347 1821 505 1860 exscriptae
519 1819 656 1849 dicuntur
676 1818 784 1847 Parisiis
797 1819 871 1853 1556,
889 1825 934 1857 ap.
953 1816 1033 1847 Guil.

190 1867 370 1899 Morelium,
394 1865 424 1894 in
437 1863 564 1893 Graecis
573 1859 800 1901 typographum
809 1861 937 1899 regium.
955 1861 1034 1889 Vtri·

192 1920 286 1950 vsque
302 1905 447 1943 τμήματος
463 1904 611 1946 epistolae,
627 1903 714 1933 latine
731 1902 898 1937 conuersae,
914 1903 1035 1939 exstant,

193 1952 243 1983 sed
264 1951 380 1981 seorsim
397 1959 412 1979 a
429 1955 566 1978 contextu
588 1956 691 1984 graeco
715 1948 744 1975 in
762 1957 788 1979 4.
814 1947 922 1976 Prioris
945 1947 1034 1975 inter·

195 1996 340 2037 pretati0,
362 1994 480 2033 paginas
495 1990 685 2031 quadraginta
706 1987 829 2028 implens
840 2011 848 2022 ,
872 1986 1035 2028 inscriptio-

196 2048 234 2068 ne
264 2037 428 2066 destituitur
443 2055 452 2069 ,
487 2042 517 2063 vt
549 2032 673 2073 proinde
705 2039 732 2061 et
760 2032 903 2071 interpres
932 2039 961 2061 et
992 2029 1035 2060 lo-

199 2091 248 2110 eus
278 2088 307 2109 et
337 2088 427 2108 annus
451 2076 589 2106 editionis
616 2076 724 2115 pariter
743 2076 924 2112 ignorentur.
985 2075 1035 2103 Vi-

198 2123 283 2153 detur
292 2131 388 2152 tamen
401 2121 436 2150 ab
445 2120 549 2149 eodem
567 2117 644 2147 Guil.
665 2116 791 2146 Morelio
807 2116 919 2152 excusa,
944 2126 1036 2155 quum

196 2166 312 2196 easdem
331 2164 440 2194 formas
458 2161 580 2196 referat,
603 2171 677 2200 quae
696 2162 725 2189 in
741 2160 876 2189 vestone
903 2157 1036 2199 epistola-

196 2219 264 2239 rum
280 2206 474 2238 Anacharfidis
490 2204 577 2234 latina
595 2203 820 2243 conspiciuntur.
866 2203 1036 2231 Posterioris

196 2249 344 2286 τμήματος
362 2251 418 2278 fine
433 2247 525 2278 libelli
542 2248 744 2286 interpretatio
767 2246 842 2274 hunc
857 2245 943 2274 habet
967 2246 1035 2274 tiru-

197 2293 275 2324 lum:
307 2292 511 2333 Epistolarnm
535 2287 818 2329 Libaniifhcundus
833 2286 968 2317 Antonio
985 2286 1034 2317 Pi·

196 2336 321 2374 chamo,
358 2333 530 2375 Clzartenfi‚
559 2334 734 2372 interprete.
755 2330 964 2374 *Parisiis-ap.
987 2330 1033 2361 Io.

1763 981 1846 1011 tom.
1865 973 1912 1008 ll.

1070 1046 1106 1078 de
1122 1046 1309 1084 Bordeaux,
1330 1047 1362 1079 in
1375 1053 1476 1079 monte
1489 1046 1610 1079 Hilarii
1614 1047 1673 1090 sub
1680 1047 1771 1090 signo
1785 1047 1908 1090 occafio·

1072 1091 1127 1121 nis.
1141 1095 1219 1128 '57⁶-
1244 1093 1284 1120 Ex
1294 1092 1341 1120 his
1351 1096 1449 1132 itaque
1459 1092 1577 1128 constat,
1590 1092 1650 1121 duo
1659 1090 1788 1122 diuersos
1802 1092 1909 1121 harum

1073 1133 1260 1174 epistolarum
1277 1136 1448 1175 interpretes
1464 1135 1570 1165 latinos
1593 1134 1695 1171 fuisse,
1723 1141 1909 1174 anonymum

1072 1176 1214 1212 alterum,
1237 1175 1363 1206 alterum
1379 1176 1559 1207 Pa'chom'um
1569 1197 1578 1211 ,
1601 1177 1750 1218 exquibus
1764 1180 1846 1217 prior
1858 1175 1909 1206 ille

1073 1218 1253 1256 diligentiam
1271 1227 1299 1249 et
1313 1219 1508 1250 eruditionem
1518 1230 1586 1260 prae
1604 1219 1696 1249 altero
1705 1220 1851 1261 probauit.
1867 1232 1911 1242 ·-·

1074 1261 1177 1293 Nolim
1188 1272 1278 1302 porro
1286 1262 1574 1300 ignores‚Moreuum
1583 1262 1682 1292 codice
1690 1264 1772 1300 regio
1781 1261 1910 1291 m'aximo

1072 1303 1157 1334 Paris.
1169 1306 1466 1335 MMDCCLXXXIII.
1476 1304 1558 1334 vsum
1573 1303 1639 1341 effe,
1653 1305 1683 1334 id
1701 1304 1780 1345 quod
1796 1312 1912 1346 praeter

1073 1346 1128 1376 alia
1145 1345 1206 1387 ipse
1221 1346 1297 1377 ordo
1313 1347 1499 1388 epistolarum
1515 1349 1636 1378 euineit.
1674 1347 1776 1377 Eidem
1793 1347 1912 1378 videtur

1072 1388 1156 1419 fuiss‘e
1164 1389 1324 1424 confilium,
1332 1388 1471 1425 τμήματα
1479 1391 1551 1420 haee
1558 1390 1851 1430 continuandi,quum
1860 1400 1913 1431 po-

1073 1433 1175 1462 sterius
1191 1431 1264 1461 illud
1280 1432 1391 1462 nullum
1405 1435 1436 1463 in
1450 1432 1526 1462 calce
1540 1443 1609 1473 prae
1618 1432 1646 1462 se
1654 1432 1729 1463 ferat
1737 1432 1912 1474 colophonis

1074 1474 1204 1515 impofiti
1227 1475 1378 1506 indicium.
1408 1477 1586 1512 „Hactenus
1609 1474 1745 1516 WolfiuS.
1763 1492 1807 1498 —
1827 1475 1912 1506 Idem

1075 1516 1243 1555 diligentius
1269 1517 1434 1559 fusiusque,
1456 1524 1542 1559 quam
1557 1517 1639 1549 Fabr.
1657 1518 1782 1554 fecerat,
1806 1520 1864 1556 egit
1880 1520 1913 1548 in

1073 1559 1176 1590 limine
1184 1560 1374 1601 praefationis
1383 1561 1419 1591 de
1430 1561 1570 1592 rariffima
1578 1561 1706 1591 editione
1716 1561 1913 1598 Cracouienfi,

1074 1602 1226 1643 inscripta:
1249 1602 1383 1642 Libanii‚
1395 1604 1505 1643 graeci
1511 1604 1726 1635 declamatoris
1734 1601 1913 1645 discrtg'ffimi

1074 1645 1155 1676 beati
1163 1645 1204 1676 Io.
1210 1644 1406 1688 chrysostomi
1409 1647 1630 1686 praeceptoris,
1637 1646 1849 1688 epistolae,cum
1856 1645 1912 1678 ad-

1073 1686 1155 1718 iest'is
1163 1688 1289 1718 Ioannis
1296 1688 1528 1730 Sommerfildii,
1537 1692 1567 1719 et
1574 1689 1778 1720 emendatione
1787 1692 1814 1719 et
1828 1689 1912 1728 casti-

1072 1730 1200 1771 gatione
1209 1730 1384 1773 clar-iffimis.
1405 1734 1437 1762 ln
1444 1731 1628 1773 frontispicio
1636 1730 1705 1762 libri
1713 1742 1764 1761 nee
1772 1730 1851 1761 locus
1860 1742 1914 1764 neo

1077 1783 1168 1802 annus
1186 1773 1325 1803 editionis
1339 1783 1601 1808 commemoratum
1624 1774 1672 1804 sed
1688 1774 1834 1805 dedicatio
1847 1774 1913 1805 data

1077 1817 1116 1845 cst
1131 1817 1289 1846 Cracouiae
1309 1826 1391 1854 1504.
1413 1819 1448 1848 X.
1467 1817 1529 1847 Kal.
1543 1816 1635 1858 April.
1652 1816 1778 1847 Wolfius
1793 1819 1824 1847 in
1839 1817 1915 1848 calce

1077 1861 1198 1888 maioris
1214 1859 1280 1888 suae
1297 1859 1366 1889 edit.
1376 1859 1581 1900 repetiitillam
1591 1858 1812 1896 colleffionem,
1833 1860 1914 1902 qnod

1078 1904 1236 1940 nonaginta
1250 1910 1362 1933 tantum
1377 1913 1477 1932 earum
1488 1925 1497 1938 ‚
1519 1914 1589 1944 quas
1601 1901 1840 1938 Zambicarius,
1862 1905 1915 1944 qui

1079 1944 1192 1974 saeculo
1211 1947 1273 1975 XV.
1291 1945 1390 1975 medio
1406 1945 1508 1975 vixlss‘e
1525 1946 1658 1981 videtur,
1686 1945 1774 1976 latine
1794 1956 1916 1977 conuer-

1080 1989 1133 2022 tit,
1155 1998 1257 2025 graece
1273 1986 1388 2029 seriptas
1405 1991 1530 2030 reperit:
1553 1991 1635 2018 auxit
1649 1999 1721 2019 vero
1738 1999 1801 2018 eam
1816 1989 1853 2018 ab
1867 1999 1916 2030 ep.

1081 2031 1259 2060 cccxxiv.
1278 2029 1346 2060 libri
1364 2033 1415 2061 111.
1433 2042 1450 2070 p
1473 2037 1534 2067 814.
1552 2030 1618 2061 suae
1632 2030 1702 2062 edit.
1714 2032 1861 2070 ofloginta
1873 2032 1917 2062 fe-

1080 2083 1112 2102 re
1125 2072 1253 2113 epistolis
1268 2085 1282 2101 a
1292 2073 1367 2103 Frid.
1381 2074 1557 2112 Rostgaardo
1571 2084 1605 2104 ex
1614 2075 1678 2104 cod.
1688 2075 1840 2105 chartaceo
1849 2078 1916 2105 Am-

1081 2116 1228 2145 brosianae
1247 2116 1316 2147 bibl.
1335 2116 1496 2146 Mediolani
1513 2116 1678 2158 descriptas.
1723 2119 1816 2147 Huius
1833 2118 1917 2148 eodi-

1080 2161 1119 2187 εἰς
1137 2158 1277 2188 beneficio
1300 2158 1420 2188 subinde
1442 2159 1593 2189 mendosas
1616 2159 1756 2190 lectiones
1778 2161 1916 2190 editionis

1081 2202 1278 2231 Cracouienfis
1295 2204 1450 2240 integritat'>
1467 2202 1532 2232 suae
1548 2203 1687 2233 restituit:
1710 2212 1806 2233 tamen
1829 2202 1917 2242 longe

1080 2243 1175 2284 plures
1193 2244 1333 2274 medicam
1355 2255 1475 2274 manum
1496 2246 1589 2275 adhuc
1611 2247 1776 2286 requirere,
1799 2245 1857 2286 ipse
1872 2246 1915 2276 fa-

1078 2295 1162 2317 tetur.
1189 2304 1232 2309 ——
1274 2288 1423 2318 [Uorenus
1446 2299 1564 2328 quoque
1587 2291 1716 2318 orationi
1731 2289 1847 2318 Libanii
1862 2300 1916 2330 pro

1076 2329 1246 2362 rhetoribus
1285 2331 1321 2361 ad
1352 2333 1550 2363 Antiochenos
1579 2330 1665 2364 Paris.
1688 2334 1766 2363 1616.
1788 2342 1818 2369 4.
1845 2334 1917 2363 duas

1879 2370 1929 2407 ad„-
