2013 2725
204 157 247 187 „14
302 144 373 179 Lib.
387 142 453 180 IV.
469 154 491 178 c.
509 139 619 178 VIII.
671 134 971 172 SCRIPTORVM
1003 133 1180 170 IOSEPHI
1211 133 1446 171 VIRTVTES
1481 134 1546 172 ET
1580 135 1711 171 VITIA

206 251 332 287 >genera
349 234 512 284 speciatim
532 231 750 282 perpendere3
778 245 842 280 qua
859 230 995 267 deinum
1011 233 1062 266 via
1077 229 1237 279 reliquos,
1261 229 1346 266 vnde
1359 227 1516 279 Iosephus
1537 228 1829 272 haufiffe‘videtur,
1853 227 1928 265 fon-

212 301 259 325 tes
280 293 407 338 aperire
429 289 545 322 iic-chit.

319 347 474 395 Iosephii3
498 344 750 392 archaeologiae
773 356 853 392 opus
879 344 1068 391 neutiquam
1093 344 1126 376 in
1151 344 1289 388 gratiam
1312 342 1522 391 popularium
1538 340 1690 384 suorum,
1718 351 1772 376 aut
1789 342 1823 375 in
1837 338 1931 376 vsum

183 406 192 409 ”
214 400 410 436 Iudaeorum
429 397 669 433 heilenissarum
686 393 891 443 composuit,
918 393 1064 441 adeoque
1084 395 1122 428 ab
1144 393 1332 428 adornanda
1357 396 1388 428 S.
1407 397 1436 429 S.
1458 395 1620 430 librorum
1646 393 1791 428 versione
1813 405 1930 440 graeca

213 466 314 502 quam
342 449 528 500 longiffime
556 446 668 483 abfuit.
747 446 809 482 Sed
834 459 937 496 quum
962 443 1034 480 suos
1064 444 1103 479 de
1125 446 1158 479 B.
1178 446 1200 479 Ι.
1225 446 1324 479 libros
1350 448 1493 480 Graecis*
1517 447 1738 494 Romanisque
1777 444 1931 492 probatos

205 503 428 552 'laudatosque
442 500 503 537 ess'e
523 496 741 543 intellexisset3
768 509 799 533 et
816 511 920 546 quum
936 498 1032 532 multi
1052 494 1358 544 cognoscendarum
1382 500 1606 547 antiquiorum
1630 500 1730 532 etiam
1751 508 1864 531 rerum
1885 497 1933 529 iu-

215 556 384 597 daicarum
411 551 527 589 curiosi
552 565 626 587 eum
653 549 692 585 ad
717 552 772 584 has
796 563 927 598 quoque
955 547 1026 597 ipsis
1051 548 1164 583 eadem
1188 550 1314 583 ratione
1337 549 1544 596 exponendas
1566 551 1791 589 hortarentur,
1819 547 1932 582 lubens

208 610 357 647 ,omnino
376 609 461 641 hunc
476 605 622 641 laborem
640 600 773 650 suscepit
789 600 939 644 Iudaeus,
969 601 1087 649 ingenii
1112 598 1157 634 sui
1184 599 1275 634 laude
1301 604 1470 644 excitatus,
1498 612 1594 650 atque
1618 603 1781 635 maiorum
1797 596 1934 634 suorum

212 660 323 708 ,gloria
340 659 448 695 elatus.
501 654 550 690 Ad
569 652 807 703 perscribendas
825 654 956 701 quidem
974 666 1023 687 res
1036 650 1139 700 gentis
1156 649 1229 686 suae
1245 654 1461 699 antiquiores,
1489 656 1520 687 in
1542 644 1792 699 arciiaeologiae
1814 661 1933 698 prooe-

217 714 310 752 mio,
335 712 460 744 ratione
476 709 618 742 maxime
635 704 795 741 laudanda
819 703 848 739 se
875 715 1061 753 permotum
1088 701 1149 737 ess'e
1173 703 1268 744 dicit,
1293 697 1520 752 magnitudine
1544 701 1661 738 scilicet
1677 715 1785 738 rerum
1804 700 1933 736 vtilium

218 767 252 798 in
277 759 415 798 obscuro
438 760 625 798 latentium,
653 771 729 792 cum
751 758 882 792 Graecis
910 758 1145 803 Romanisque,
1170 756 1352 789 litterarum
1375 756 1579 791 barbararum
1607 757 1736 803 ignaris,
1758 754 1935 789 authentici

217 827 329 851 rerum
347 814 571 857 hebraicarum
583 808 695 848 ,fontes
710 805 810 843 effent
825 807 957 849 reclufi,
986 820 1104 854 operae
1122 804 1152 840 se
1175 810 1314 854 pretium
1340 805 1504 843 faciurum
1527 810 1670 855 putauit,
1698 804 1721 841 fi
1744 817 1857 841 earum
1875 817 1934 839 no-

218 869 321 902 titiam
343 862 594 901 desiderantibus
616 862 762 901 Graecis,
795 861 909 908 magni
932 859 1096 908 pontificis
1117 858 1260 893 Eleazari
1276 861 1466 907 exemplum
1487 862 1641 899 imitatus,
1664 859 1936 897 communicaret,

220 927 315 966 atque
337 929 446 952 rerum
470 916 632 948 bonarum
661 923 691 947 et
714 910 924 949 honestarum
943 912 1114 946 Vtilitatem
1131 923 1199 945 non
1216 910 1383 946 inuideret.
1439 912 1515 945 Hoc
1527 921 1643 945 tamen
1660 912 1758 944 etiam
1776 911 1829 944 hic
1846 920 1936 955 prae-

219 981 306 1009 terea
320 967 444 1004 videtur
458 964 609 1012 sequutus
626 962 687 998 esse
704 963 894 1002 confilium,
921 972 964 1003 vt,
987 959 1146 996 vniuersas
1163 964 1328 996 maiorum
1345 960 1477 996 suorum
1494 975 1541 997 res
1556 961 1776 1010 expofituruS,
1804 960 1935 995 Graecis

220 1030 315 1069 atque
332 1019 512 1062 Romanis,
538 1016 598 1050 illis
614 1013 744 1053 saltem,
773 1016 826 1062 qui
853 1014 935 1047 vltra
956 1012 1073 1059 vulgus
1096 1010 1262 1058 saperent,
1290 1016 1394 1060 magis
1418 1012 1668 1047 commendaret
1684 1023 1816 1059 gentem
1833 1008 1936 1051 suam,
1985 1021 1993 1023 “

221 1085 261 1107 eo
285 1073 402 1107 maiori
425 1076 594 1102 contemtu
621 1064 766 1113 odioque
789 1066 951 1105 habitam,
977 1075 1043 1111 quo
1066 1061 1248 1097 durioribus
1271 1063 1328 1098 illo
1353 1075 1502 1111 tempore
1527 1063 1661 1099 miseriis
1682 1061 1786 1098 fuerat
1807 1064 1936 1110 agitata.

220 1122 346 1158 Iudaeis
362 1131 469 1156 autem
488 1121 552 1153 hoc
568 1120 714 1152 maxime
728 1114 789 1151 fuit
804 1113 1020 1156 inuidiosum,
1047 1113 1137 1161 quod
1154 1127 1208 1148 eos
1226 1114 1381 1149 maleuoli
1400 1116 1568 1157 barbaros,
1595 1111 1846 1164 superstitiosos,
1865 1124 1937 1161 per-

220 1178 361 1211 vicaces,
388 1167 573 1210 seditiosos,
600 1168 737 1210 infidos,
762 1167 924 1216 stupidos,
952 1169 1071 1200 artium
1093 1164 1229 1214 denique
1253 1176 1283 1201 et
1305 1164 1508 1201 scientiarum
1531 1165 1623 1201 rudes
1647 1166 1936 1202 calumniarentur.

218 1228 314 1265 'Haec
338 1228 425 1260 enim
449 1224 524 1257 vitia
548 1223 672 1256 nationi
699 1217 772 1254 suae
794 1233 850 1268 per
876 1221 1027 1253 iniuriam
1043 1216 1161 1265 infligi,
1186 1216 1269 1252 vele
1288 1217 1536 1254 mendaciorum
1555 1217 1677 1260 studio,
1699 1218 1808 1252 -velex
1826 1228 1937 1251 rerum

222 1276 422 1312 iudaicarum
441 1276 647 1322 ignorantia,
674 1269 825 1319 Iosephus
842 1273 873 1305 in
888 1271 941 1305 lib.
959 1279 1075 1304 contra
1094 1271 1154 1316 Ap.
1173 1270 1323 1304 euincere
1346 1269 1457 1304 studet.
1511 1271 1670 1304 Correem
1693 1282 1772 1304 vero
1794 1270 1936 1303 Graeco.

221 1343 296 1365 rum
313 1338 343 1363 et
358 1329 591 1362 Romanorum
617 1326 799 1372 ignorantia
820 1320 976 1371 sperauit,
1006 1319 1107 1368 ipsam
1133 1333 1244 1355 rerum
1269 1320 1334 1355 iud.
1356 1324 1523 1358 veritatem
1545 1319 1764 1363 emersuram,
1796 1319 1938 1370 illosque

223 1380 262 1417 ad
276 1379 376 1415 fidem
398 1380 439 1413 eis
458 1375 641 1412 habendam
658 1377 827 1423 proniores
843 1373 934 1416 fore,
960 1372 983 1407 st
1000 1387 1018 1407 a
1032 1372 1153 1407 Iudaeo
1167 1386 1277 1407 rerum
1293 1382 1388 1421 atque
1404 1372 1579 1409 litterarum
1594 1371 1786 1423 peritiffimo
1803 1373 1863 1406 rite
1885 1382 1939 1405 ex-

222 1431 341 1482 positas
363 1428 593 1477 intelligerent.
661 1428 796 1473 Optime
819 1427 916 1473 igitur
939 1425 979 1460 de
1003 1426 1136 1459 natione
1160 1421 1213 1460 sua
1237 1420 1268 1458 se
1290 1428 1480 1459 meriturum
1498 1428 1642 1474 putauit,
1667 1423 1691 1460 fi
1713 1437 1786 1460 eam
1803 1424 1938 1458 Graecis

223 1485 449 1530 Romanisque
467 1483 570 1528 magis
584 1476 866 1516 commendauerit
879 1475 1081 1512 ostendendo
1096 1473 1262 1513 summam
1279 1476 1325 1511 illi
1341 1474 1402 1513 effe
1417 1479 1664 1525 antiquitatem,
1689 1485 1721 1511 et
1737 1474 1939 1524 praeclaram

224 1537 326 1571 animi
344 1534 531 1582 ingeniique
551 1529 711 1571 indolem,
739 1532 883 1577 optimos
900 1541 1021 1568 moreS,
1050 1538 1080 1563 et
1098 1525 1293 1575 religiosam
1310 1529 1484 1563 ciuiratibus
1503 1528 1642 1563 instituta
1657 1530 1778 1576 vigere,
1795 1539 1854 1561 nec
1869 1538 1939 1561 non

223 1587 328 1624 multa
345 1583 418 1621 sane
433 1582 608 1630 singularia
623 1596 640 1616 a
655 1583 830 1616 maioribus
846 1578 904 1615 suis
919 1580 1030 1616 diuino
1047 1582 1179 1614 numine
1196 1579 1309 1617 adiutis
1326 1577 1419 1614 fuiss'e
1434 1579 1596 1628 praeclare
1618 1579 1716 1628 gesta.
1804 1590 1940 1613 uocum—

225 1652 287 1688 que
311 1641 408 1672 etiam
427 1633 564 1671 consilio
581 1647 742 1681 magnum
760 1634 860 1667 hocce
883 1645 965 1680 opus
987 1629 1149 1680 adgress'us
1168 1629 1266 1666 fuerit
1290 1629 1462 1680 Iosephu's‚
1491 1634 1620 1667 Graecis
1642 1641 1732 1666 certo
1754 1640 1849 1679 atque
1872 1630 1940 1664 Ro-

224 1692 328 1726 manis
343 1684 524 1724 vniuersam
542 1687 644 1734 gentis
659 1682 731 1719 suae
747 1684 915 1720 historiam
936 1698 953 1719 e
977 1683 1065 1719 libris
1090 1684 1245 1718 hebraicis
1271 1683 1413 1718 haustam
1437 1696 1553 1731 graece
1573 1682 1794 1731 expositurus,
1821 1693 1940 1717 eorum

224 1745 323 1778 etiam
345 1741 443 1788 genio
467 1747 497 1772 et
519 1737 658 1776 iudicio,
685 1748 844 1784 quantum
870 1733 957 1771 salua
981 1733 1034 1769 sua
1056 1734 1217 1782 religione
1239 1737 1361 1782 potuit,
1389 1732 1419 1769 se
1446 1746 1552 1770 totum
1574 1732 1642 1770 fere
1659 1731 1938 1769 adcommodauit.

224 1794 293 1829 Illis
311 1795 398 1827 enim
415 1788 508 1825 suum
524 1786 872 1823 scribendiinstitutum
888 1787 1017 1836 probari
1035 1786 1139 1821 voluit
1157 1786 1251 1829 adeo,
1267 1796 1297 1820 vt
1313 1785 1376 1833 ipse
1391 1787 1546 1822 hebraeus
1562 1797 1592 1821 et
1606 1788 1729 1834 ingenii
1752 1783 1797 1820 sui
1812 1787 1940 1832 magni-

223 1843 353 1884 tudine,
379 1852 410 1878 et
427 1840 628 1878 eruditorum
645 1840 867 1888 quorumdam
890 1852 988 1886 opera
1003 1837 1147 1878 adiutus,
1174 1840 1207 1872 in
1227 1851 1361 1886 graecae
1375 1837 1524 1873 editionis
1539 1837 1714 1886 elegantia,
1743 1847 1773 1872 et
1790 1838 1824 1871 in
1845 1848 1941 1885 prag-

223 1899 343 1932 matica
366 1905 474 1929 rerum
497 1890 731 1927 narrandarum
757 1893 880 1931 ratione
902 1893 1050 1938 egregie,
1090 1902 1224 1937 graecae
1251 1902 1474 1937 romanaeque
1497 1888 1647 1927 historiae
1666 1887 1834 1936 scriptores
1858 1889 1940 1934 opti-

224 1961 299 1984 mos
317 1945 541 1984 aemularetur.
586 1945 686 1985 Hinc,
704 1956 743 1978 ne
761 1940 824 1990 ipse
843 1945 875 1976 in
893 1939 1124 1988 superstitionis
1139 1938 1358 1988 suspicionem
1374 1943 1506 1978 veniret,
1521 1938 1612 1976 ausus
1630 1940 1673 1976 est
1691 1943 1827 1989 primm,
1841 1937 1939 1973 libro-

224 2013 299 2037 rum
316 2000 346 2033 S.
363 2000 393 2032 S.
410 2000 516 2031 minus
534 1992 720 2042 religiosam
731 2020 740 2034 ,
766 2008 864 2043 quam
876 1993 1066 2028 ‚historicam
1084 1993 1201 2028 habere
1217 1995 1399 2034 rationem,
1421 2006 1541 2040 eosque
1557 1995 1696 2028 omnino
1715 1991 1867 2029 historiae
1883 2002 1941 2037 po-

225 2054 298 2097 tius,
315 2062 413 2100 quam
430 2047 596 2094 religionis
615 2045 679 2081 iud.
696 2045 803 2081 sontes
819 2043 950 2093 spectari
970 2045 1085 2085 voluit,
1109 2055 1143 2079 vt
1158 2058 1196 2079 ex
1212 2043 1307 2090 ipfius
1323 2047 1429 2093 operis
1446 2043 1664 2091 inscriptione,
1679 2053 1816 2091 totoque
1830 2042 1940 2077 habitu

225 2103 340 2139 elucet.
395 2102 437 2136 Et
452 2112 555 2147 quum
571 2110 639 2132 non
657 2094 729 2132 suae
745 2097 819 2132 fidei
837 2095 1054 2137 consortibus,
1070 2094 1121 2131 sed
1140 2099 1177 2130 iis
1192 2096 1362 2130 historiam
1382 2095 1447 2130 iud.
1464 2095 1621 2133 traderet,
1650 2098 1702 2144 qui
1719 2096 1938 2129 hebraeorum

225 2155 385 2191 librorum
401 2153 628 2189 auctoritatem
645 2162 781 2184 omnem
797 2146 892 2183 facile
908 2161 1027 2196 negare
1047 2157 1210 2195 poterant,
1238 2148 1398 2194 legentes,
1425 2160 1523 2195 quam
1545 2147 1647 2182 multa
1673 2149 1705 2181 in
1728 2146 1777 2180 his
1790 2158 1940 2180 comme-

226 2216 398 2244 morentur
416 2206 516 2242 mira,
543 2215 625 2250 quae
642 2203 749 2248 primo
768 2203 883 2234 intuitu
899 2197 1056 2247 profanae
1077 2208 1107 2233 et
1129 2202 1237 2235 minus
1260 2196 1428 2246 religiosae
1452 2201 1552 2234 menti
1576 2196 1798 2245 superstitiosis
1821 2194 1940 2231 fabulis

225 2257 392 2294 simillima
415 2253 622 2298 viderentur3
649 2254 813 2301 praeteriri
831 2262 943 2287 tamen
966 2265 984 2285 a
1005 2248 1037 2284 se
1063 2248 1085 2284 fi
1111 2265 1173 2299 qua
1192 2249 1250 2299 ipsi
1268 2251 1404 2298 religio,
1427 2248 1453 2284 si
1475 2249 1563 2299 quod
1584 2252 1649 2284 veri
1673 2248 1812 2283 studium
1829 2249 1939 2295 nequit

227 2320 318 2350 rent,
345 2310 451 2355 prima
467 2303 540 2340 sane
554 2302 684 2353 Iosephi
699 2316 776 2338 cura
793 2306 828 2338 in
853 2316 894 2338 eo
910 2300 1027 2337 versari
1049 2301 1176 2346 debuit,
1204 2312 1236 2337 vt
1259 2303 1388 2336 Graecis
1411 2303 1634 2349 Romanisque
1656 2297 1874 2348 persuaderet,
1902 2298 1939 2333 li-

226 2362 299 2397 bros
315 2357 387 2394 suos
402 2358 587 2397 hebraicos,
613 2366 643 2391 et
660 2353 783 2398 sacrm,
812 2367 892 2403 quos
909 2363 1045 2396 vocant,
1072 2355 1293 2393 authenticos,
1319 2355 1476 2401 omnique
1493 2353 1556 2388 fide
1569 2352 1685 2399 dignos
1703 2364 1812 2386 rerum
1833 2352 1938 2398 gentis

226 2411 301 2450 suae
319 2409 428 2450 fontes
450 2407 528 2454 effe3
553 2408 659 2445 nihilo
682 2417 793 2443 tamen
815 2409 924 2443 minus
948 2417 1064 2443 omnes
1086 2405 1308 2442 cauillationes
1332 2415 1362 2440 et
1385 2403 1449 2455 ase
1466 2415 1496 2441 et
1509 2419 1529 2451 a¹
1542 2405 1630 2440 libris
1645 2405 1731 2438 hisce
1744 2404 1847 2452 gentis
1864 2398 1939 2436 suae

1843 2451 1938 2489 sacris
