2049 2720
720 147 802 183 IOS.
832 145 977 182 FLAVII
1009 142 1202 182 SCRIPTA
1381 145 1451 181 Lib.
1464 146 1533 185 IV.
1546 145 1693 186 estur.
1788 166 1819 200 ς)

96 245 187 285 nius,
229 243 350 291 quique
369 250 534 291 praeterea
566 239 618 276 alii
644 238 786 289 Iosepho
811 242 876 275 hoc
909 253 993 287 opus
1025 241 1187 283 tribuunt,
1220 240 1326 275 Photii
1351 239 1564 277 dubitationes
1586 242 1817 282 conformitate

96 294 226 331 eludere
242 292 298 329 sibi
316 293 484 335 videntur,
511 307 593 342 quae
608 296 658 328 hic
675 306 750 327 cuin
767 290 896 327 sanioso
912 293 969 327 illo
989 292 1117 341 lasephi
1133 292 1172 327 de
1188 292 1318 328 Christo
1335 293 1540 333 testimonio,
1567 307 1714 344 quaeque
1738 310 1815 333 cum

95 344 341 383 Pharisaeorum
359 361 436 397 veen
460 341 528 384 0258
543 348 703 394 opinione
720 343 904 379 intercedat.
960 344 1140 390 Wizistonio
1157 357 1234 379 vero
1253 343 1377 379 facilius
1402 343 1465 380 fnit
1484 344 1561 379 illud
1583 344 1723 394 Iosepho
1748 352 1815 385 vin-

96 397 223 439 dicare,
253 397 362 447 quod,
395 395 519 446 ipsum,
544 396 664 439 statuit,
694 399 804 431 Roma
830 393 1071 440 Hierosolyma
1093 395 1265 443 migrass'e,
1292 406 1323 432 et
1344 395 1605 432 Christianorum
1627 399 1667 433 ibi
1693 398 1814 447 episco.

94 463 175 498 pum
194 447 317 485 fatssum
329 477 338 491 ,
362 462 528 498 genusque
542 446 699 484 scribendi
715 459 850 483 atticum
868 460 907 482 ex
922 445 1086 497 frequenti
1100 445 1262 484 librorum
1280 450 1369 484 Noui
1386 448 1478 483 Test.
1493 462 1571 485 cum
1586 450 1812 496 Hellem'stico,

95 501 186 552 quod
203 503 259 537 hie
273 499 545 550 deprehenditur,
572 498 798 536 commutaffe.

196 579 324 613 Praeter
340 577 440 613 libros
457 575 598 613 de'bello
614 576 679 613 iud.
696 579 796 626 patria
815 576 926 626 lingua
945 576 1148 625 compositos
1166 575 1360 627 quibusdam
1378 589 1527 613 caremus
1543 578 1708 626 operibus,
1735 591 1815 628 quo-

92 641 167 665 rum
183 628 234 664 vel
250 626 316 678 ipse
332 628 488 679 Iosephus
504 629 680 665 letstoribus
694 627 788 679 ¹spem
806 632 914 665 iniecit
930 640 961 665 et
976 628 1184 675 desiderium,
1203 630 1273 673 vel,
1294 642 1384 679 ‘quos
1400 629 1521 666 exstare
1536 629 1637 667 fidem
1650 631 1744 667 nobis
1760 632 1814 668 alii

92 693 208 729 graues
232 683 379 718 auctores
404 679 512 718 facere
539 682 666 717 volunt.

190 759 242 793 Sic
266 761 298 794 in
319 758 568 807 archaeologiae
592 758 678 794 libris
695 760 727 804 κ)
751 756 905 807 Iosephus
924 758 1114 806 pollicetur,
1141 756 1172 794 se
1188 760 1254 794 hoc
1269 771 1368 807 opere
1386 755 1534 794 absoluto
1550 756 1813 807 philosophicam

90 808 206 858 legum
226 809 427 846 iudaicaruin
453 812 614 846 theoriam
642 820 673 846 et
694 811 859 860 quandam
886 810 1108 847 institutorum
1133 823 1310 858 rerumque
1333 812 1486 845 omnium
1511 811 1727 859 aiz-mmmm
1754 810 1814 847 sin-

89 861 198 909 gulari
212 861 295 898 libro
310 861 544 910 expositurum.
597 865 747 910 Qatuor
769 866 866 897 etiam
892 863 991 897 libros
1015 862 1054 898 de
1077 864 1168 905 Deo,
1197 863 1302 911 deque
1326 866 1391 896 eius
1410 860 1581 897 substantia
1602 875 1641 897 ex
1655 866 1814 912 opinione

89 913 289 949 Iudaeorum
306 912 524 956 conscribere,
543 915 693 964 'bellique
711 913 776 949 iud.
795 915 963 950 historiam
982 931 1083 954 κατα
1100 911 1298 965 περιδρομην
1315 913 1425 949 denuo
1436 911 1626 957 recensere,
1645 924 1683 949 *et
1705 912 1813 950 nouis-

89 963 189 1007 fima,
217 979 299 1015 quae
322 965 443 1001 Iudaeis
466 965 664 1009 acciderunt,
702 964 768 1001 fata
793 964 940 1013 persequi
962 965 1016 1000 fibi
1039 964 1262 1014 proposuerat.
1318 968 1427 1000 Nemo
1451 976 1561 1000 tamen
1584 976 1729 1002 veterum
1747 969 1812 1002 hoc

92 1013 268 1065 losephum
299 1015 408 1060 fuisse,
437 1029 490 1053 aut
517 1015 548 1053 se
579 1019 658 1053 haec
679 1020 746 1053 eius
773 1015 889 1064 scripra
912 1015 1041 1064 legisse,
1070 1018 1216 1059 testatur,
1243 1015 1302 1051 nisi
1318 1014 1429 1051 forsan
1451 1015 1551 1051 fidem
1570 1016 1687 1052 habere
1702 1018 1811 1053 lubeat

88 1064 404 1116 Pseudogorionidi,
436 1071 491 1116 qui
516 1079 679 1104 memorat
701 1069 821 1104 librum
836 1070 1015 1116 sapientiae
1039 1067 1186 1116 Iosephi,
1212 1071 1246 1103 in
1269 1080 1337 1114 quo
1361 1067 1490 1102 nullam
1511 1067 1676 1104 bellorum
1699 1067 1811 1105 fecerit

87 1121 313 1163 mentionem,
354 1118 409 1155 sed
430 1119 539 1156 solum
570 1119 762 1170 sapientiam
784 1122 938 1156 -virorum
960 1120 1212 1169 *praeclarorum
1238 1116 1441 1168 exposuerit,
1464 1129 1503 1154 et
1524 1118 1565 1155 de
1592 1120 1720 1170 templo
1750 1131 1811 1157 tra-

84 1172 232 1208 dauerit.

177 1250 278 1296 Opus
294 1246 336 1283 de
353 1245 478 1295 legibus
493 1244 695 1283 conscribere
707 1246 872 1295 vpeculiare
884 1245 947 1282 'ilbi
963 1256 1053 1283 certo
1067 1245 1203 1295 quidem
1219 1241 1433 1295 proposuerat
1448 1246 1623 1298 Iosephus,
1637 1241 1673 1283 'si
1688 1246 1728 1283 ad
1743 1260 1810 1284 ver-

86 1299 126 1334 ba
143 1297 209 1347 ipsa
227 1299 281 1335 lib.
297 1301 397 1348 antiq.
419 1301 474 1343 111.
492 1306 608 1346 cap.'8.
631 1310 661 1335 et
677 1300 744 1334 XX.
762 1314 830 1348 cap.
847 1314 885 1336 11.
913 1301 942 1347 §.
957 1312 984 1335 2.
1008 1301 1149 1334 curatius
1173 1297 1383 1347 adtendatur5
1418 1303 1608 1348 neutiquam
1633 1313 1711 1335 vero
1736 1312 1810 1347 pro-

85 1351 229 1399 positum
253 1349 348 1387 suurn
373 1348 467 1386 fuisse
484 1349 719 1399 exsequutum‚
745 1351 864 1386 indicat
881 1351 976 1386 locus
990 1350 1047 1386 lib.
1063 1351 1104 1386 ΙΙ.
1126 1362 1214 1386 cont.
1231 1353 1351 1400 Apion.
1373 1352 1428 1400 §§.
1446 1363 1501 1395 40.
1516 1364 1561 1396 41.
1585 1351 1643 1387 -vbi
1663 1352 1810 1401 aliquam

85 1405 152 1438 eius
167 1405 373 1439 mentionem
389 1399 496 1438 facere
510 1416 579 1438 non
588 1401 746 1453 ,potuisset
755 1401 793 1438 {su
797 1401 975 1452 persedere.

186 1485 429 1527 Αἴτιολοεγιαν,
447 1491 517 1528 qua
531 1477 624 1515 'haud
651 1493 747 1528 aegre
762 1478 798 1515 'se
818 1494 935 1516 >carere
954 1479 1108 1517 Ginamr
1119 1481 1177 1515 111.
1193 1493 1218 1516 1.
1243 1479 1293 1515 >de
1311 1479 1439 1528 republ.
1458 1479 1559 1516 Hebr.
1586 1488 1617 1516 et
1637 1480 1806 1516 Boeclerus

85 1533 214 1567 exercit.
235 1530 274 1566 ad
297 1530 354 1567 lib.
376 1532 399 1565 1.
422 1545 492 1580 cap.
504 1544 531 1567 1.
552 1529 698 1580 Iosephi,
727 1545 766 1567 ex
788 1534 968 1568 rationibus
994 1547 1012 1567 a
1035 1534 1137 1581 priori
1158 1534 1266 1581 petitis
1287 1542 1411 1568 temere
1433 1531 1566 1575 dicunt,
1594 1535 1707 1581 magni
1729 1543 1805 1565 cum

85 1583 251 1623 Fabricio,
278 1581 301 1618 fi
318 1581 357 1617 ad
376 1595 437 1617 nos
454 1581 665 1631 perueniss'et,
688 1582 878 1619 'faciendam
896 1583 957 1619 effe
972 1583 1185 1624 crediderim,
1209 1597 1312 1633 quum
1330 1583 1415 1619 haud
1433 1583 1528 1619 dubie
1543 1586 1626 1620 inter
1646 1582 1804 1632 quasdam

83 1647 182 1670 vanas
203 1632 401 1683 frigidasque
422 1637 542 1683 ingenii
567 1634 684 1670 iudaici
709 1638 932 1683 argutationes
955 1635 1130 1685 complura
1155 1638 1287 1684 egregia
1309 1646 1340 1671 et
1359 1635 1447 1671 vtilia
1467 1648 1528 1671 nos
1551 1633 1706 1671 docuisset
1721 1631 1804 1671 Iose-

83 1687 189 1736 phuS,
216 1699 298 1736 quae
314 1683 445 1722 fortaffe
460 1699 562 1722 nemo
580 1686 679 1723 hodie
695 1687 896 1723 ludaeorum
914 1687 1220 1724 Christianorumue
1236 1700 1297 1723 nos
1319 1686 1438 1723 docere
1455 1685 1560 1737 poffit.

183 1763 234 1799 Ex
255 1764 458 1807 Hieronymi
481 1762 520 1798 ad
547 1764 601 1798 XI.
617 1766 937 1811 commentariorum<
958 1767 990 1800 in
1013 1761 1147 1799 Iesaiam
1168 1764 1289 1801 librum
1312 1761 1516 1813 praefatione
1538 1762 1702 1812 collegere
1717 1774 1804 1798 inon-

83 1812 189 1856 nulli,
215 1812 370 1863 scriptum
395 1812 489 1850 fuisse
513 1829 531 1850 a
553 1813 693 1863 Iosepho
714 1816 833 1851 librum
855 1816 895 1852 de
912 1818 1010 1852 LXX.
1027 1815 1287 1852 hebdomadibus
1303 1815 1459 1851 Danielis.
1513 1814 1575 1851 Sed
1592 1829 1716 1865 quum,
1737 1827 1803 1850 ‘nec

82 1868 154 1951 puis
167 1863 285 1904 suerit,
310 1878 409 1915 quem
427 1867 468 1900 ibi
487 1871 657 1906 nominat,
683 1866 838 1917 Iosephus
861 1868 936 1910 ille,
961 1882 1022 1905 nec
1044 1869 1096 1904 vbi
1120 1866 1160 1904 de
1181 1869 1249 1904 hoc
1271 1865 1399 1904 differat
1419 1877 1617 1916 argumento
1632 1866 1803 1916 significet,

99 1916 182 1953 allax
198 1927 229 1953 et
244 1920 363 1952 incerta
379 1918 422 1953 est
440 1917 496 1953 issa
510 1919 687 1956 conclusio.

185 1993 330 2038 Cyrillus
347 1993 438 2029 Alex.
455 2007 472 2029 e
489 1994 669 2031 Clementis
687 1996 778 2032 Alex.
797 1996 1013 2032 stromatibus
1027 1994 1143 2039 refert,
1169 1995 1495 2031 Sanchuniathonem
1508 2009 1528 2030 a
1543 1992 1693 2045 iosephol
1707 2007 1724 2029 e
1743 1991 1802 2028 lin·

82 2055 148 2093 gua
161 2046 335 2094 phoenicia
350 2059 467 2094 graece
483 2045 624 2083 versum.
658 2047 758 2097 Qod
774 2056 883 2084 autem
903 2051 936 2083 in
952 2049 1131 2083 Clementis
1147 2047 1236 2082 libris
1252 2046 1344 2083 editis
1360 2045 1515 2083 incassum
1527 2046 1685 2096 quaeris,
1707 2042 1803 2093 suspi-

83 2107 173 2131 catur
191 2097 372 2140 Fabricius,
400 2097 440 2133 de
466 2099 604 2135 Philone
626 2100 835 2136 Clementem
860 2098 1014 2149 scripfiffe
1039 2102 1131 2135 initio
1155 2101 1253 2147 primi
1277 2100 1480 2134 Stromatum
1498 2099 1591 2141 libri,
1619 2096 1707 2146 quod
1730 2109 1804 2131 nus·

81 2161 182 2197 quam
205 2159 306 2191 extat,
340 2152 373 2184 in
394 2149 484 2185 editis
508 2161 592 2187 certe
614 2149 832 2195 defideratur,
865 2161 962 2202 atque
983 2151 1152 2199 Cyrillum
1174 2148 1262 2188 facili
1284 2154 1466 2188 memoriae
1481 2148 1572 2201 lapsu
1586 2163 1648 2200 pro
1665 2148 1802 2185 Philone

81 2197 257 2251 losephum
279 2199 472 2240 nominasse.

1561 2302 1593 2332 *3
1695 2303 1734 2339 C.
1761 2304 1800 2339 In

146 2413 185 2448 x)
206 2407 350 2454 Iosephus
371 2422 506 2456 prooem·
528 2424 593 2457 pag.
606 2423 636 2453 4.
655 2422 683 2447 et
700 2414 751 2448 lib.
767 2416 831 2449 XX.
848 2426 909 2458 cap.
925 2426 950 2454 9.
967 2424 1032 2458 pag.
1042 2422 1114 2455 703.

131 2476 165 2509 V
162 2477 199 2507 ol.
210 2479 249 2510 V.
1043 2476 1068 2510 B
