2049 2720
40 52 164 98 νοκίν.
187 76 260 103 μη
520 65 777 103 HERoumNi
797 66 935 101 com).
959 66 1022 101 ET
1038 66 1142 101 Euo.
1247 60 1641 100 Lib.1V.c.·XXX1X.
1695 65 1755 101 287

40 178 59 199 a
77 164 162 198 Iulio
186 162 368 209 Capitolino
394 164 428 198 in
452 164 607 198 Maximo
628 170 660 196 et
684 159 819 195 Balbino
841 173 910 208 cap.
926 171 968 203 15.
993 168 1088 207 atque
1105 161 1138 194 in
1155 158 1276 194 Albino
1299 172 1367 207 cap.
1381 170 1422 195 η.
1450 157 1500 190 vbi
1516 165 1590 190 eum
1609 151 1755 197 ssdfid⁹m

33 216 188 265 pleraque
209 214 318 261 dixiffi
341 213 454 254 tradit,
498 224 528 248 et
551 216 584 248 in
606 212 732 247 duobus
753 212 947 246 Maximinis
969 223 1038 258 cap.
1055 223 1097 253 13.
1134 223 1200 259 quo
1225 211 1302 245 loco
1325 220 1434 249 notat,
1469 221 1545 243 euin
1575 205 1754 241 Maximino

38 269 71 301 in
95 269 200 301 odium
220 266 404 302 Alexandri
420 266 594 310 plurimum
612 263 740 310 fauffl.
800 263 865 297 Alii
895 264 1093 300 Fertinacem
1129 264 1225 296 nimis
1255 263 1293 296 ab
1323 274 1362 296 eo
1395 259 1562 294 laudarum
1594 264 1753 304 arguunt;

39 318 93 353 alii
111 328 300 365 temporum
314 326 345 352 et
357 330 522 353 annorum
538 318 740 351 notationem
757 312 923 355 omissam⁷
950 312 1003 347 alii
1023 324 1056 348 vt
1070 313 1310 348 Tillemontius
1330 315 1356 356 4)
1375 326 1442 346 uon
1456 314 1619 346 orationes
1636 305 1753 346 1„on

39 381 78 404 ex
101 370 236 417 ingenio
262 369 427 404 attributas
453 371 508 411 iis,
545 380 626 417 quos
654 367 829 415 loquentes
853 365 994 406 inducit,
1034 363 1123 414 quod
1144 363 1203 414 ipfi
1223 364 1267 400 est
1291 377 1367 399 curu
1391 363 1458 398 aliis
1481 362 1640 398 historicis
1662 370 1753 393 com·

38 433 156 460 mune,
181 418 235 456 sed
258 419 409 467 epistolas
430 433 573 469 quoque.

138 505 248 541 Exstat
274 504 455 541 Herodiani
478 505 623 553 Hssoria
648 506 788 540 Romana
803 504 831 548 ')
860 504 899 540 ab
921 500 1046 538 excess'u
1065 502 1171 538 Marci
1190 503 1350 537 Antonini
1366 513 1465 548 Vsque
1481 497 1518 534 ad
1534 494 1765 550 Gordianum.-

38 567 213 606 nepotem,
241 560 298 605 qui
321 559 510 592 MaximIno
531 554 696 600 suceessit,
722 554 878 605 descripta
897 556 988 590 libris
1008 553 1062 601 [ff]
1083 554 1191 589 VIII.
1215 566 1298 602 quos
1314 552 1392 599 legit
1408 554 1505 586 etiam
1526 550 1683 588 Plotius,
1710 555 1752 580 at·

38 622 102 658 que
123 610 162 644 ab
185 608 309 644 iudicio
332 607 496 658 scriptoris
515 618 546 644 et
567 607 721 644 dictionis
743 610 943 644 amoenitate
966 605 1179 641 commendat
1200 603 1313 640 codice
1335 605 1448 639 XCIX.
1477 603 1576 636 Faltr.

138 695 191 730 De
213 695 367 731 codicibus
390 695 501 731 mistis
522 696 610 744 prius
633 707 749 743 agam:
774 695 826 729 De
847 696 903 734 iis7
931 692 1046 740 quibus
1065 690 1109 726 vfi
1125 688 1197 727 sunt
1215 690 1410 729 Politianus‚
1435 686 1546 726 Aldus,
1571 685 1750 732 Stephanus

37 755 68 782 et
91 745 188 781 Andr.
216 748 385 787 schottus,
411 745 459 782 nil
480 749 557 780 certi
576 746 639 781 dici
660 745 774 792 potest.
826 746 946 779 Romae
967 746 999 778 in
1015 742 1090 778 bibl.
1109 738 1267 790 Angelica
1281 739 1343 776 effe
1357 740 1473 775 dicitur
1487 737 1562 777 cod.
1578 733 1657 771 saec.
1667 735 1751 768 xlv.

37 800 175 833 chartac.
202 799 399 838 Herodiani,
427 795 478 833 sed
499 811 578 832 num
603 797 770 833 historicus
790 795 832 833 sit
855 797 929 838 ille.
954 809 995 830 an
1017 797 1268 844 grammaticus,
1300 803 1390 828 certo
1412 791 1517 826 dicere
1540 801 1610 824 non
1636 783 1751 821 ausim.

40 849 187 885 Venetiis
210 853 242 884 in
266 849 342 885 bibl.
364 851 406 885 D.
424 851 529 884 Marci
552 847 626 884 sunt
648 849 745 885 codd.
767 849 1025 884 CCCLXXXIX.
1050 848 1151 882 chart.
1182 845 1261 882 saec.
1291 847 1417 880 circiter
1440 845 1510 878 XV.
1536 851 1566 876 et
1587 838 1749 874 CCCXC.

37 902 220 938 membran.
238 913 268 944 4.
291 899 370 936 saec.
385 903 456 936 XV.
509 898 691 936 Confedlor
713 900 806 940 catal,
831 899 927 935 codd.
952 912 1001 947 gr.
1028 911 1102 947 pag.
1121 905 1271 942 187-193.
1300 899 1445 945 priorem
1460 897 1587 929 maiore
1602 903 1641 926 ex
1661 899 1751 938 parte

36 952 75 986 ad
99 952 274 987 dimidium
302 965 370 1002 cap.
386 953 455 986 ΧΠ.
478 951 549 986 libri
568 954 624 988 lV.
653 952 790 988 contulit
812 965 888 987 cum
910 949 986 986 edit.
1012 951 1167 1000 Stephani
1194 959 1225 984 et
1255 949 1364 996 plures
1392 944 1549 994 excerpsit
1582 943 1750 978 ledliones·

34 1003 104 1038 Has
130 1001 186 1038 sub
208 1017 345 1040 examen
368 1006 516 1041 vomuit,
543 1002 684 1052 alssasque
706 1001 876 1039 obseruatt.
902 1016 984 1051 quae
1006 1012 1077 1037 tum
1102 1001 1141 1036 ad
1165 998 1407 1037 emendandum
1428 996 1590 1036 facerent,
1617 1004 1686 1029 tum
1709 989 1750 1026 ad

34 1055 336 1103 interpretandum,
372 1054 496 1090 addidit
512 1056 603 1090 Frid.
620 1056 725 1090 Andr.
738 1056 851 1090 Stroth
873 1056 906 1089 in
924 1056 954 1087 V
977 1051 1205 1103 speciminibus
1235 1048 1463 1086 animaduerss'.
1499 1051 1532 1084 in
1562 1046 1635 1082 libr.
1652 1045 1750 1079 1-111.

34 1106 238 1145 Herodian,
265 1107 467 1155 Stollbergae
488 1105 526 1141 ad
550 1107 756 1151 Hercyniam
775 1109 862 1151 1776.
881 1103 948 1153 sqq.
974 1117 1002 1147 4.
1030 1104 1180 1152 deinceps
1197 1103 1324 1138 Gothae
1341 1110 1431 1145 1780.
1449 1114 1483 1145 4.
1536 1099 1658 1144 Integri
1674 1092 1748 1130 cod.

34 1158 269 1203 collationem,
294 1173 313 1194 a
329 1160 466 1194 Zanetto
490 1155 631 1200 fadiam,
658 1159 783 1205 accepit
804 1154 949 1193 Irmisch.
975 1177 1027 1183 -
1079 1156 1288 1191 Vindobonae
1303 1157 1335 1188 in
1350 1153 1425 1188 bibl.
1443 1149 1566 1187 Caesar.
1584 1149 1646 1186 est,
1673 1145 1750 1182 teste

36 1209 184 1257 NeffeHo,
207 1209 298 1244 catal.
313 1208 409 1245 codd.
427 1222 475 1257 gr.
493 1211 526 1243 in
543 1208 617 1244 cod.
636 1210 719 1244 LIX.
738 1221 786 1244 nr.
803 1222 832 1253 7.
860 1208 1036 1242 Herodiani
1051 1207 1204 1248 historia3
1231 1209 1322 1240 cuius
1343 1204 1481 1245 codicis,
1505 1204 1562 1250 qui
1581 1213 1655 1234 cum
1675 1196 1748 1234 cod.

35 1264 182 1304 Veneto,
209 1274 335 1310 eoque,
362 1273 429 1310 quo
451 1258 521 1296 vsus
542 1260 585 1295 est
609 1260 804 1302 Pontianus,
833 1261 1004 1301 conuenit,
1030 1258 1262 1299 collationem,
1288 1257 1327 1292 ab
1343 1255 1480 1301 Aloyfio
1496 1255 1650 1289 Emerico
1665 1252 1700 1285 L.
1715 1251 1748 1283 R.

34 1327 54 1349 a
74 1312 206 1349 Locella
228 1308 422 1351 institutam,
449 1311 569 1359 publici
594 1314 670 1347 iuris
692 1309 770 1347 fecit
790 1312 913 1346 Stroth.
937 1313 970 1345 in
986 1310 1181 1346 bibliotheca
1199 1308 1361 1358 philolog.
1386 1307 1451 1342 vol.
1468 1308 1493 1341 1.
1514 1302 1596 1353 Lips.
1612 1315 1700 1347 1779·
1719 1308 1748 1340 8.

33 1377 108 1413 pag.
125 1368 184 1401 160
201 1386 212 1392 -
226 1377 295 1409 ¹97-
327 1384 377 1392 —
426 1364 592 1398 Monachii
620 1365 653 1398 in
681 1362 755 1398 bibl.
778 1362 913 1399 eledior.
934 1364 1048 1398 Bauar.
1064 1361 1146 1397 '⁴c0d.
1162 1362 1326 1398 CXCVII.
1352 1362 1439 1395 cuius
1464 1366 1614 1405 excerpta
1635 1349 1749 1402 plenis-

33 1413 115 1451 fima
135 1413 281 1453 xrmisch.
307 1418 429 1463 accepit
451 1430 469 1450 a
485 1417 652 1455 Martino,
680 1426 749 1450 tum
773 1412 903 1450 scholae
928 1412 1187 1455 Rafisbonenfis,
1212 1412 1322 1461 postea
1345 1407 1496 1460 Lipfiens.
1520 1410 1671 1443 Reclore.
1698 1423 1748 1430 —

33 1468 202 1503 Macarius
237 1466 523 1514 Chrysoseplmlus,
567 1469 599 1501 in
622 1462 772 1505 Ῥοὸωνωῖ
801 1468 834 1500 in
858 1465 933 1502 cod.
963 1466 1086 1501 Veneto
1110 1466 1218 1500 Marc.
1241 1477 1279 1499 ex
1294 1464 1350 1498 VI.
1374 1462 1536 1510 prioribus
1562 1455 1746 1495 Herodiani

31 1518 122 1554 libris
144 1517 304 1568 quaedam
325 1516 490 1566 excerpsit.
516 1532 545 1555 v.
566 1519 695 1566 Villois.
719 1509 831 1553 anecd.
843 1530 893 1566 gr.
919 1517 984 1554 vol.
1001 1519 1039 1554 11.
1058 1529 1132 1567 pag.
1148 1528 1198 1553 10.
1217 1516 1268 1552 vbi
1289 1529 1306 1550 a
1328 1527 1403 1565 pag.
1419 1526 1450 1557 4.
1473 1512 1513 1548 de
1536 1510 1596 1547 illo
1619 1507 1691 1545 cod·
1717 1517 1747 1542 et

14 1568 73 1606 -de
95 1571 244 1606 Macario
267 1567 492 1619 Chrysoceph.
513 1570 635 1605 multus
656 1568 712 1606 est.
1453 1582 1456 1583 ⁷

136 1655 324 1693 Editionum
344 1657 487 1705 quinque
512 1657 676 1691 numerari
699 1653 831 1704 poffunt
852 1653 983 1698 claffias3
1011 1656 1120 1704 prima
1146 1653 1271 1690 orditur
1292 1653 1330 1689 ab
1354 1651 1460 1694 Ald0‚
1488 1647 1626 1686 secunda
1649 1661 1666 1682 a
1682 1646 1747 1681 Ste-

0 1746 1 1752 .
32 1707 164 1757 phano,
190 1709 282 1742 tertia
306 1721 324 1742 a
339 1707 535 1756 Sylburgio.
572 1717 683 1756 quarta
705 1708 744 1742 ab
770 1707 895 1743 editore
919 1705 1184 1756 Ingolsladienfi,
1219 1709 1331 1756 quinta
1351 1720 1369 1740 a
1389 1703 1540 1744 Wolfio,
1577 1697 1663 1736 Prof.
1680 1700 1747 1733 Ha-

0 1763 1 1811 }
31 1758 122 1795 lensi.
148 1778 198 1785 --
250 1757 433 1794 Herodiani
453 1770 560 1794 autem
584 1759 774 1800 historiam,
808 1769 982 1806 antequam
1010 1771 1125 1805 graece
1150 1758 1234 1794 edita
1257 1755 1350 1799 esset,
1388 1757 1575 1791 Pontianus
1597 1766 1614 1787 e
1635 1749 1748 1785 codice

0 1814 1 1820 ¹
32 1822 81 1859 gr.
97 1810 207 1850 latine,
229 1819 324 1857 atque
339 1809 505 1858 eleganter
518 1809 650 1858 quidem
668 1810 872 1859 venusteque,
893 1809 944 1845 sed
962 1809 1122 1844 liberalitis
1137 1813 1240 1848 vertit,
1261 1808 1300 1843 de
1316 1811 1446 1856 eiusque
1461 1818 1561 1855 opera
1576 1808 1608 1839 in
1625 1812 1746 1837 vtram-

32 1874 96 1912 que
113 1871 241 1912 partem
263 1861 461 1911 disputatum
486 1860 550 1897 ess:
584 1859 674 1897 conf.
697 1863 737 1898 F.
755 1862 798 1897 O.
815 1863 1015 1897 Mmkeninm
1038 1864 1072 1895 in
1096 1863 1160 1896 vita
1175 1860 1291 1908 Angeli
1309 1859 1480 1901 Politiani‚
1507 1854 1591 1906 Lips.
1609 1856 1697 1899 1736·
1716 1860 1745 1892 8·

1668 1917 1745 1954 pag.

75 2008 108 2047 q)
135 2004 341 2038 Tmemonlius
357 2007 389 2035 in
400 2008 467 2035 vitis
479 2008 689 2046 imperatorum
699 2013 717 2034 t.
730 2016 751 2039 3.
771 2012 831 2036 not.
842 2015 866 2034 2.
911 2004 1094 2035 inscribitur:
1129 2002 1277 2044 Ἠρωδιανὲ
1296 2006 1343 2037 τῆς
1363 2002 1438 2040 patrat*
1459 2001 1574 2042 Mo'pnou
1601 1998 1744 2036 βασιλείας

33 2049 65 2080 in
79 2051 168 2079 vitam
183 2051 308 2079 Macrini
330 2059 394 2089 pag.
413 2052 484 2084 6¹4.
522 2049 599 2079 Tout
619 2050 645 2078 lc
660 2047 813 2078 cnr-offere
832 2048 867 2078 de
911 2049 1006 2087 ἔςοριιῖγ
1019 2050 1123 2082 βιβλία
1145 2046 1224 2078 ὅκτώ,
1276 2050 1347 2078 Voc.
1370 2056 1467 2077 tamen
1487 2047 1583 2085 ἷςσριῶν
1604 2046 1743 2074 omittunt

32 2091 51 2122 θ’
63 2091 192 2133 Histoire
205 2091 414 2126 d’Herodien‚
438 2092 489 2131 qui
506 2092 620 2132 estsort
636 2095 779 2127 orateur,
796 2101 866 2130 por·
910 2091 974 2121 edd,
993 2090 1055 2121 Ald.
1073 2099 1100 2120 et
1116 2090 1194 2121 Bafil.
1214 2092 1233 2119 Ι.
1256 2091 1345 2130 idque
1362 2090 1490 2131 spurium
1509 2089 1595 2119 habet
1610 2086 1742 2123 Sylburg.

35 2130 93 2167 teci
109 2135 222 2168 croire,
246 2144 301 2174 que
317 2134 357 2163 les
371 2135 474 2163 lettres
491 2139 519 2163 et
535 2136 576 2164 les
595 2134 773 2173 lim-angues
793 2134 867 2173 rJu’il
909 2134 989 2172 quod
1018 2141 1114 2163 tamen
1143 2134 1178 2163 ab
1207 2134 1335 2163 auetoris
1363 2144 1450 2162 manu
1479 2132 1611 2162 additum
1648 2129 1741 2159 censet

30 2175 237 2217 raportesont
249 2178 283 2207 cle
298 2178 459 2216 lnymeme,
478 2181 505 2206 et
514 2186 572 2206 non
585 2186 642 2216 pas
658 2178 694 2206 (τέ)
703 2186 778 2206 ceux
792 2176 864 2216 qu'il
908 2176 1001 2216 Wolf,
1028 2179 1056 2206 in
1072 2184 1178 2206 narrat.
1202 2175 1316 2205 laudata
1332 2187 1395 2217 pag.
1411 2186 1452 2214 37.
1477 2178 1573 2205 minus
1596 2181 1692 2203 autem
1710 2171 1740 2201 id

25 2218 92 2260 sciit
108 2221 222 2259 parler.
252 2220 325 2249 adde
352 2228 449 2249 notam
466 2223 493 2250 6.
516 2221 547 2248 in
565 2222 653 2250 vitam
668 2221 823 2250 Maximini
838 2220 861 2247 1.
906 2221 1049 2260 praestare
1069 2220 1158 2251 audet
1179 2219 1214 2249 de
1231 2219 1347 2256 verbis,
1376 2221 1422 2252 viis
1436 2217 1511 2253 μετοὶ
1527 2221 1571 2248 Μ.
1586 2213 1739 2252 βασιλείας.

32 2263 94 2302 pag.
111 2266 175 2296 635.
194 2261 251 2302 seq.
905 2262 999 2293 Harl.

70 2305 105 2342 r)
128 2307 159 2334 In
173 2304 327 2335 Thesauro
344 2315 501 2343 cornucop.
526 2304 578 2334 Ald
612 2315 676 2345 pag.
694 2308 757 2338 268.
792 2306 860 2334 cita-

33 2353 78 2377 tur
94 2348 204 2379 Herod.
219 2349 243 2376 ἕν
259 2350 292 2383 τῇ
308 2346 397 2387 πρώτῃ
413 2349 509 2388 infla.
553 2350 586 2377 In
611 2347 758 2388 plerisque
774 2347 860 2378 codd.
