2049 2720
383 155 451 194 ET
484 153 668 208 QIDEM
699 153 1030 199 GENVINORVM‚
1070 155 1292 194 RECENSIO
1346 158 1668 200 Lib.1V.e.XJX.
1721 175 1780 212 ⁴¹9

70 254 240 305 σφυγμῶν
257 253 300 290 est
315 255 347 289 in
361 252 511 288 biblioth.
530 250 769 297 Vindobonms.
787 248 828 285 de
843 248 960 287 Nessel.
977 263 1029 286 nr.
1045 251 1193 288 XXVIII.
1222 272 1271 280 —-
1293 252 1433 289 Codices
1450 256 1545 290 latini
1566 255 1639 292 sunt
1656 260 1688 292 in
1705 258 1777 297 bibl.

67 306 158 356 publ.
173 304 263 342 Paris.
290 319 338 340 nr.
352 304 829 341 MMMMMMDCCCLXV.
860 323 913 330 —-
946 301 1084 337 Codices
1104 303 1261 338 librorum
1283 305 1400 340 Galeni
1419 309 1457 340 de
1476 309 1614 356 suffibat
1641 307 1713 345 sunt
1743 315 1777 347 in

67 358 215 394 biblioth.
231 356 394 393 Medicea.
447 357 486 391 In
500 355 646 391 biblioth.
660 352 846 390 Callinenfi.
899 353 1040 389 Galenus
1055 355 1131 404 περὶ
1145 357 1206 399 γῆς
1219 352 1392 405 διαφορᾶς
1414 360 1480 396 τῶν
1501 363 1689 408 σφυγμῶν,
1720 366 1776 410 qui

67 423 88 445 a
103 411 204 456 capite
221 413 316 445 tertio
331 409 403 444 libri
421 410 517 456 primi
535 409 667 455 incipit,
694 407 773 441 item
793 405 869 456 πεξῖ
894 401 1103 452 διαγνώσεως
1127 409 1192 445 τῶν
1213 411 1382 457 σφυγμῶν
1397 411 1468 445 libri
1489 412 1542 445 IV.
1594 414 1675 447 Item
1697 415 1774 461 περὶ

68 460 135 499 τῶν
157 463 187 498 ἔν
207 467 277 500 τοῖς
297 466 468 509 σφυγμοῖς
488 457 598 498 αἰτίων
622 459 694 493 libri
712 460 767 494 IV.
800 459 853 493 vbi
873 471 998 493 nomen
1016 459 1129 493 Galerii
1152 458 1391 507 praelcribitur,
1434 462 1572 497 totidem
1605 466 1681 515 περὶ
1713 465 1774 510 τῆς

65 510 299 563 προγνώσεως,
320 513 371 547 vbi
388 516 420 546 in
435 512 501 546 fine
515 511 639 546 multae
656 510 803 552 lacunae,
820 509 943 545 exstant
957 512 990 545 in
1009 510 1154 547 biblioth.
1171 510 1261 547 acad.
1279 512 1381 560 Lugd.
1399 514 1509 550 Batau.
1527 528 1566 549 cx
1584 515 1695 564 legato
1711 520 1774 553 Bo-

64 577 142 600 nau.
159 564 319 599 Vulcanii.
345 562 411 598 vid.
429 563 523 598 catal.
540 560 638 597 eiusd.
656 561 801 597 biblioth.
819 574 891 610 pag.
907 564 981 606 346.
998 575 1048 597 nr.
1065 563 1175 597 XLIH.
1227 564 1305 598 Duo
1321 563 1417 599 codd.
1434 568 1541 612 graeci
1560 565 1676 602 suntin
1697 569 1770 605 bibl.

64 614 144 650 Diu.
160 617 266 650 Marci
284 616 401 650 Venet.
422 616 454 649 in
471 613 560 662 publ.
579 610 674 649 Paris.
692 626 741 649 nr.
759 615 970 649 MMCLVH.
987 615 1246 650 MMCCXXIX.
1261 617 1547 652 MMCCLXXVI.
1575 620 1612 652 In
1626 619 1772 656 Bodleia.

59 679 118 706 na.
143 669 180 703 tn
198 665 496 711 Vindobomnsthb.
513 667 568 700 vt.
583 677 658 713 pag.
676 676 728 709 94.
756 667 793 699 In
811 664 887 701 bibl.
905 659 994 701 Gut..
1013 666 1226 701 Laudtcatal.
1241 668 1334 702 Mss.
1353 668 1449 716 Angl.
1464 681 1514 704 nr.
1533 669 1698 706 Dcevn.
1721 692 1771 701 -

63 719 224 768 Excerpta
253 718 294 754 de
347 718 459 766 affibus
485 730 524 752 ex
547 717 662 752 Galeni
683 726 713 750 et
737 717 903 763 Theophili
925 717 1011 752 libris
1036 715 1108 753 sunt
1127 730 1239 766 graece
1257 721 1291 753 in
1314 720 1508 755 bibliotheca
1528 720 1617 769 publ.
1640 723 1769 761 Parifin.

60 782 112 808 ur.
126 768 323 806 MMCLXX
359 772 414 804 111.
439 770 600 818 Excerpta
615 781 653 802 ex
674 767 801 803 Galeno
820 767 861 803 de
885 771 983 804 vrinis
1009 779 1039 804 et
1060 768 1154 817 pulsu
1177 769 1300 806 exstant
1319 783 1452 819 graece,
1477 769 1530 807 sed
1554 773 1689 809 barbaro
1711 773 1772 811 ser.

60 833 166 859 mone
182 821 317 871 scripta,
343 824 374 856 in
392 820 538 856 biblioth.
556 818 698 854 Vindob.
715 833 764 855 nr.
779 821 908 855 XLVII.
931 820 971 856 de
993 819 1112 858 Nessel.
1138 832 1218 870 part.
1233 824 1289 858 111.
1311 836 1386 872 pag.
1405 836 1450 867 53.
1513 825 1628 860 Latine
1649 827 1771 864 exstant

61 874 98 908 in
113 873 260 910 biblioth.
277 872 363 922 publ.
380 870 507 908 Parifin.
526 885 574 907 nr.
591 872 959 909 MMMMMMMXV.
1008 874 1124 908 Latine
1140 887 1272 923 quoque
1291 875 1389 909 exstat
1406 876 1519 910 Galeni
1542 875 1625 911 liber
1641 876 1681 914 de
1695 879 1769 927 pul-

60 923 146 960 {ibus
169 928 202 960 in
223 925 366 961 biblioth.
386 924 561 972 Augustan.
594 922 658 958 vid.
673 923 766 958 catal.
790 937 866 972 pag.
886 936 954 967 30¹·
994 945 1046 951 —
1079 925 1215 960 Arabica
1238 927 1276 960 ab
1296 927 1449 961 Honaino
1471 927 1617 963 conuerti
1638 928 1711 965 sunt
1733 933 1768 967 in

57 975 208 1012 biblioth.
226 975 316 1025 publ.
330 976 442 1023 Paris:
456 989 505 1011 nr.
521 975 674 1010 MXLIII.
701 995 752 1001 ——
778 976 957 1011 Hebraicus
972 975 1077 1012 codex
1100 977 1144 1011 est
1165 978 1198 1011 in
1218 977 1365 1013 biblioth.
1388 979 1617 1028 Vindobonerfi
1636 981 1691 1017 lib.
1710 983 1766 1018 VL

60 1039 137 1077 pag.
150 1041 204 1074 94.
230 1030 347 1064 Galeni
365 1026 405 1062 de
421 1026 562 1076 pulsibus
580 1039 619 1062 ex
636 1025 722 1061 arab.
740 1029 773 1062 in
789 1028 876 1063 hebr.
896 1025 1002 1063 versus
1022 1042 1039 1062 a
1057 1029 1097 1064 R.
1113 1030 1242 1064 Chanin
1260 1030 1320 1064 ben
1335 1027 1418 1064 Isaac
1432 1030 1475 1066 est
1491 1032 1524 1065 in
1541 1031 1656 1068 eadem
1670 1034 1766 1070 Lam-

59 1079 129 1116 bec.
146 1079 220 1114 edit.
235 1079 360 1116 Kollar.
375 1081 399 1114 1.
415 1091 490 1125 290.
515 1099 564 1106 —
592 1078 760 1113 Editiones
773 1091 904 1126 graecae
925 1079 997 1115 libri
1022 1079 1063 1115 de
1082 1079 1224 1129 pulsibus
1247 1080 1287 1116 ad
1303 1083 1432 1117 tirones.
1486 1082 1603 1118 Galeni
1622 1084 1702 1120 liber
1723 1085 1764 1122 de

58 1130 203 1180 pulsibus
218 1130 487 1168 introductorius.
509 1141 630 1177 graece.
659 1130 867 1176 Parifi1529.
884 1137 914 1172 8.
929 1132 945 1149 ⁴*
971 1130 1091 1167 Colon.
1110 1144 1195 1178 1529.
1215 1139 1245 1172 8.
1273 1130 1368 1169 Paris.
1385 1144 1466 1177 1543.
1485 1131 1546 1169 fol.
1563 1139 1582 1159 *
1614 1157 1664 1163 —
1698 1138 1764 1172 La.

57 1185 118 1218 cini
142 1187 334 1232 interpretes
355 1181 427 1217 sunt
450 1183 568 1216 Herm.
584 1178 770 1224 CruseriuS,
803 1183 904 1217 Mart.
922 1183 1120 1231 Gregorius,
1146 1183 1343 1231 Augustinus
1356 1183 1576 1228 Gadaldinus,
1600 1189 1649 1223 Io.
1665 1189 1765 1225 611111-

56 1235 197 1277 therius,
223 1234 439 1270 Andernacus.
493 1233 608 1268 Galcni
632 1231 833 1269 introductio
854 1236 887 1268 in
909 1232 1018 1282 pulsus
1042 1234 1082 1269 ad
1105 1236 1313 1279 Theutram,
1355 1246 1498 1272 vertente
1524 1238 1573 1275 M.
1586 1240 1763 1287 Gregorio.

56 1286 111 1322 De
126 1283 278 1334 pulsuum
294 1284 349 1321 vsu
373 1286 432 1321 Τὰ.
449 1285 587 1320 Limera
602 1287 784 1332 interprete.
811 1284 915 1333 Lugd.
935 1291 1013 1330 1556.
1029 1298 1075 1323 12.
1104 1306 1152 1313 -
1166 1285 1304 1322 Prodiit
1318 1289 1414 1322 etiam
1430 1289 1485 1323 lat.
1500 1301 1577 1323 cum
1593 1289 1674 1334 aliis,
1695 1304 1765 1328 ver-

55 1347 145 1374 tente
162 1339 364 1374 Guintlzcrio.
392 1334 485 1373 Paris.
510 1348 583 1382 153¹.
603 1334 664 1371 fol.
697 1356 748 1362 —
779 1337 895 1372 Franc.
915 1337 1050 1384 Vallesti
1075 1348 1268 1373 commentt.
1293 1340 1327 1373 in
1345 1340 1462 1377 Galerii
1483 1339 1602 1383 libros,
1628 1339 1692 1381 scil.
1713 1356 1762 1379 ar.

55 1397 125 1425 tem
142 1389 388 1431 medicinalem3
417 1388 456 1423 de
471 1388 633 1437 inaequali
648 1390 822 1436 temperie;
847 1390 903 1423 111.
919 1388 958 1423 de
975 1393 1239 1438 temperamentis
1252 1390 1391 1435 librum,
1419 1394 1457 1426 V.
1479 1394 1602 1440 priores
1625 1392 1664 1429 de
1687 1393 1762 1431 fim-

55 1441 192 1491 plicium
209 1440 477 1479 medicamentor,
493 1438 646 1475 facultate
661 1438 780 1483 libr0s;
807 1442 846 1475 11.
864 1439 904 1476 de
920 1439 1102 1477 differentia
1115 1440 1256 1477 febrium
1276 1442 1398 1485 libros;
1425 1445 1481 1479 VI.
1502 1442 1544 1478 de
1557 1443 1623 1480 loc.
1639 1449 1761 1494 patien-

55 1493 139 1528 tibus
161 1493 240 1529 libb.
260 1506 320 1529 nec
338 1505 408 1528 non
430 1491 575 1528 eiusdem
598 1491 638 1527 de
658 1494 755 1526 vrinis
776 1494 944 1536 tractati03
984 1492 1023 1528 de
1046 1491 1186 1543 pulfibus
1214 1493 1366 1536 libellus,
1393 1504 1453 1531 cet.
1486 1507 1584 1544 opera
1607 1498 1651 1533 Io.
1667 1499 1760 1536 Patr.

54 1544 206 1592 Ayroldi.
235 1545 355 1580 Colon.
374 1555 463 1589 1594.
484 1541 545 1579 fol.
575 1563 623 1571 —
653 1543 891 1580 commentarii.
920 1546 1037 1580 Galem'
1050 1545 1251 1581 introductio
1265 1547 1300 1581 in
1325 1544 1451 1594 pulsus,
1479 1560 1760 1590 cum-comment.

55 1597 164 1632 Mart.
181 1596 337 1643 Gregorii
350 1607 381 1632 et
396 1598 463 1631 eius
480 1596 757 1643 interpretatione.
782 1595 887 1643 Lugd.
907 1608 985 1642 1550.
1002 1610 1046 1632 12.
1069 1617 1119 1625 —
1145 1599 1264 1633 Leonis
1279 1599 1406 1646 Rogam'
1426 1601 1462 1634 in
1476 1598 1591 1634 Galeni
1611 1596 1761 1638 libellum

54 1647 97 1682 de
112 1646 255 1696 pulsibus
273 1647 313 1682 ad
329 1651 449 1683 tirones
462 1650 738 1688 commentarius,
765 1646 876 1683 access]
893 1647 1037 1685 eiusdem
1055 1648 1095 1685 de
1108 1653 1205 1685 vrinis
1221 1649 1296 1684 libri
1313 1659 1376 1685 tres
1402 1670 1453 1677 —-
1479 1663 1520 1685 ex
1544 1651 1672 1688 Galeno
1695 1653 1762 1690 col-

53 1698 140 1736 lecti.
165 1700 266 1748 Neap.
289 1704 370 1744 1556.
395 1700 458 1740 8.*
491 1701 592 1734 Rom.
609 1701 697 1743 1560.
715 1706 745 1740 8.
779 1700 894 1735 Venet.
911 1711 990 1743 1571.
1007 1709 1037 1742 8.
1071 1703 1185 1737 Venet.
1201 1713 1283 1747 1575.
1299 1708 1329 1742 8.
1344 1705 1361 1724 *
1385 1703 1599 1749 Venet.1597.
1615 1711 1644 1744 8.
1664 1709 1683 1729 *
1710 1725 1760 1733 -—

53 1752 184 1787 Fcrdin.
198 1753 298 1786 Mena
321 1749 440 1788 Galeni
461 1749 502 1785 de
523 1748 666 1798 pulfibus
688 1749 814 1786 libellus
835 1752 931 1787 latine
953 1749 1061 1788 versus
1085 1766 1162 1789 cum
1178 1755 1421 1790 commentariis
1436 1763 1467 1789 et
1488 1754 1762 1802 castigationibus.

54 1801 228 1852 Complut.
248 1816 327 1849 ¹553-
340 1815 371 1847 4.
396 1821 446 1830 —-
472 1805 521 1838 Io.
539 1803 635 1847 Bapt.
652 1799 809 1839 Naum-ro
824 1813 1004 1839 comment.
1021 1806 1057 1839 in
1074 1806 1186 1840 Galeni
1200 1805 1272 1840 libr.
1288 1804 1329 1840 de
1344 1802 1534 1841 differentiis
1548 1804 1701 1849 febrium,
1728 1810 1762 1843 in

53 1852 126 1889 libr.
143 1853 183 1888 de
202 1853 343 1901 pulsibus
356 1852 398 1889 ad
413 1856 533 1889 tirones
550 1864 581 1889 et
596 1855 630 1888 in
645 1852 789 1902 spurium
805 1854 926 1890 librum
948 1854 989 1890 de
1005 1858 1113 1891 vrinis.
1139 1856 1270 1891 Valent.
1287 1859 1377 1896 1628.
1396 1864 1429 1897 8.
1455 1858 1539 1891 aucti
1558 1871 1577 1891 a
1595 1859 1680 1893 Luca
1693 1860 1761 1894 Fu.

45 1903 127 1952 ster.
161 1905 288 1940 Valent.
309 1909 391 1949 1651.
412 1913 440 1946 8.
477 1907 566 1949 1693.
590 1917 619 1946 4.
653 1925 702 1930 -—
733 1906 848 1941 Franc.
864 1907 1003 1941 Sanchez
1024 1909 1253 1942 commentarii
1278 1910 1311 1942 in
1331 1909 1419 1942 hunc
1439 1906 1586 1944 libellum
1612 1909 1762 1959 prodiere

54 1953 221 1999 Tolosae,
249 1958 334 1998 1636.
350 1968 380 2000 4.
406 1976 458 1982 —
483 1956 535 1990 De
552 1956 727 1989 Hermamu·
746 1956 887 2002 Cruflerii
909 1958 1060 1992 omnibus
1077 1958 1193 1994 Galeni
1216 1957 1256 1993 de
1276 1956 1420 2007 pulsibus
1443 1960 1591 2008 operibus
1611 1975 1693 1998 mox
1715 1962 1762 1998 di-

54 2019 140 2042 cam.
166 2029 219 2035 —
244 2010 370 2043 Omnes
386 2008 418 2042 hi
431 2005 473 2041 de
487 2005 631 2056 pulfibus
647 2006 720 2041 libri
735 2008 851 2043 Galeni
865 2007 1060 2056 prodierunt
1071 2011 1210 2045 iunctim
1223 2011 1334 2051 latine,
1369 2011 1490 2046 leoma
1506 2012 1642 2048 Linacro
1665 2016 1762 2049 inter-

53 2069 156 2109 prete.
181 2056 276 2094 Paris.
300 2072 376 2104 ¹532-
402 2056 463 2095 fol.
500 2079 551 2085 —
585 2059 701 2092 Galeni
722 2058 762 2094 de
780 2058 922 2108 pulsibus
937 2059 975 2095 ad
992 2063 1112 2096 tirones
1138 2071 1168 2098 et
1183 2062 1267 2097 XVI.
1283 2060 1323 2097 de
1338 2061 1479 2111 pulsibus
1492 2062 1566 2098 libri
1589 2066 1762 2115 interprete

53 2112 236 2148 Hermanno
252 2111 421 2157 Cruscrio,
449 2123 527 2145 cum
542 2113 786 2145 commentariis
799 2110 954 2147 eiusdem.
973 2110 1066 2148 Paris.
1082 2124 1164 2157 1532.
1184 2124 1216 2156 4.
1241 2133 1292 2141 —-
1318 2113 1372 2148 De
1387 2112 1578 2150 differentiis
1593 2115 1760 2165 pulsuum,

52 2160 95 2197 de
112 2160 335 2210 dignoscendis
351 2160 511 2210 pulsibus,
537 2161 577 2197 de
597 2160 696 2196 caufis
719 2160 892 2209 pulsuum,
926 2162 966 2198 de
989 2161 1223 2213 praesagitione
1243 2177 1282 2199 ex
1304 2164 1448 2214 pulfibus
1471 2167 1589 2202 Herm.
1607 2167 1758 2205 Cruserio

55 2214 228 2262 interprete
248 2213 440 2263 prodierunt
465 2226 541 2248 cum
565 2214 632 2248 aliis
654 2213 772 2249 Galeni
794 2214 886 2251 Bafil.
911 2225 991 2260 1535.
1013 2213 1073 2251 sol.
1097 2236 1148 2244 —-
1174 2216 1289 2252 Galeni
1309 2215 1350 2252 de
1365 2217 1506 2266 pulsibus
1524 2218 1594 2255 libri
1614 2222 1699 2255 XVI.
1723 2223 1759 2256 in

54 2264 290 2313 compendium
307 2265 425 2302 redacti
442 2278 542 2312 opera
559 2265 671 2300 Herm.
693 2265 820 2312 Cruscr.
847 2268 960 2301 Venet.
976 2279 1054 2312 ¹575-
1073 2274 1104 2308 8.
1133 2287 1180 2296 —
1208 2269 1347 2304 Pertinet
1361 2270 1426 2304 huc
1441 2283 1591 2318 quoque:
1618 2273 1671 2307 De
1688 2272 1759 2319 pul-

54 2314 138 2351 sibus
154 2315 282 2352 libellus
296 2316 409 2366 paffim
427 2329 466 2352 ex
482 2316 610 2352 Galerio
629 2315 804 2359 collectus,
831 2327 862 2352 et
877 2317 1024 2361 velutijn
1039 2317 1222 2355 formulam
1236 2319 1393 2356 redadtus.
1420 2319 1512 2357 Paris.
1529 2333 1607 2367 1537.
1624 2335 1654 2366 4.
1669 2324 1686 2343 *
1708 2342 1760 2351 -·

55 2367 108 2402 De
123 2366 258 2414 pulsibus
273 2368 409 2411 libellus,
427 2380 466 2402 ex
480 2368 606 2403 Galeno
619 2367 788 2409 colleelus,
811 2383 829 2403 a
848 2370 991 2403 Gesnero
1009 2369 1111 2406 editus
1127 2372 1246 2420 Tigur.
1265 2384 1343 2417 1555.
1364 2379 1396 2412 8.
1421 2392 1469 2398 -
1496 2372 1761 2412 Clariffimorum

55 2418 265 2467 quorundam
282 2419 578 2469 medicorum'libri
595 2428 754 2469 quatuor:
781 2421 811 2468 1)
826 2422 876 2456 De
894 2419 1036 2470 pulsibus
1060 2435 1098 2459 ex
1111 2422 1240 2462 Galerio
1260 2422 1418 2461 collectus
1433 2433 1463 2459 et
1480 2422 1567 2472 quali
1581 2427 1616 2463 in
1632 2423 1762 2462 formu-

909 2474 999 2522 ,038
1026 2485 1046 2525 ²,
1693 2478 1762 2517 lam
