2049 2720
83 98 143 126 Vol.
159 99 208 126 lx.
221 105 248 131 p.
263 98 409 147 62¹}PQ

663 97 820 135 svaS
847 100 974 137 Amvs
1001 99 1272 152 Ax’riQ’mR.

1385 102 1457 139 Lib.
1472 103 1540 141 JV.
1560 115 1584 141 c.
1600 103 1677 142 XL2
1730 116 1789 152 395

75 204 153 227 rum
174 194 312 227 nomina
332 195 451 241 partim
472 192 640 242 catalogus
663 193 737 236 ille,
765 196 818 243 qui
841 194 880 229 ab
906 193 977 244 ipso
1000 195 1097 232 Suida
1116 197 1171 244 [ff]
1189 197 1310 232 Lexico
1329 197 1406 233 huic
1418 199 1579 247 praefixus
1592 208 1720 247 putatur
1737 201 1789 244 “)’,

71 245 192 290 partim
214 242 282 278 duo
305 243 406 280 nostri
430 245 551 280 indices
576 245 770 295 posteriores
792 246 908 281 lediori
930 249 1090 284 exli'benr,
1143 250 1316 284 Mirabitur
1336 260 1445 284 autem
1463 248 1574 285 forsan
1591 253 1729 291 Lector,
1754 254 1789 288 in

71 293 180 329 indice
205 294 343 337 vltimo,
366 294 431 330 fiue
453 299 567 338 tertio,
595 309 664 332 non
687 309 880 346 comparere
904 299 1116 334 Scholiassatn
1139 299 1284 342 Pindari,
1315 302 1507 339 Theocriti,
1542 312 1573 337 et
1599 302 1788 349 Apollonii3

69 357 146 380 eum
171 345 337 381 Reinefius
363 347 401 382 V
400 359 448 383 ar.
472 348 559 383 [ΑΒ.
581 361 656 397 pag.
676 359 750 393 479.
775 350 856 384 haec
876 348 916 384 de
936 349 1037 385 Suida
1061 351 1176 386 habeat
1198 352 1312 386 verba:
1347 353 1463 387 Suidas
1485 353 1787 398 Harpocrationem‚

70 389 304 441 et'Schoiiastes
325 405 462 440 veteres,
502 403 634 434 maxime
654 399 902 446 Arjstoplzanis,

943 402 1122 446 Sophoclis,
1171 402 1383 449 Thucydidis,
1419 405 1573 447 Pindari,
1616 405 1784 446 Theocriti,

67 447 253 494 Apollonii,
280 456 366 484 totos
387 451 546 501 exhausit,
573 458 603 486 et
626 453 659 486 in
669 451 765 497 ficum
787 452 843 487 boc
863 455 1036 489 armarium
1063 452 1194 499 digeffit.
1247 453 1308 488 Sed
1333 457 1491 491 incautius
1506 456 1548 490 ibi
1572 458 1620 493 vir
1641 460 1784 504 Magnus

67 586 200 615 Henrieo
214 584 328 615 Valcfio
349 586 468 626 praefat.
489 585 524 615 ad
551 594 685 627 excerpta
708 586 897 618 Peiresciana.

66 629 156 668 Saepe
171 636 267 658 autem
289 628 352 658 loca
376 631 528 658 aneiorum
549 629 702 665 adscribit,
731 631 900 659 nominibus

65 679 168 700 eorum
184 671 368 711 praeteritis,
391 682 517 711 quorum
531 671 628 711 aliqua
643 673 679 701 ab
696 672 820 702 Aemilio
831 676 898 702 Por·

65 718 115 748 to,
138 712 224 750 longe
241 712 323 753 plura
340 725 354 742 a
370 717 478 743 Ioanne
496 713 650 743 Pearsonio
674 716 705 743 in
727 717 803 744 notis
821 717 898 745 MSS.

65 762 95 784 et
106 765 123 784 a
138 757 259 786 Kiistero
273 758 303 785 in
320 755 369 785 sua
385 756 490 786 Suidae
512 756 642 786 editione
660 757 795 787 adnotata
806 780 815 794 ,
844 769 901 787 non

64 805 156 838 pauca
183 799 280 828 adhuc
308 799 430 828 eruditis
460 799 659 836 inuestiganda
695 799 795 830 :clieta
826 800 899 831 sunt.

64 840 184 870 Fuluius
206 842 324 870 Vrfinus
348 852 383 871 ex
404 842 510 871 Suidae
536 843 644 871 Lexico
666 842 757 872 multa
780 843 902 883 polybii

64 881 225 921 fragmenta
243 883 370 921 colligit,
393 895 451 913 non
468 894 502 912 ex
519 886 579 915 MS.
604 884 710 914 codicis
728 887 900 915 auctoritate

66 933 98 955 vt
115 928 228 966 putauit
245 926 447 962 Casaubonus,
470 927 517 956 sed
542 926 600 955 sola
624 929 789 957 coniectura
811 928 900 957 addu-

67 969 128 997 &us
144 976 172 998 et
188 968 243 998 stili
257 969 386 1004 indicio,
417 971 468 1009 qui
490 969 680 1003 Polybianum
700 970 770 1010 quid
792 973 899 1000 tinnire

65 1010 236 1042 videbatur:
258 1011 335 1040 vnde
350 1011 470 1046 Polybio
495 1012 641 1041 interdum
665 1013 806 1053 quaedam
828 1014 898 1042 adfi-

66 1061 193 1090 gnarunt
208 1056 342 1093 vtrique,
365 1063 439 1094 quae
459 1053 577 1083 alterius
596 1055 659 1085 sunt
678 1055 844 1096 scriptoris,
868 1064 899 1086 vt

63 1095 160 1125 eidem
175 1095 288 1126 Valefio
305 1096 499 1127 obseruatum.
532 1097 638 1127 Marci
655 1097 807 1128 Antonini
823 1097 897 1133 loca,

62 1147 137 1178 quae
153 1138 299 1180 suppresso
315 1142 434 1169 nomine
449 1139 525 1180 apud
541 1140 657 1169 Suidam
673 1140 820 1178 leguntur,
836 1141 897 1181 pas-

64 1182 114 1210 sini
130 1182 271 1212 indicauit
283 1183 364 1212 Tho.
385 1184 563 1218 Gatakerus,
594 1191 626 1212 vt
643 1183 786 1222 Procopii
802 1185 896 1213 Nico-

62 1222 125 1253 laus
145 1223 319 1254 Alemannus
339 1232 367 1254 ct
390 1225 528 1254 Claudius
552 1225 721 1260 Maltretus,
751 1225 896 1255 Casaubo-

61 1277 114 1295 nus
133 1266 284 1297 Athenaei
299 1275 327 1296 et
340 1267 478 1302 Lan-tii,
499 1268 692 1298 Artemidori
717 1271 783 1298 Nic.
798 1268 893 1306 Rigal-

60 1311 118 1340 tius
129 1331 137 1344 ,
167 1309 292 1340 Aeliani
304 1311 468 1340 foachimus
485 1312 618 1340 Kiihnius
629 1330 636 1343 ,
668 1310 893 1351 Harpocratio-

61 1353 109 1382 nis
125 1351 303 1387 Mauss'acus,
323 1352 450 1383 aliorum
464 1352 525 1384 alii.
575 1355 608 1383 In
630 1353 736 1388 Suida,
764 1358 798 1383 vt
818 1352 894 1384 leffi-

61 1394 156 1425 tando
171 1399 200 1424 et
220 1395 380 1435 vigilando
401 1393 569 1436 comperisti
581 1395 616 1437 se
635 1401 664 1427 et
685 1394 831 1437 didicrffi,
855 1399 895 1428 ait

60 1437 139 1472 idem
157 1437 314 1467 Mauffacus
327 1449 391 1478 pag.
410 1442 474 1473 396.
498 1437 559 1468 diff.
584 1441 677 1470 critic.
701 1449 805 1476 magna
829 1450 893 1479 pars

49 1478 252 1521 scholiorum,
273 1482 392 1522 quaein
412 1481 559 1520 Tragicos
573 1485 602 1511 et
619 1481 751 1512 Comicos
772 1483 893 1511 circuni-

60 1522 212 1559 feruntur,
234 1526 410 1553 continetur.
453 1526 534 1552 Idem
551 1534 614 1564 pag.
634 1534 699 1559 392.
729 1535 787 1554 non
810 1525 892 1555 dubi-

60 1568 256 1603 ‹atintegrum
267 1566 348 1602 Iulii,
363 1567 522 1607 Sophistae,
539 1577 624 1607 opus,
643 1569 723 1596 cuius
733 1568 892 1608 epigraphe

61 1609 98 1638 fic
119 1610 352 1649 concipiebatur,
392 1607 508 1644 ἔπιτομῆ
530 1612 577 1637 τῶν
601 1612 745 1645 Παμφΐλι
765 1612 892 1644 γλωσσῦν

61 1652 107 1680 ἐπὶ
117 1652 234 1686 βιβλίων
250 1649 410 1683 ἒννενῆκυηι
423 1650 492 1687 ἕνὲε,
519 1662 535 1681 a
553 1652 640 1682 Suida
660 1652 891 1693 transscriptum‚

60 1696 112 1735 qui
125 1696 212 1724 etiam
228 1704 263 1725 ex
285 1705 384 1733 graeca
407 1695 539 1724 versione
564 1694 633 1724 libri
654 1695 893 1735 Hieronymiani

60 1737 97 1766 de
112 1736 298 1777 scriptoribus
307 1736 509 1773 ecclefiasticis,
525 1745 553 1766 et
566 1748 599 1767 ex
610 1737 758 1779 Hesyclzii,
775 1737 891 1773 Milefii,

59 1777 252 1815 ὄνοματολόγῳ
268 1781 325 1808 fiue
340 1779 375 1808 de
394 1782 466 1809 viris
486 1779 644 1810 illustribus
670 1780 770 1809 libello
794 1780 890 1821 aliqua

61 1822 227 1856 transtulit,
250 1833 310 1851 non
325 1830 421 1851 tamen
437 1830 495 1851 tam
511 1822 618 1864 infflulta,
646 1831 677 1851 vt
692 1833 727 1851 eo
745 1824 891 1863 pertinere

61 1866 166 1906 possint
182 1865 272 1894 verba
287 1864 364 1904 apud
380 1865 512 1894 Suidam:
535 1865 551 1892 ἓ
573 1863 688 1899 ε’,τιτομή
710 1866 750 1892 ἒςι
770 1866 837 1892 ‘tiro
859 1863 890 1893 75

60 1908 189 1943 βιβλίον,
220 1915 250 1937 vt
271 1907 364 1938 visum
387 1909 480 1936 Lucae
503 1907 655 1936 Holstenio
678 1918 701 1935 c.
724 1917 746 1936 ι.
775 1908 810 1936 de
831 1909 892 1937 vita

61 1951 237 1990 Porphyrii,
259 1950 310 1979 vbi
323 1959 439 1984 narrat,
469 1951 565 1979 MStos
588 1950 639 1978 fibi
660 1951 771 1978 m'voenoes
795 1960 893 1980 excer-

62 2001 182 2035 ptorum
202 2003 219 2022 a
240 1992 328 2022 Suida
355 1991 546 2021 collectorum
571 1991 617 2021 vel
640 1991 891 2033 transscriptorum

61 2035 187 2067 ostensos
200 2045 217 2065 a
232 2045 338 2073 magno
351 2034 517 2065 Sirmondo.
540 2034 633 2065 Fabr.
677 2034 801 2074 polybii
816 2035 892 2074 frag-

61 2087 176 2114 menta,
206 2089 283 2118 quae
302 2081 331 2108 in
354 2078 458 2107 Suidae
479 2077 573 2107 lexico
595 2077 763 2114 seruantur,
797 2078 892 2108 addita

61 2130 111 2152 aut
125 2122 229 2151 inserta
247 2120 312 2150 sunt
329 2120 443 2154 Polybii
459 2120 540 2150 editt.
555 2130 570 2148 a
585 2122 739 2150 Gronouio
750 2142 759 2156 ,
783 2121 892 2152 Ernesti

61 2173 90 2195 et
105 2162 359 2201 schweighauser-o
373 2165 488 2192 curatis.
523 2165 637 2192 Horum
652 2165 812 2203 postremus
825 2172 891 2193 ante

62 2208 219 2236 editionem
229 2206 343 2241 Polybii
360 2205 516 2235 absolutam
534 2205 553 2236 s.
566 2206 672 2234 reffius
687 2207 749 2246 post
764 2208 892 2247 primum

63 2258 176 2280 tomum
189 2249 320 2285 editum,
347 2248 438 2280 multa
461 2247 540 2278 illius
562 2249 690 2278 historici
707 2247 769 2278 loca
782 2270 790 2284 ,
818 2259 892 2289 quae

62 2295 163 2322 Suidas
178 2291 281 2322 adtulit
294 2291 473 2331 inseruitque
487 2290 537 2320 suo
553 2289 657 2326 lexico,
678 2291 843 2321 emendauit
858 2291 892 2322 il»

61 2334 252 2374 lustrauitque
265 2337 397 2372 egregie,
420 2333 556 2374 idemque
573 2334 710 2372 Appiani
724 2336 809 2364 ctiam
827 2333 892 2364 loca

62 2388 79 2408 a
100 2378 187 2408 Suida
209 2376 292 2407 fuifl'e
314 2383 465 2418 excerpta,
505 2376 712 2411 animaduertit
726 2379 756 2407 in
774 2376 891 2408 libello:

999 506 1030 540 D
1040 503 1061 539 d
1072 502 1092 539 d
1120 515 1139 538 2

944 588 1182 620 Emendationes
1198 593 1226 619 et
1242 587 1314 629 obff
1327 590 1356 620 in
1367 589 1565 631 Suidamscr.
1577 592 1785 633 Io.Sc11weig-

943 630 1061 672 hliuscr,
1073 642 1114 669 gr.
1124 641 1151 661 et
1160 634 1264 661 orient.
1273 633 1361 663 litter.
1373 632 1450 663 Prof.
1463 636 1646 671 Argentorati
1657 635 1781 666 fascicul.

943 677 992 704 Ict
1002 676 1038 705 11.
1051 676 1079 703 in
1090 682 1112 707 3.
1124 682 1203 711 1789.
1220 677 1260 704 Ex
1274 675 1389 705 Timaei
1399 686 1516 718 quoque
1527 676 1619 707 lexico
1630 678 1780 719 platonico

943 716 1039 757 plures
1055 719 1083 746 in
1099 717 1180 746 suum
1200 716 1315 746 lexicon
1338 718 1440 747 Suidas
1461 719 1606 749 transtulit
1627 720 1728 757 gloss'as
1750 729 1782 751 ve

945 760 1018 788 bene
1035 768 1134 790 monet
1149 759 1285 800 idemque
1302 763 1423 798 corrigit
1441 761 1546 790 Suidae
1561 761 1657 791 locum
1678 762 1781 794 Ruhn-

945 802 998 832 ken
1015 805 1079 832 init.
1095 811 1188 833 notar.
1204 803 1238 831 ad
1256 804 1378 832 Timaei
1393 803 1449 834 lex.
1475 813 1539 844 pag.
1555 815 1583 839 4.
1607 805 1680 834 adde
1696 805 1781 848 supra

945 855 1009 885 pag.
1030 855 1092 880 243.
1111 844 1219 886 not.ffi
1235 847 1284 874 fin.
1304 847 1373 875 item
1396 856 1431 875 ex
1453 845 1608 878 scholiassis
1632 848 1781 889 Apollonii

946 887 1054 917 Rhodii
1073 897 1100 917 et
1110 888 1306 922 Thucydidis.
1323 899 1351 918 v.
1366 887 1484 918 Dncker
1497 891 1528 918 in
1546 890 1636 930 praef.
1648 890 1780 920 adThu-

944 930 1140 970 cyd.pag.9z.
1160 930 1215 970 seq.
1232 930 1291 961 vol.
1308 933 1329 960 1.
1345 931 1390 960 ed.
1408 934 1592 971 Bipontinac.
1617 935 1731 964 Praeter
1746 944 1780 963 ea

943 972 1065 1006 Flauii,
1088 975 1268 1013 patriarchae
1279 973 1438 1006 wolstani,
1461 973 1589 1009 lexicon,
1610 975 1703 1005 adhue
1717 978 1779 1005 ine-

942 1014 1035 1044 ditum
1053 1026 1142 1054 paene
1158 1024 1253 1045 totum
1265 1016 1364 1045 Suidas
1379 1018 1407 1044 in
1423 1016 1506 1046 suum
1517 1017 1690 1048 transsumsit
1705 1017 1778 1049 lexi-

942 1068 1006 1088 con.
1054 1060 1137 1087 Tum
1157 1060 1259 1088 habuit
1276 1067 1304 1088 et
1320 1058 1483 1098 descripffl,
1515 1059 1597 1101 saepe
1621 1064 1778 1097 contraxit,

942 1108 973 1129 vt
989 1103 1230 1141 Harpocrationis
1247 1103 1373 1130 Lexicon
1389 1103 1521 1132 omittam
1535 1123 1544 1136 ‚
1574 1103 1687 1133 lexicon
1712 1105 1778 1134 rhe-

941 1146 1086 1177 torieum,
1110 1144 1144 1172 de
1165 1154 1224 1184 quo
1244 1145 1303 1172 iam
1326 1143 1410 1185 supra
1434 1153 1468 1174 ex
1493 1146 1662 1176 Ruhnkcnii
1684 1147 1776 1186 praef.

939 1185 975 1214 ad
1001 1185 1139 1219 Hesychii
1160 1185 1297 1221 lexicon,
1337 1194 1410 1226 part.
1430 1188 1467 1217 11.
1501 1190 1630 1225 egimus:
1664 1190 1776 1227 Inligne

939 1228 1087 1267 quoddam
1103 1228 1273 1269 opuscuium
1289 1230 1396 1258 veteris
1411 1231 1574 1265 Atticistae,
1596 1241 1631 1260 ex
1649 1242 1706 1271 quo
1722 1243 1779 1261 no-

938 1270 1000 1305 bis,
1029 1271 1085 1310 (vt
1107 1274 1148 1300 ait
1170 1271 1377 1300 Valckenarius
1397 1270 1414 1300 l.
1441 1283 1510 1301 mox
1540 1274 1777 1314 memorando,)

937 1324 1010 1342 vnus
1029 1316 1162 1343 onmium
1178 1316 1310 1351 egregia.
1333 1313 1494 1352 fragmenta
1516 1325 1634 1356 quoque
1657 1327 1773 1346 comoe-

937 1355 1069 1390 diarum,
1093 1367 1144 1398 per
1154 1356 1269 1386 lexicon
1284 1355 1362 1386 illud
1373 1357 1480 1394 grande
1497 1357 1600 1398 sparsa,
1622 1359 1773 1389 conserua-

938 1400 996 1428 vit:
1024 1399 1165 1439 quaedam
1190 1409 1225 1428 ex
1251 1398 1421 1441 Phryniclzi
1443 1400 1582 1442 adparatu
1606 1401 1774 1442 sophistico,

938 1451 952 1470 e
968 1440 1240 1475 lexicoZonrn-am
1261 1452 1395 1479 magnam
1411 1451 1520 1483 partem
1536 1443 1679 1484 descripsit
1694 1444 1775 1475 scho.

936 1483 1045 1513 liorum
1060 1487 1089 1513 in
1110 1483 1281 1523 Sophoclem
1297 1492 1383 1524 atque
1403 1488 1432 1514 in
1456 1484 1669 1527 Aristophanis
1690 1498 1774 1528 prae-

936 1526 1035 1556 sertim
1057 1526 1242 1563 comoedias,
1271 1529 1357 1556 etiam
1380 1529 1411 1556 iu
1433 1528 1772 1568 Thesmophoriazusas.

935 1579 1009 1609 quae
1024 1569 1153 1599 nondum
1171 1569 1288 1599 fuerunt
1302 1571 1332 1599 in
1347 1569 1530 1600 bibliothecis
1541 1573 1668 1601 inuenta.
1693 1576 1774 1603 Haec

935 1613 1047 1642 erudite
1063 1611 1232 1642 obseruauit
1250 1611 1388 1642 Valcken.
1410 1612 1444 1641 ad
1460 1614 1612 1643 Theocriti
1632 1615 1771 1645 Adoniaz,

934 1664 999 1694 pag,
1016 1663 1081 1692 297.
1105 1655 1151 1692 (et
1166 1655 1202 1684 de
1224 1653 1339 1684 scholiis
1359 1653 1394 1684 ad
1415 1656 1560 1698 Aristoph.
1581 1657 1770 1699 Thesmoph.

934 1700 1022 1726 etiam
1044 1698 1073 1726 in
1095 1697 1238 1732 diatriba,
1274 1697 1420 1738 Euripidis
1441 1697 1605 1738 Hippolyto
1625 1700 1771 1736 adiuncta.

935 1750 999 1780 pag.
1017 1750 1086 1775 204.
1103 1744 1178 1776 not.)
1224 1741 1306 1769 Tum
1323 1742 1432 1780 pergi-t:
1455 1741 1574 1777 „de
1594 1742 1613 1771 fi
1636 1742 1702 1773 licet
1719 1755 1773 1773 ve⁴

935 1793 1000 1811 rum
1014 1783 1119 1816 fateri,
1144 1782 1290 1823 plerisque
1306 1783 1422 1813 Suidae
1436 1786 1596 1823 excerptis,
1630 1796 1664 1815 ex
1687 1785 1770 1816 libri·

935 1827 986 1864 qui
1007 1824 1042 1853 ad
1065 1836 1118 1853 nos
1137 1832 1352 1864 peruenerunt,
1385 1836 1420 1854 ne
1439 1828 1681 1865 epigrammatum
1705 1831 1770 1868 qui.

936 1868 1002 1895 dem
1034 1866 1206 1904 anthologia
1241 1875 1377 1907 excepta,
1416 1878 1514 1897 carere
1541 1868 1697 1908 poss'cmut-
1713 1872 1770 1901 fine

935 1919 1042 1946 magno
1063 1909 1225 1939 litterarum
1248 1912 1433 1941 detrimento.
1478 1909 1533 1940 Sed
1556 1910 1646 1941 libros
1667 1914 1772 1945 habuit

935 1951 1074 1990 Polybii,
1095 1954 1145 1992 qui
1159 1953 1244 1981 uobis
1259 1962 1333 1981 nunc
1348 1954 1472 1992 periere.
1508 1954 1660 1990 Legeritne
1676 1955 1768 1987 libros

935 1993 1047 2024 Dionis
1063 1994 1165 2036 Ccrffii,
1190 1995 1274 2024 nobis
1287 1996 1434 2034 perditos,
1455 2005 1490 2024 an
1509 1994 1625 2027 aliunde
1648 1998 1770 2030 Dionea

936 2036 1126 2072 deriuauerh,
1143 2037 1264 2066 definire
1279 2047 1339 2066 non
1355 2038 1452 2066 ausim.
1477 2038 1589 2069 Habuit
1601 2049 1680 2070 certe
1694 2043 1768 2072 alio-

935 2090 1001 2109 rum
1016 2090 1123 2119 pauca3
1143 2088 1173 2109 et
1191 2079 1326 2120 opuscula
1344 2079 1482 2116 Aeliani,
1505 2081 1685 2120 Iambliclzi‚
1706 2086 1771 2116 Eu-

935 2123 1039 2161 mpii„
1064 2121 1228 2162 Damascii,
1250 2123 1355 2162 quibus
1372 2133 1423 2152 nos
1439 2124 1588 2163 hucusque
1603 2129 1767 2161 caruimu53

936 2175 995 2194 non
1010 2164 1059 2194 illa
1077 2165 1216 2205 quidem,
1245 2166 1263 2194 fi
1279 2167 1343 2205 quis
1359 2167 1398 2194 ita
1417 2165 1504 2201 velit,
1535 2173 1683 2206 permagni
1705 2181 1768 2199 mo-

936 2210 1040 2241 mentiz
1063 2218 1097 2236 ex
1115 2208 1160 2236 his
1177 2216 1273 2237 tamen
1290 2207 1395 2237 libellis
1411 2208 1526 2237 ineditis
1551 2219 1683 2251 excerpta
1697 2212 1766 2243 Sui.

936 2251 994 2281 dae
1011 2250 1114 2290 cupide
1134 2249 1298 2281 litterarum
1313 2253 1498 2291 antiquarum
1512 2250 1634 2289 legimus
1656 2264 1768 2286 amato.

935 2303 989 2323 res.
1000 2295 1021 2311 ‘⁵
1045 2292 1136 2323 Harl.

977 2337 1015 2374 u)
1037 2335 1090 2366 Sed
1113 2335 1198 2371 vide,
1229 2347 1303 2376 quae
1323 2334 1398 2365 infra
1421 2335 1455 2365 ad
1471 2337 1492 2365 1.
1513 2335 1642 2368 indicem
1659 2340 1766 2372 Suidae

935 2376 1032 2410 lexico
1047 2377 1250 2420 praemissum,
1271 2386 1419 2410 notantur.
1444 2378 1538 2421 Harl.

1626 507 1783 557 loquutus
