2013 2725
261 118 289 143 x
851 95 1394 135 PRAEFATIO

261 229 299 259 et
325 220 429 258 Vm.
458 216 582 265 capita
613 213 662 257 de
683 213 933 250 Constantino
957 213 1012 249 M.
1043 214 1173 262 imper.
1205 222 1240 250 et
1269 214 1315 250 de
1345 214 1494 250 Iuliano
1511 218 1640 264 imper.
1671 217 1860 267 huiusque
1885 221 1977 257 ami-

268 331 320 368 cis
347 336 459 376 atque
492 324 732 373 aequalibus,
774 322 942 358 Libanio
981 322 1281 371 Themissioque.
1355 323 1491 373 Capita
1523 326 1623 362 enim
1662 326 1706 362 de
1737 327 1981 375 scriptoribus

272 436 517 476 ecclesiasticis
550 432 831 482 antiquioribus
863 431 971 468 nolui
1002 432 1208 469 immiscere
1246 433 1397 481 reliquis
1429 434 1468 470 in
1500 435 1573 470 hoc
1603 442 1710 472 tomo
1740 397 1982 485 pertractatis.

277 548 384 586 Ordo
409 554 535 583 autem
568 544 753 593 capitum,
784 543 851 590 qui
875 543 915 577 in
943 541 1016 578 hoc
1040 541 1249 596 volumine
1268 553 1290 579 a
1312 554 1372 580 me
1399 543 1447 581 est
1471 544 1708 589 obseruatus,
1741 545 1983 599 exhsubnexo

276 658 434 696 illorum
462 653 588 693 indice
617 650 764 691 facilius
797 651 1054 700 cognoscetur.

430 873 582 909 Praeter
614 884 656 908 ea
694 870 959 909 admonendus
996 872 1046 908 est
1074 872 1213 908 Lector
1247 871 1478 914 beneuoltm
1527 880 1604 909 tam
1641 874 1849 922 permulta,
1895 885 1990 921 quae

280 983 478 1021 Fabricius
509 983 594 1019 suae
624 982 829 1020 inseruerat
856 982 1038 1031 editioni,
1081 982 1221 1031 partim
1249 989 1333 1018 tum
1364 976 1562 1033 ἀνέκδοτοι,
1604 994 1642 1019 n.
1665 983 1820 1020 Libanii
1849 982 1992 1020 oratio-

283 1105 347 1132 nes
378 1100 490 1141 atque
520 1092 710 1142 epistolas,
754 1106 846 1142 quas
881 1092 1008 1143 possea
1044 1105 1133 1131 cum
1162 1091 1321 1135 Reiske,
1365 1098 1449 1128 tum
1479 1091 1650 1129 Wolfius
1681 1093 1882 1131 ediderunt
1911 1105 1996 1131 cor-

287 1205 481 1251 rectiores,
511 1204 650 1251 partim
680 1215 701 1239 a
724 1202 955 1241 bibliotheca
982 1214 1134 1252 graeca,
1163 1214 1224 1239 me
1253 1201 1409 1250 quidem
1437 1201 1580 1244 iudice,
1604 1203 1754 1254 aliena,
1784 1216 1821 1242 n.
1837 1204 1997 1253 longum

285 1313 495 1350 latinorum
525 1313 856 1362 recentiorumque
885 1313 1112 1362 scriptorum
1143 1312 1189 1349 de
1219 1312 1377 1349 veritate
1407 1311 1597 1360 religionis
1629 1311 1862 1356 christianae,
1903 1324 2000 1350 ame

291 1424 464 1461 consulto
496 1423 566 1460 effe
598 1423 734 1460 abscisa
765 1430 801 1459 et
831 1422 983 1466 omissa3
1024 1434 1159 1471 quam,
1196 1433 1292 1470 quae
1321 1434 1390 1471 ego
1421 1422 1679 1471 supplementa
1707 1430 1773 1459 aut
1802 1422 2003 1460 necessaria

294 1533 600 1573 existimauerim,
645 1540 711 1569 aut
737 1543 808 1580 pro
839 1532 984 1569 virium
1014 1532 1195 1568 tenuitate
1225 1531 1419 1578 potuerim
1448 1530 1640 1578 colligere,
1684 1542 1727 1566 ea
1753 1529 1829 1568 fere
1860 1532 2004 1574 omnia5'

294 1643 447 1691 fingulis
476 1642 618 1678 adieeta
647 1641 852 1690 capitibus,
894 1653 954 1677 me
985 1640 1121 1676 habere
1159 1640 1364 1677 austorem.
1442 1636 1575 1687 Neque
1611 1650 1727 1686 vero,
1775 1652 1798 1677 a
1827 1651 1887 1677 me
1922 1641 2005 1678 aliis

296 1753 389 1789 viris
419 1747 540 1788 docstis
570 1751 611 1786 in
641 1752 791 1798 hocque
820 1751 1029 1786 litterarum
1060 1760 1193 1797 genere
1218 1748 1285 1784 diu
1317 1747 1558 1795 multumque
1587 1748 1758 1795 versatis,
1804 1749 2006 1798 praecipue

297 1859 340 1896 in
376 1860 560 1908 capitibus
595 1860 640 1896 de
665 1859 933 1895 Grammaticis
966 1864 1078 1904 atque
1105 1856 1422 1904 Lexicographis,
1457 1855 1578 1904 iisque
1596 1857 1780 1905 antiquis,
1811 1858 1914 1895 haud
1931 1859 1999 1903 exil

300 1981 420 2019 guum
446 1969 616 2005 relictum
648 1966 719 2004 effe
747 1969 1000 2017 spicilegium,
1046 1977 1146 2014 nego
1181 1966 1294 2005 vllus.
1379 1964 1509 2003 Tanta
1547 1966 1648 2002 enim
1675 1968 1968 2015 grammaticoru

303 2087 476 2116 veterum
507 2085 542 2114 et
571 2078 902 2126 grammaticarum
933 2077 1222 2123 lexicorumque
1252 2075 1382 2124 copia,
1423 2073 1530 2111 facile
1559 2074 1639 2112 fieri
1669 2078 1815 2124 potuit,
1855 2085 1899 2113 vt
1916 2077 1992 2128 *plu

306 2189 427 2236 rium,
475 2187 640 2225 maxime
678 2199 829 2234 eorum,
878 2197 1046 2234 quorum
1079 2186 1140 2221 vel
1176 2184 1362 2222 memoria
1395 2185 1606 2221 admodum
1643 2184 1691 2221 est
1722 2150 1898 2235 obscura,
1946 2187 1998 2223 ν’

306 2295 445 2345 scripta
470 2297 587 2338 latent
616 2298 659 2338 in
691 2296 852 2342 smmis,
896 2307 1040 2336 nomen
1077 2291 1214 2334 libr-lue
1252 2302 1317 2333 aut
1354 2293 1467 2334 etiam
1497 2293 1679 2336 editiones
1708 2293 1749 2334 in
1777 2307 1902 2336 meam
1931 2307 1982 2334 no

1841 2408 1969 2449 venire
