2049 2720
56 154 280 187 votnm-300
702 148 889 190 LVCIANI
921 148 1115 188 SCRIPTA
1245 149 1320 188 Lib.
1332 148 1402 188 IV.
1418 162 1442 187 e.
1455 145 1608 187 XVIII.
1711 158 1768 193 34¹

55 264 138 303 quae
158 249 275 299 viginti
297 245 403 285 stadiis
423 246 585 297 Olympia
606 244 758 290 distabat,
783 243 960 283 conscenso
981 258 1086 295 rogo,
1112 241 1328 295 spec‘iantibus
1346 246 1498 282 omnibus
1508 242 1690 282 'combussit
1709 245 1768 290 ¹¹).

55 301 190 353 epistola
204 300 244 338 ad
259 303 424 338 Cronium
440 310 521 337 toni.
537 301 575 335 Π.
592 313 666 349 pag.
683 302 742 350 556
753 311 873 345 —591.
902 300 972 346 [ΙΙΙ.
985 312 1060 349 pag.
1076 299 1281 344 325——364J
1332 299 1438 335 Vertit
1465 298 1654 334 Vincentius
1669 296 1768 343 obst>-

50 367 159 403 poeus.
209 356 305 390 Notis
320 353 490 389 illustrauit
515 353 596 388 Tan.
611 350 735 394 Faber,
760 349 854 387 Paris.
877 354 960 396 1653.
983 363 1016 395 4.
1040 363 1124 400 quae
1147 353 1182 386 in
1202 351 1395 387 editionibus
1414 347 1766 386 Amstelodamensibus

54 421 115 457 per
128 405 269 455 lingulas
290 408 424 456 paginas
445 405 577 441 Luciani
599 406 702 440 verbis
723 401 893 439 substratae
915 401 998 439 sunt.
1049 405 1128 439 Non
1147 406 1310 452 integrum
1334 402 1374 439 ad
1397 415 1458 438 nos
1480 397 1660 451 peruenisse
1677 401 1768 435 hunc

54 457 216 502 libellum,
231 456 399 494 contendit
416 455 504 492 idem
519 457 624 493 Faber
638 470 669 506 p.
684 468 740 504 559
758 465 790 492 et
804 458 876 502 556.
894 453 939 500 ω)
965 457 1188 505 Peregrinum,
1210 468 1228 490 a
1252 454 1442 490 Christianis
1468 455 1639 495 reiectum,
1660 452 1768 486 innuit

54 511 215 546 Lucianus
245 522 322 559 pag.
337 521 406 555 570.
434 507 525 558 quod
548 507 590 545 de
610 507 804 554 idolothytis
823 504 1028 549 comedisset,
1069 508 1135 543 hoc
1155 510 1244 542 enim
1271 505 1328 542 fibi
1350 506 1467 543 volunt
1492 506 1589 541 verba
1616 505 1700 552 [cap.
1717 506 1768 540 16.

54 575 129 612 pag.
147 573 212 605 341.
237 562 290 597 vbi
306 561 370 597 vid.
385 570 454 597 not.
470 563 504 596 in
520 559 594 597 edit.
611 561 761 607 Reitzii]:
785 556 890 608 ὤφθη
904 557 977 610 ’γάρ
994 575 1029 598 τι
1042 557 1086 598 αἷς
1105 558 1195 609 οἶμαι]
1216 559 1334 598 ἐσθίων
1355 557 1422 598 τῶν
1445 554 1653 607 οἱπορῥῆτων.
1705 557 1770 590 Va·

54 618 116 650 rias
132 615 206 649 hinc
219 611 294 648 inde
307 615 341 648 in
356 611 525 648 Christum
543 622 574 648 et
588 613 789 649 Christianos
807 610 914 648 effutit
933 612 1147 660 blasphemias
1164 615 1201 658 '‘)
1221 624 1295 660 pag.
1312 614 1367 658 565
1382 609 1426 660 sq.
1451 621 1482 645 et
1504 623 1563 659 per
1584 607 1769 657 νομοθέτην

54 666 188 717 πρῶτον
210 664 472 701 Christianorum
492 676 568 713 pag.
586 668 656 711 567.
673 663 720 710 ω>
761 662 890 700 videtur
915 663 1100 713 intelligere
1134 665 1317 699 Iohannem
1355 662 1608 710 euangelissam,
1650 661 1705 705 qui
1736 660 1771 692 in

54 716 229 766 euangelio
244 726 278 752 et⁴
290 716 434 766 epistolis
450 729 532 752 vnus
546 719 693 753 maxime
709 718 863 753 omnium
881 715 1096 752 commendat
1110 716 1201 752 illam
1216 714 1257 751 de
1271 727 1335 764 qua
1348 717 1509 750 Lucianus
1525 707 1772 760 ἀδελφότητα,

54 771 147 819 Qae
168 781 242 818 pag.
258 777 328 813 587.
352 770 442 817 [pag.
459 771 526 811 361.
550 769 672 815 Reitz.]
694 768 734 804 de
756 768 883 805 vulture
906 782 946 804 ex
967 782 1054 818 rogo
1071 769 1240 817 Peregrini
1262 766 1416 802 euolante
1433 765 1606 813 leguntur,
1634 765 1673 798 iis
1695 773 1773 797 cum

53 820 240 858 doetissimo
252 821 402 856 Lemom'o
417 823 455 865 '')
471 823 524 856 vix
537 819 730 857 crediderim
748 820 918 870 perstringi
933 822 1004 857 aeta
1019 823 1172 866 martyris
1190 818 1373 867 Polycarpi.
1424 817 1574 853 Viderint
1591 818 1690 851 etiam
1706 812 1773 854 aiii.

52 887 135 910 num
157 872 197 909 ad
220 875 441 909 imitationem
464 874 494 908 S.
510 874 624 921 Ignatii
647 870 762 909 fecerit
790 876 1000 920 Peregrinus,
1032 871 1124 921 quod
1149 885 1221 921 pag.
1241 879 1312 917 588.
1338 872 1427 919 [pag.
1443 873 1513 913 362.
1539 869 1592 904 vbi
1619 865 1683 903 vid.
1701 874 1770 900 not.

53 925 217 971 Gesneri‚]
243 923 377 960 traditur
394 935 467 960 ante
482 935 626 960 mortem
644 925 796 961 omnibus
813 923 920 961 ferme
940 924 1170 961 celebrioribus
1192 923 1374 958 ciuitatibus
1394 921 1544 971 epistolas
1563 916 1680 956 mififfe
1701 912 1772 956 δια·

53 975 170 1022 θήκας
184 975 252 1012 siue
268 986 436 1025 praecepta
447 1007 456 1023 ,
483 975 726 1013 admonitiones
748 987 780 1013 et
797 978 891 1025 leges.
928 977 999 1012 Fuit
1017 978 1096 1012 haec
1112 974 1266 1012 sententia
1280 974 1449 1019 Pcarsom'i
1465 975 1500 1008 in
1514 971 1660 1008 vindiciis
1674 973 1688 1005 Ι
1690 982 1771 1018 gna-

54 1033 88 1065 tii
102 1038 194 1079 parte
211 1029 234 1063 1.
251 1041 325 1078 pag.
340 1032 373 1064 6.
400 1030 491 1077 [cap.
508 1041 537 1064 2.
553 1041 628 1077 pag.
645 1032 711 1065 261.
730 1028 806 1064 edit.
826 1028 970 1074 Clerici]
1024 1030 1181 1063 Meminit
1203 1029 1296 1062 huius
1317 1025 1418 1062 libelli
1442 1024 1509 1061 iiue
1528 1022 1682 1073 epistolae
1698 1023 1771 1056 Sui-

53 1080 110 1117 das
125 1084 156 1116 in
173 1076 351 1119 Λεκιοινὸς.
406 1082 458 1116 De
473 1081 654 1127 Peregrina
669 1078 802 1117 consule
820 1081 861 1117 V
857 1081 979 1131 alestam
993 1079 1032 1115 ad
1050 1082 1220 1116 Ammiani
1242 1079 1355 1114 XXIX.
1370 1089 1396 1113 ι.
1425 1079 1551 1113 Fabric.
1604 1076 1656 1111 De
1676 1071 1773 1123 lapfi-

54 1133 112 1169 bus
137 1134 270 1168 Luciani
292 1136 326 1167 in
346 1131 523 1168 enarranda
544 1134 605 1167 hac
628 1132 799 1169 historiola
820 1135 888 1168 iam
913 1132 1038 1167 multus
1062 1132 1107 1168 est
1123 1130 1231 1179 Moys.
1247 1130 1290 1165 du
1305 1130 1386 1164 Soul
1407 1132 1442 1164 in
1456 1132 1552 1164 notis.
1602 1128 1654 1163 De
1668 1134 1772 1162 aetate

54 1195 163 1220 autem
181 1185 346 1233 Peregrini
362 1193 396 1219 et
409 1196 518 1230 anno,
545 1196 612 1232 quo
628 1186 660 1219 in
679 1187 793 1232 ignem
810 1181 925 1232 sponte
940 1183 1068 1226 infinit,
1089 1181 1202 1232 seipse
1216 1190 1503 1222 concrematuros,
1530 1183 1564 1214 in
1584 1178 1646 1214 alia
1659 1177 1774 1213 omnia

54 1239 248 1271 transierunt
263 1238 303 1271 V.
317 1236 361 1272 D.
416 1234 499 1273 Sed,
525 1249 568 1270 ne
582 1246 792 1284 extrauager‚
820 1235 859 1271 ad
884 1236 1103 1276 Bruckerum,
1131 1237 1334 1274 Gesnerum,
1359 1233 1508 1281 inprimis
1529 1228 1774 1268 Wielandium,

53 1288 202 1336 aliosque
221 1288 304 1323 bene
326 1286 451 1323 multos
480 1296 511 1322 et
531 1285 628 1336 supra
650 1289 684 1323 in
705 1289 772 1324 vol.
789 1289 844 1323 111.
859 1300 936 1336 pag.
951 1298 1004 1330 523
1019 1285 1066 1337 sq.
1087 1289 1122 1322 in
1136 1286 1289 1334 catalogo
1303 1287 1530 1332 Cynicorum,
1554 1291 1585 1318 et
1602 1285 1636 1317 in
1649 1277 1775 1316 Introd-

52 1341 88 1376 in
102 1339 174 1376 hist.
191 1341 227 1375 L.
243 1340 302 1375 Gr.
320 1341 343 1374 1.
367 1352 442 1388 pag.
458 1345 527 1386 189.
544 1350 750 1375 memoratos
768 1339 896 1389 ablego.
923 1339 1022 1375 Harl.

154 1410 204 1451 63.
232 1411 354 1446 Πλοῖον
373 1402 392 1451 ἢ
414 1404 535 1456 εὐχαὶ,
561 1408 728 1455 nauigium
748 1404 769 1443 s.
787 1414 873 1443 vota.
926 1405 1090 1455 Dialogus
1111 1404 1228 1443 stolida
1250 1407 1429 1443 hominum
1453 1412 1531 1440 vota
1554 1399 1772 1452 perstringens

53 1459 209 1508 exemplo
224 1463 409 1495 amicorum
432 1462 680 1508 nauigantium,
707 1472 852 1509 quorum
873 1458 953 1494 alius
970 1471 1068 1508 opes,
1103 1458 1185 1494 alius
1204 1461 1387 1509 potentiam
1410 1468 1442 1493 et
1465 1456 1661 1504 imperium,
1690 1450 1771 1486 alius

52 1510 235 1560 voluptates
251 1510 305 1546 sibi
320 1513 501 1560 expetebat,
529 1514 561 1546 in
579 1525 722 1559 quorum
738 1511 835 1547 nullo
853 1521 964 1546 tamen
985 1524 1060 1547 vera
1073 1508 1210 1546 felicitas
1225 1509 1376 1547 confistit.
1399 1520 1482 1546 tom.
1499 1509 1540 1542 11.
1555 1519 1632 1555 pag.
1650 1516 1709 1550 491
1722 1520 1772 1528 -

8 1563 13 1565 s
51 1574 114 1610 515.
141 1564 215 1610 [ΙΙΙ.
231 1575 305 1611 pag.
321 1575 383 1608 247
395 1561 540 1607 -279.]
592 1565 697 1598 Vertit
716 1567 780 1599 lac.
797 1563 960 1611 Micyllus.

157 1633 211 1674 64.
240 1626 438 1680 Προμηθεύς
459 1626 478 1674 ἢ
500 1627 692 1669 Καύκασος.
745 1630 956 1666 Prometheus
970 1628 1037 1665 fine
1054 1630 1225 1679 Caucafiu.
1277 1629 1439 1678 Dialogus
1462 1626 1588 1671 breuis,
1615 1635 1681 1673 quo
1698 1623 1776 1657 Pro-

53 1682 201 1718 metheus
216 1683 387 1719 Mercurio
403 1692 434 1717 et
450 1684 599 1718 Vulcano
616 1684 711 1718 diluit
728 1685 879 1725 crimina,
903 1681 960 1717 fibi
984 1682 1130 1724 obiecta,
1156 1692 1292 1732 propter
1313 1694 1398 1732 quae
1420 1678 1503 1715 iussu
1525 1680 1613 1713 Iouis
1628 1670 1774 1710 Caucaso

53 1733 93 1769 ab
120 1733 185 1769 illis
212 1732 407 1781 adfigendus
430 1745 508 1770 erat.
548 1743 630 1770 tom.
645 1737 669 1771 1.
700 1748 773 1783 pag.
791 1741 984 1779 173—184.
1020 1735 1058 1780 [1.
1081 1747 1159 1782 pag.
1178 1733 1392 1780 185—204.]
1458 1732 1562 1767 Vertit
1582 1729 1777 1764 Onomar-us

51 1785 231 1833 Lusi-iuius.
284 1786 418 1834 Legitur
438 1796 470 1822 et
491 1799 568 1822 cum
590 1786 653 1822 alia
675 1786 824 1823 verfione
839 1789 872 1822 in
889 1784 1028 1834 dialogis
1040 1783 1184 1829 scieritis,
1210 1786 1413 1835 Augustoriti
1427 1784 1602 1819 Pictonum
1620 1777 1724 1815 editis.

154 1856 203 1898 ⁶5·
226 1848 312 1901 Πξὸς
332 1848 388 1890 ‘er
405 1849 568 1895 ἕπονται,
595 1852 795 1902 Προμηθειὶς
811 1849 838 1890 εἷ
850 1856 880 1892 ἔν
895 1852 1021 1899 λέγοις.
1075 1852 1134 1888 Ad
1145 1865 1214 1888 eum
1230 1856 1285 1899 qui
1299 1854 1446 1891 dixerat,
1472 1849 1679 1885 Prometheus
1697 1857 1729 1880 es
1742 1846 1776 1879 ἱη

52 1905 214 1940 oratione.-
240 1904 327 1952 quod
349 1903 521 1940 dicterium
542 1905 608 1939 alio
632 1904 722 1940 sensu
745 1908 879 1952 recipit,
905 1906 972 1940 alio
995 1901 1113 1952 respuit
1135 1918 1172 1940 ac
1195 1914 1379 1952 retorquet,
1405 1901 1436 1938 se
1457 1914 1536 1936 vero
1553 1899 1776 1935 chara6terem

51 1953 208 1991 scribendi
227 1968 244 1990 e
258 1955 438 1990 comoedia
455 1965 487 1990 et
503 1955 638 2003 dialogo
653 1961 792 1992 mixtum
810 1956 918 1992 seclari
936 1956 1129 2003 profitetur.
1156 1966 1238 1993 tom,
1257 1957 1281 1992 1.
1300 1969 1331 2002 p.
1347 1967 1495 1999 13—19.
1521 1953 1562 1999 [l.
1581 1965 1611 2000 p-
1625 1959 1775 1993 23-37·

51 2004 167 2054 scripta
199 2006 242 2041 est
272 2008 351 2042 haec
381 2010 487 2043 oratio
519 2007 591 2056 poss
621 2022 744 2044 annum
769 2010 904 2044 Luciani
932 2005 1238 2056 quadragefimum:
1275 2007 1332 2043 illa
1354 2019 1433 2042 vero
1453 2007 1613 2041 Lucianus
1633 2000 1775 2037 fautores

53 2058 212 2108 quosdam
230 2056 321 2100 suos,
351 2057 453 2095 solam
469 2063 500 2094 i¹1
520 2062 587 2094 eius
610 2058 735 2110 fitriptis
758 2062 940 2096 nouitatem
962 2058 1141 2101 laudantes,
1163 2070 1299 2099 monet,
1325 2072 1395 2095 non
1416 2068 1482 2094 tam
1498 2058 1645 2092 nouitate
1662 2064 1774 2088 exem-

51 2110 117 2161 pli,
142 2122 210 2159 quo
233 2110 446 2148 comoediam
470 2124 548 2149 cum
571 2111 709 2162 dialogo
733 2115 964 2150 coniunxerat,
991 2109 1124 2146 laudem
1140 2108 1173 2146 se
1188 2108 1345 2162 captasse,
1374 2123 1474 2160 quam
1497 2121 1537 2144 ex
1559 2105 1634 2157 ipfis
1656 2103 1772 2141 salibus

908 2165 968 2199 Vv
994 2174 1011 2206 3
1476 2182 1480 2188 .
1734 2168 1771 2190 ac

95 2264 151 2299 aa)
172 2261 240 2293 Vid.
254 2273 315 2305 cap.
334 2272 366 2299 ες
383 2262 422 2307 sq.
445 2264 546 2306 ibique
563 2267 684 2308 interpr.
705 2265 801 2299 Harl.
972 2262 1031 2304 dd)
1052 2265 1117 2304 pag.
1132 2272 1190 2302 337.
1206 2274 1265 2306 cap.
1280 2274 1317 2301 ¹3.
1339 2265 1391 2297 vbi
1403 2264 1464 2297 vid.
1480 2265 1523 2295 M.
1539 2262 1578 2294 du
1591 2259 1660 2292 Soul
1675 2265 1704 2289 et
1724 2266 1769 2289 tve-

95 2304 150 2344 bb)
173 2308 239 2344 Pag.
264 2317 304 2343 ,33
347 2307 394 2338 sed
423 2309 563 2340 refutatus
592 2311 631 2340 est
653 2321 669 2340 a
699 2312 830 2341 Gesner-o
859 2316 889 2341 et
929 2305 1026 2350 liquos
1042 2311 1226 2350 interpretes.
1251 2308 1344 2340 Harl.

54 2349 97 2379 M·
113 2349 151 2378 du
165 2349 242 2378 Soul.
266 2351 359 2382 Harl.
974 2355 1018 2389 ee)
1042 2354 1061 2382 i.
1078 2362 1102 2381 e.
1124 2351 1228 2392 Steplz.
1246 2353 1272 2383 le
1289 2353 1402 2393 Moyne
1424 2352 1454 2381 in
1470 2348 1530 2380 diff.
1545 2349 1579 2378 de
1595 2344 1768 2385 Polycarpo.

53 2400 137 2465 ⁵055?
154 2392 275 2467 {gg-Lu
291 2394 332 2437 sq.
360 2405 425 2437 pag.
441 2404 490 2432 333
506 2395 566 2439 sqq.
592 2395 660 2427 eon.
683 2397 760 2428 notis
787 2398 830 2428 M.
847 2395 887 2427 du
930 2395 1028 2470 21:32⁸
1045 2395 1130 2427 sacris
1150 2397 1299 2438 praefixa,
1321 2396 1383 2427 vid.
1401 2395 1523 2425 Gesneri
1542 2399 1603 2424 uot.
1620 2400 1685 2434 pag·
1704 2395 1768 2423 3²5·
