2049 2720
376 171 622 210 Em‘rioNEs
656 170 848 208 orERvM
879 169 1042 208 GALENI
1094 172 1166 210 Lib.
1182 171 1252 209 JV.
1271 186 1294 212 c.
1307 171 1416 210 XIX.
1432 173 1490 219 (οι.
1504 174 1650 222 XVII.)
1701 189 1758 222 473

142 269 318 306 Tratstatus
335 267 462 318 aliquot
477 268 595 304 Galeni
610 265 728 304 suntin
743 265 814 302 libr.
834 264 871 301 Is.
887 263 989 302 Voffii
1006 278 1056 301 nr.
1074 277 1158 312 2¹57=
1186 287 1235 295 —
1262 267 1405 303 Galenus
1420 267 1459 302 de
1473 267 1652 305 differentia
1669 284 1758 306 mor-

38 324 169 358 borum.
222 323 274 357 De
297 333 412 356 eorum
439 319 549 356 caufis.
603 321 655 355 De
677 321 907 367 praenotione.
961 319 1026 365 Qi
1051 315 1124 353 sunt
1147 319 1316 367 purgandi.
1370 321 1554 367 Qomodo
1577 335 1758 371 coarguen-

40 375 91 417 di,
118 377 173 422 qui
197 373 327 421 fingunt
350 373 495 409 morbos.
548 370 730 419 Qomodo
753 382 812 418 per
831 367 959 405 somnia
981 366 1249 417 dignoscendum.
1298 372 1350 406 De
1366 370 1496 407 crisibus
1516 372 1586 407 libri
1603 375 1656 408 111.
1706 376 1759 409 De

40 424 184 463 sectione
210 437 309 460 venae
340 424 384 460 est
410 427 444 459 in
467 423 540 459 libr.
559 424 656 458 MSS.
681 420 717 457 1s.
733 420 833 457 Vossii
857 435 906 456 nr.
921 432 1014 462 2243.
1042 441 1093 447 —
1128 423 1202 456 Gal.
1226 422 1313 471 episi.
1341 422 1380 458 de
1404 421 1563 461 febribus,
1604 424 1656 460 lat.
1684 425 1757 460 cod.

40 477 179 514 membr.
198 474 276 512 saec.
293 477 381 512 vin.
406 486 436 511 et
457 474 531 510 cod.
550 475 691 511 membr.
710 471 790 508 saec.
807 474 895 508 xlv.
923 475 957 507 in
968 472 1084 507 Galerii
1100 484 1205 508 artem
1224 487 1360 522 paruam
1379 473 1578 512 introducstio
1589 477 1759 519 loannitii.

41 531 111 566 lo‘h.
127 526 335 565 Alexandrini
358 525 515 577 discipuli.
570 527 606 562 ln
632 525 706 561 bibl.
722 525 877 574 Bertzetfi.
903 523 967 560 vid.
984 525 1113 560 Sinneri
1133 525 1227 561 catal.
1249 537 1324 575 pag.
1343 534 1414 569 382.

142 614 263 648 xvm.
291 612 410 650 Galcm'
432 625 571 661 operum
597 614 749 648 omnium
769 611 918 646 editiones
935 621 1069 657 graecae
1089 611 1150 646 hae
1169 607 1262 646 sunt:

144 677 171 711 Γ
173 672 284 716 σιληνὲ
307 668 343 710 οἱ.
360 667 407 715 β’.
430 669 474 718 γ’.
490 668 532 710 δ”.
549 674 573 710 ε’.
626 672 745 707 Galem'
767 671 922 706 librorum
937 682 1022 717 pars
1036 672 1164 718 prima:
1190 671 1311 706 altera:
1334 671 1451 705 tertia:
1479 677 1616 717 quarta:
1638 673 1763 718 quinta.=

44 723 86 760 V
83 726 192 759 meliis
205 723 294 770 apud
306 723 445 766 Addam,
473 723 540 760 fine
558 727 635 759 anni
653 726 838 765 mentione,
866 724 922 770 qui
945 731 1054 757 tamen
1077 719 1121 757 est
1146 721 1185 757 ad
1207 721 1306 757 finem
1328 723 1491 770 priuilegii
1513 722 1691 757 Clementis
1709 725 1780 766 Pas

40 789 102 824 pae
120 777 190 811 Vn.
223 773 315 824 quod
341 773 455 811 datum
481 775 525 812 est
540 777 694 822 Romae,
732 772 790 810 sub
812 773 937 809 annulo
962 771 1142 821 piscatoris,
1175 773 1226 809 die
1243 775 1377 810 XXVH.
1395 775 1552 817 Ianuarii,
1587 776 1662 808 anni
1678 787 1764 820 525.

40 825 144 875 quue
168 826 385 876 priuilegium
402 826 549 863 eiusdem
572 826 690 863 mensis
715 836 746 862 et
771 828 847 860 anni
867 824 998 874 singulis
1025 825 1165 873 partibus
1191 827 1373 874 praefixum
1398 825 1528 873 legitur.
1580 826 1700 861 Forma
1720 825 1766 861 est

39 880 76 914 in
97 876 183 914 folio
204 880 344 917 minore.
361 881 379 900 ²*
403 899 455 906 —
482 879 714 915 Voluminibus
732 881 877 926 quinque
897 877 1115 925 vtplurimum
1139 879 1173 911 in
1196 878 1396 913 bibliothecis
1412 875 1647 925 comprehensa
1660 890 1765 926 opera

41 929 161 965 Galeni
179 931 213 964 in
236 931 298 964 hae
321 929 463 966 editione
482 930 616 966 exstant.
669 929 814 965 Molesta
834 929 896 970 est,
925 927 1012 977 quod
1035 929 1108 963 libri
1133 931 1165 963 in
1181 931 1285 977 capita
1305 926 1400 963 diuifi
1423 941 1492 963 non
1511 926 1605 972 sunt,
1629 938 1659 964 et
1673 926 1764 978 quod

42 978 202 1016 foliorum
228 983 357 1016 numeri
377 984 411 1015 in
433 980 567 1031 singulis
588 981 733 1029 partibus
756 983 850 1015 toties
871 982 1038 1028 incipiunt.
1090 980 1181 1025 Qae
1202 983 1300 1015 etiam
1316 977 1421 1014 cauffa
1437 979 1498 1022 est,
1525 992 1583 1015 cur
1599 979 1767 1028 exempla-

43 1034 106 1074 ria,
135 1045 204 1068 non
223 1043 340 1067 omnes
365 1032 481 1069 Galeni
508 1033 608 1068 libros
633 1033 852 1074 continentia,
877 1029 1020 1079 ideoque
1041 1044 1178 1069 manca,
1211 1033 1243 1066 in
1265 1030 1468 1066 bibliothecis
1490 1030 1646 1079 prostent.
1698 1033 1766 1067 Cui

43 1093 156 1119 tamen
180 1083 402 1120 incommodo
429 1082 576 1120 subuenit
606 1094 636 1119 et
664 1083 836 1132 registrum
867 1086 901 1117 in
925 1082 1064 1130 singulas
1093 1095 1233 1131 operum
1253 1082 1370 1117 Galeni
1392 1094 1516 1130 partes,
1556 1096 1575 1117 a
1595 1085 1703 1132 prima
1724 1081 1766 1117 ad

43 1136 213 1184 quintam,
239 1134 330 1184 quod
353 1134 453 1171 exstat
474 1139 507 1171 in
528 1137 689 1184 principio
714 1138 813 1184 partis
832 1137 981 1181 quintae,
1006 1143 1036 1168 et
1056 1132 1152 1169 index
1179 1133 1360 1178 librorum,
1388 1136 1441 1181 qui
1469 1137 1502 1167 in
1524 1132 1650 1182 fingula
1673 1143 1767 1182 parte

44 1189 273 1230 continentur,
300 1189 416 1234 cuique
437 1190 519 1233 parti
543 1186 715 1235 praefixus.
773 1185 883 1221 Multa
905 1184 945 1220 de
968 1197 1090 1234 opera,
1127 1197 1227 1233 quam
1250 1188 1284 1219 in
1304 1186 1364 1219 hac
1384 1184 1528 1220 editione
1548 1183 1689 1233 paranda
1711 1184 1768 1219 ad-

44 1238 200 1278 hibuerit,
223 1238 383 1286 gloriatur
401 1238 553 1272 Andreas
569 1238 754 1285 Asulanus,
779 1238 813 1271 in
831 1234 1035 1285 praefatione
1054 1234 1252 1271 dedicatoria
1266 1246 1346 1284 part.
1361 1237 1384 1270 1.
1412 1234 1452 1270 ad
1468 1235 1678 1271 Clementem
1693 1237 1773 1271 vm

43 1287 76 1324 se
100 1287 276 1324 incredibili
299 1288 405 1324 studio
427 1302 543 1325 omnes
563 1288 695 1325 codices
721 1288 855 1330 Galeni,
883 1296 1048 1336 quotquot
1070 1289 1104 1321 in
1124 1287 1214 1322 Italia
1235 1297 1265 1323 et
1282 1285 1349 1335 ipsa
1369 1288 1503 1322 Graecia
1523 1286 1700 1335 potuissent
1720 1300 1770 1322 re-

45 1342 164 1390 periri,
190 1338 438 1388 conquifiuisse3
466 1337 660 1390 suppleuiss'e
680 1338 861 1387 multiplici
881 1339 1016 1379 labore,
1043 1351 1124 1387 quae
1150 1340 1184 1372 in
1206 1338 1342 1386 singulis
1365 1338 1483 1373 Galerii
1505 1339 1592 1374 libris
1613 1337 1770 1374 defidera·

46 1402 179 1436 rentur3
206 1390 360 1440 redegisse
384 1394 416 1426 in
437 1391 658 1429 commodum
687 1389 841 1426 ordinem
863 1391 964 1426 libros
988 1389 1133 1438 fingulos
1157 1390 1292 1430 Galeni,
1322 1387 1448 1439 effeque
1470 1387 1563 1425 vsum
1585 1393 1619 1425 in
1641 1392 1705 1426 hoc
1725 1390 1771 1425 la-

46 1445 128 1480 bore
149 1442 270 1479 iudicio
292 1455 456 1493 operaque
480 1446 526 1481 10.
545 1445 637 1491 Bapt.
658 1444 837 1492 Opizonis,
864 1440 1045 1490 PapienIiS,
1073 1444 1127 1490 qui
1148 1455 1222 1477 eum
1246 1440 1285 1476 ad
1305 1439 1548 1490 suscipiendum
1563 1443 1626 1476 hoc
1646 1453 1769 1478 munus

47 1496 198 1545 apprime
220 1492 326 1530 suerat
345 1497 502 1531 hortatus.
556 1495 700 1531 Alteram
725 1504 850 1542 partem
877 1505 1018 1542 operum
1042 1493 1158 1528 Galeni
1182 1492 1346 1528 dedicauit
1369 1491 1527 1529 Asulanus
1544 1493 1678 1529 Alberto
1698 1495 1771 1532 Pio,

48 1549 236 1595 Carporum
257 1549 416 1595 principi:
443 1550 570 1583 tertiam
584 1550 631 1582 10.
646 1548 818 1582 Matthaeo
835 1547 972 1581 Giberto
983 1573 993 1587 ,
1020 1542 1175 1594 episcopo
1192 1544 1374 1580 Veronenfi
1385 1572 1394 1587 ‚
1422 1545 1601 1584 Clementis
1617 1547 1687 1593 ΥΠ.
1705 1545 1772 1579 Da-

48 1601 150 1634 tario:
187 1608 334 1646 quartam
358 1600 496 1635 Hieron.
513 1597 700 1637 Aleandro,
732 1597 862 1633 antistiti
884 1595 1109 1632 Brundusino:
1142 1599 1291 1646 quintam
1313 1600 1359 1632 10.
1377 1598 1465 1644 Bapt.
1482 1598 1647 1645 Opizoni,
1674 1598 1772 1631 Patri-

49 1652 102 1685 cio
121 1649 264 1699 Papienfi
280 1659 311 1685 et
329 1649 471 1686 medico.
524 1653 624 1686 Hunc
639 1647 801 1685 Asulanus
822 1647 1035 1697 summopere
1054 1646 1182 1689 laudat,
1211 1649 1253 1683 ob
1274 1661 1410 1697 operam
1429 1647 1557 1683 Galeno
1579 1645 1772 1696 impensam.

50 1703 93 1737 In
114 1713 148 1737 eo
170 1699 374 1747 restituendo,
406 1699 512 1737 scribit
534 1701 574 1737 ad
599 1715 695 1744 eum,
726 1707 850 1737 tantum
876 1702 934 1735 tibi
954 1701 1073 1736 laboris
1094 1713 1129 1735 ac
1153 1701 1341 1749 vigiliarum
1366 1699 1540 1747 impensum
1568 1698 1626 1746 est,
1659 1701 1707 1734 vti
1725 1711 1772 1733 me

41 1752 138 1801 stupe
159 1752 336 1800 desperatio
358 1756 458 1799 coepti
471 1754 602 1801 subiret
627 1754 740 1799 operis.
792 1754 841 1787 Ea
861 1750 963 1788 editio
986 1750 1123 1792 Aldina,
1148 1754 1182 1786 in
1205 1765 1287 1800 qua,
1321 1764 1404 1799 quae
1427 1751 1466 1786 ad
1489 1761 1662 1786 externum
1689 1753 1774 1785 nito-

51 1817 125 1840 rem
144 1801 305 1853 spediant,
331 1817 402 1840 non
424 1802 514 1851 sunt,
544 1818 626 1853 quae
645 1803 744 1853 posfis
764 1802 963 1846 defiderare,
998 1805 1145 1838 continet
1168 1816 1270 1852 opera
1293 1803 1407 1839 Galeni
1431 1805 1563 1844 omnia,
1590 1804 1700 1849 paucis
1720 1813 1774 1836 ex-

52 1857 172 1902 ceptis,
205 1868 289 1904 quae
312 1858 498 1891 Charterius
523 1854 598 1891 suae
619 1856 757 1891 editioni
780 1868 820 1891 ex
843 1856 940 1890 MSS.
967 1854 1179 1889 bibliothecae
1200 1856 1309 1902 regiae
1327 1852 1488 1889 Parifinae
1509 1852 1642 1888 addidit.
1705 1851 1774 1888 Etsl

55 1903 225 1942 summum
240 1905 382 1941 studium
396 1910 430 1941 in
445 1906 644 1942 restituendis
658 1907 781 1942 lacunis
800 1910 834 1941 in
850 1905 967 1942 Galeni
983 1905 1072 1940 libris
1089 1904 1319 1952 impenderunt
1334 1907 1442 1953 Opizo
1457 1914 1488 1940 et
1503 1901 1680 1946 Asulanus,
1707 1903 1775 1939 col-

56 1956 129 1993 latis
152 1956 298 2006 pluribus
318 1955 545 2005 manuscriptis
568 1958 825 2003 exemplaribus,
851 1966 963 1991 tamen
980 1956 1100 1991 multas
1119 1955 1225 1990 adhuc
1241 1955 1374 1991 lacunas
1397 1966 1500 1991 textus
1513 1956 1651 1991 Aldinus
1668 1956 1776 1998 habet,

56 2020 195 2058 quarum
223 2021 380 2057 magnam
405 2019 530 2056 partem
554 2009 698 2057 expleuit
722 2010 806 2044 Ren.
820 2010 1010 2044 Charterius
1034 2021 1073 2043 ex
1100 2009 1198 2043 MSS.
1217 2009 1315 2056 regiis
1334 2005 1494 2050 Parifinis,
1515 2021 1554 2043 ex
1570 2017 1659 2055 parte
1676 2009 1776 2042 etiam

56 2058 269 2109 expleuerant
291 2063 358 2095 iam
380 2072 473 2096 antea
493 2060 632 2096 editores
655 2059 860 2108 singulorum
883 2072 1032 2107 operum.
1085 2060 1176 2094 Hinc
1200 2058 1256 2094 etii
1273 2071 1343 2095 non
1361 2061 1477 2095 omnia
1492 2055 1677 2108 praestitiise
1696 2060 1776 2106 Opi-

56 2124 178 2148 zonem
200 2120 231 2147 et
255 2109 431 2147 Asulanum
456 2114 490 2146 in
513 2113 573 2146 hac
597 2112 739 2147 editione
761 2110 960 2159 perficienda
982 2109 1234 2146 existimandum
1256 2110 1318 2154 est,
1345 2123 1402 2145 eos
1425 2121 1535 2146 tamen
1555 2111 1659 2146 multa
1679 2120 1777 2158 atque

84 2164 223 2200 raeclara
239 2161 424 2212 praestitisse
441 2174 568 2199 certum
585 2163 647 2204 est,
673 2175 812 2211 eosque,
841 2164 899 2211 qui
917 2164 1002 2197 hanc
1018 2160 1197 2197 editionem
1216 2175 1286 2197 non
1301 2159 1374 2198 satis
1387 2161 1612 2204 emendatam,
1643 2173 1673 2196 et
1690 2164 1775 2196 vitiis

58 2175 259 2252 {abeuntem
282 2216 471 2263 perhibent,
506 2229 576 2250 non
599 2214 732 2264 quidem
753 2227 877 2257 errare,
911 2215 1010 2249 nimis
1034 2224 1145 2249 tamen
1168 2215 1280 2249 acerba
1301 2213 1434 2250 censura
1459 2225 1573 2250 notare
1602 2225 1775 2260 vtrumque

60 2266 149 2302 hunc
169 2267 294 2309 virum,
317 2265 420 2315 longe
439 2264 660 2302 ineritiffimos
679 2266 719 2301 de
738 2265 880 2309 Galeno,
909 2278 946 2300 ac
963 2263 1030 2301 sine
1050 2278 1194 2314 quorum
1216 2278 1317 2314 opera
1335 2265 1472 2302 dubium
1485 2264 1591 2308 foret,
1619 2266 1699 2314 quin
1714 2266 1776 2307 6ᾱ-Α

61 2316 130 2353 leui
146 2327 247 2353 textus
264 2318 336 2354 talis
353 2318 454 2354 hodie
474 2318 640 2360 existeret,
668 2318 769 2367 qualis
793 2316 902 2352 exstat.

0 2391 2 2453 ἑ,
162 2378 299 2420 raam?
322 2374 484 2416 ἅπαντα.
537 2378 654 2413 Galem·
679 2380 882 2426 Pergameni,
905 2377 1027 2423 summi
1043 2376 1171 2424 semper
1195 2377 1279 2419 viri,
1306 2379 1418 2423 quique
1434 2377 1562 2421 primus
1587 2382 1686 2410 artrm
1711 2387 1779 2411 me-

0 2461 2 2477 >
64 2424 190 2464 dicinae
209 2427 410 2473 vniuersam,
437 2428 520 2479 apud
535 2433 663 2477 priores
681 2430 817 2466 homines
838 2430 998 2479 obscuram
1021 2435 1052 2462 et
1073 2429 1172 2464 veluti
1192 2435 1350 2465 errantem
1365 2430 1396 2463 in
1405 2428 1606 2475 perspicuam
1622 2430 1780 2475 quandam

112 2485 178 2519 Vct.
191 2487 231 2520 V.
944 2482 974 2516 0
985 2492 1005 2516 0
1015 2492 1035 2516 0
1751 2484 1783 2515 et

1120 2542 1144 2554 «fl
