2049 2720
663 164 928 201 PLVTARCHI
961 165 1209 202 EDITIONES
1314 167 1386 203 Lib.
1399 168 1470 205 IV.
1483 181 1506 204 c.
1520 168 1634 205 XIII.
1736 181 1786 215 215

61 262 204 314 sophicis
228 257 354 313 sequor'
370 260 542 304 ordinem,
570 259 857 310 quemFabricius⁴
872 263 907 296 in
932 261 1039 308 §.1V.
1066 263 1185 303 tenuit,
1208 270 1239 297 et
1261 263 1316 310 qui
1337 261 1380 297 est
1402 265 1436 298 in
1456 263 1557 299 altero
1579 272 1674 299 tomo
1692 264 1780 313 Opp.

59 317 223 352 Plutarch.

165 383 208 419 V
204 382 320 417 alerius
336 382 517 417 Maximus.
570 378 734 427 Exempla
757 389 900 428 quatuor
923 389 954 416 et
980 381 1093 429 viginti
1113 392 1217 428 nuper
1238 383 1370 417 inuenta
1393 390 1466 416 ante
1491 391 1590 430 caput
1604 380 1643 416 de
1659 384 1776 416 omini-

58 435 127 471 bus.
181 433 349 469 Plutarchi
372 432 547 480 parallela,
581 430 688 466 addita
715 442 851 480 propter
882 434 1037 468 materiae
1064 430 1330 467 similitudinem:
1372 446 1450 468 cum
1479 432 1613 481 epistola
1639 432 1775 467 Antonii

57 486 231 528 Iti-uncini,
259 483 471 519 Varchienfis.
512 482 655 518 Florem.
687 482 771 531 apud
793 485 876 517 lunt.
903 495 980 528 1517.
997 491 1026 524 8.
1056 494 1086 519 et
1109 487 1191 528 1526.
1217 492 1247 525 8.
1270 503 1320 510 —
1351 484 1491 519 Veneriis
1515 497 1574 532 per
1595 484 1775 519 Melchior.

58 535 180 573 Sefl'ain
201 544 232 572 et
253 539 383 571 Petrum
406 534 447 570 de
467 536 619 570 Ravanis.
647 547 724 578 ¹523·
744 542 773 575 8.
800 533 865 569 vid.
883 534 1019 570 Bam-lini
1036 535 1154 571 Annal.
1178 546 1308 583 typogr.
1327 537 1514 574 Iuniarum,
1541 545 1624 583 part.
1641 536 1681 570 11.
1699 548 1775 583 pag.

58 600 116 632 124
131 585 177 636 sq.
206 607 257 614 —
287 586 421 622 Catonis
443 595 475 621 et
492 586 663 620 Phocionis
683 587 764 628 vira,
791 584 846 621 lat.
871 599 930 634 per
950 587 1133 627 Nunnium,
1169 588 1296 622 Louan.
1319 599 1359 621 ex
1381 586 1514 622 officina
1536 589 1637 635 Rutg.
1659 584 1775 623 Rescii.

56 650 145 685 1540.
171 659 221 666 —
248 638 348 674 Cicer.
371 640 454 679 vita,
477 635 533 672 lat.
557 650 616 685 per
633 637 733 673 Leon.
749 637 933 674 Aretinum.
963 638 1087 674 Colon.
1109 641 1194 683 1506.
1210 650 1240 682 4.

157 707 209 741 Ex
231 705 400 741 Plutarchi
416 704 585 751 parallelis
593 717 606 744 ,·
640 703 783 753 Agesilai
806 713 838 741 et
860 705 1011 755 Pompeii
1037 708 1111 742 vita.
1140 718 1266 754 graece.
1294 705 1382 756 apud
1407 708 1530 743 Anton.
1547 702 1775 753 Augercllum,

55 755 112 794 sub
133 756 228 807 figno
249 758 291 793 D.
310 759 370 793 lae.
399 754 495 792 Paris.
515 767 603 802 1544.
623 763 653 797 8.

160 824 350 866 Plutarchi,
377 822 608 859 Demosthenis
624 833 655 859 et
671 824 839 860 Ciceronis
862 826 945 860 vitae
966 823 1158 873 parallelae,
1185 837 1274 860 nunc
1292 828 1439 873 primum
1467 821 1637 873 separatim
1661 822 1774 858 editae.

55 879 181 914 Graeca
196 874 373 917 recensuit,
399 875 496 910 latine
515 874 674 916 reddidit,
699 878 786 911 notis
805 875 974 911 illustrauit
993 876 1130 923 Philipp.
1151 877 1296 916 Barim,
1323 880 1360 912 A.
1376 879 1410 912 B.
1438 878 1582 918 Oxonii‚
1608 889 1626 910 e
1641 885 1773 924 typogr.

56 926 332 964 Clarendoniano.
360 939 448 971 1744.
466 933 498 967 8.
525 926 609 962 Bafis
625 927 668 962 est
688 926 760 963 edit.
781 925 933 962 Francos.
952 942 980 963 a.
1000 940 1092 973 1599·
1122 925 1174 962 sed
1196 930 1387 964 auctoritate
1409 929 1461 964 vel
1478 927 1607 963 editoris
1628 927 1773 966 alicuius,

56 981 110 1026 vel
133 983 207 1014 msti
231 978 356 1014 Bodlei.
380 978 432 1013 vel
454 980 618 1013 variarum
637 978 842 1019 lectionum,
869 992 965 1027 quas,
987 992 1004 1013 e
1029 979 1154 1013 duobus
1171 982 1276 1013 msstis
1293 977 1473 1018 desumtas‚
1495 980 1647 1013 exhibent
1664 990 1775 1013 exem·

53 1031 159 1081 plaria
183 1027 354 1078 impressa,
395 1031 472 1065 hine
491 1029 565 1064 inde
589 1031 746 1064 correcta.
797 1028 881 1064 Vide
906 1028 946 1064 de
969 1028 1070 1064 nitida
1091 1030 1153 1063 hac
1174 1029 1316 1064 editione
1339 1026 1427 1064 nou'a
1449 1031 1519 1066 adia
1540 1028 1656 1064 erudit.
1689 1024 1775 1076 Lips.

54 1094 142 1129 1752.
167 1094 242 1131 pag.
258 1093 319 1126 531.
375 1082 537 1129 Imagines
557 1079 789 1116 Demosthenis
811 1090 842 1115 et
865 1082 1052 1124 Ciceronis,
1080 1092 1120 1114 ex
1143 1082 1327 1129 archetypis
1350 1081 1505 1116 Richardi
1519 1079 1619 1117 Mead
1642 1082 1707 1114 aeri
1727 1082 1775 1114 in-

56 1133 160 1176 cisae,
184 1132 225 1168 de
246 1134 360 1181 quibus
381 1133 504 1167 multus
525 1132 569 1166 est
583 1134 702 1166 Barton
721 1134 757 1166 in
780 1130 883 1179 praef.
901 1145 973 1179 pag.
993 1133 1050 1164 XII
1069 1129 1135 1179 sqq.
1162 1129 1274 1166 absunt
1290 1146 1309 1166 a
1323 1146 1401 1167 meo
1417 1131 1587 1179 exemplo.
1640 1133 1773 1166 Bartoni

55 1194 155 1222 notae
175 1182 303 1220 recusae
325 1182 396 1218 sunt
419 1185 453 1217 in
477 1183 650 1217 Plutarcho
672 1183 865 1224 Reiskimm,
892 1183 958 1217 vol.
975 1183 1043 1217 1111.
1070 1192 1101 1216 et
1121 1192 1291 1230 excerptae
1315 1185 1348 1217 in
1375 1183 1449 1219 edit.
1470 1185 1606 1218 Hutten.
1631 1203 1682 1210 —-
1722 1184 1774 1217 De

56 1237 225 1273 Plutarchi
244 1248 281 1269 ac
295 1236 410 1280 Rapin.
432 1246 580 1282 compar.
604 1232 835 1269 Demosthenis
857 1243 889 1268 et
910 1235 1080 1268 Ciceronis
1102 1245 1129 1267 v.
1145 1234 1266 1268 Baillet
1288 1235 1415 1282 Iugem.
1441 1231 1495 1269 des
1518 1236 1608 1269 Scav.
1633 1243 1716 1268 tom.
1733 1233 1773 1267 11.

54 1301 129 1338 pag.
149 1300 188 1324 11.
204 1299 247 1323 12.
272 1298 310 1321 ac
325 1287 470 1333 Menagii
483 1283 578 1321 iudic.
595 1294 676 1320 torn.
693 1285 782 1318 vm.
804 1297 880 1333 pag.
895 1296 956 1329 297
973 1281 1040 1333 sqq.
1056 1296 1133 1328 300.
1157 1283 1231 1320 edit.
1254 1287 1288 1318 in
1308 1296 1338 1328 4.

155 1356 230 1389 Vita
243 1354 390 1405 Numae,
416 1366 464 1401 gr.
482 1366 500 1388 e
513 1353 686 1388 Plutarcho
708 1349 843 1388 seorfim
863 1354 898 1388 in
916 1349 1009 1387 vsurn
1026 1348 1180 1387 auditorii
1191 1349 1237 1387 sui
1253 1349 1411 1388 recensuit
1426 1353 1468 1391 D.
1489 1351 1589 1389 Wlh.
1604 1350 1678 1387 Chr.
1697 1349 1775 1398 Iusl.

56 1406 268 1455 Chrfflnder.
295 1404 432 1442 Rintelii
453 1417 534 1451 1753.
553 1412 585 1445 8.

157 1475 254 1508 Vitae
270 1471 444 1520 parallelae
466 1471 675 1518 Themistoclis
693 1481 724 1507 et
744 1472 892 1512 Camilli‚·
922 1472 1105 1508 Alexandri
1120 1480 1151 1506 et
1166 1471 1310 1518 Caefizris
1322 1474 1356 1507 in
1371 1469 1462 1507 vsum
1478 1473 1672 1514 iuuentutis,
1694 1469 1776 1505 indi-

55 1539 94 1562 ce
110 1522 244 1576 copioso
262 1523 436 1559 illustratae
453 1537 471 1558 a
487 1524 614 1558 Ludou.
630 1524 769 1569 Adolplz.
781 1525 964 1564 Rammium
992 1537 1041 1571 gr.
1062 1536 1138 1559 cum
1153 1521 1259 1557 indice
1274 1536 1404 1571 graeco.
1422 1544 1472 1550 —-
1488 1523 1543 1558 lat.
1570 1522 1674 1557 Halae
1691 1525 1776 1566 1761.

56 1590 101 1613 12.
125 1597 175 1605 —
202 1574 364 1618 Eaedem,
399 1573 439 1610 ad
465 1577 606 1623 optimas
631 1574 719 1611 editt.
741 1574 922 1623 expressae,
961 1573 1153 1624 selectisque
1181 1577 1349 1610 variorum
1375 1578 1460 1611 notis
1492 1573 1675 1611 illustratae.
1736 1574 1775 1608 In

55 1627 150 1666 vsum
175 1631 331 1663 iuuenum
354 1636 412 1665 etc.
433 1629 558 1662 curauit
575 1628 616 1663 K.
630 1627 678 1661 H.
696 1628 864 1668 Ioerdem,
892 1628 1033 1663 Berolin.
1058 1632 1146 1672 1788.
1169 1628 1245 1662 mai.
1262 1633 1295 1667 8.

158 1696 331 1732 Plutarchi
353 1695 486 1741 Thifius
507 1704 538 1730 et
555 1695 729 1738 Romulus,
754 1695 928 1744 Lycurgus
943 1704 973 1730 et
995 1695 1102 1730 Numa
1122 1695 1308 1739 Pompilius.
1334 1691 1508 1735 recensuit,
1534 1692 1709 1741 explicauit
1728 1695 1775 1727 in·

56 1747 245 1797 dicibusque
270 1744 451 1782 necessariis
483 1746 628 1782 instruxit
655 1747 740 1781 Eru.
760 1748 867 1782 Henr.
887 1748 1012 1794 Georg.
1032 1746 1185 1793 Leopold.
1221 1758 1345 1793 graece.
1383 1744 1508 1794 Lipsiae
1533 1752 1623 1790 1789.
1649 1747 1725 1780 mai.
1746 1750 1775 1783 8.

54 1800 111 1838 ‘Est
131 1813 220 1835 noua
241 1797 496 1848 quodammodo
517 1795 661 1833 recenfio
684 1807 715 1833 et
738 1797 864 1833 erudita
887 1797 1007 1839 editio,
1043 1797 1194 1833 adhibitis
1216 1796 1406 1832 melioribus
1427 1795 1620 1832 editionibus
1641 1796 1776 1843 aliisque

55 1849 221 1896 subsidiis3
256 1861 356 1885 notae
376 1852 505 1884 criticae
525 1847 598 1885 sunt
618 1849 779 1886 scinu-stae
802 1850 841 1885 ab
865 1849 1027 1885 historicis
1049 1862 1086 1885 ac
1107 1850 1343 1898 grammaticis.
1394 1849 1466 1884 Pari
1488 1849 1637 1889 ratione,
1667 1845 1774 1881 fludio

0 1933 1 1967 ἦ
56 1900 291 1950 diligentiaque
314 1902 354 1936 ab
371 1900 493 1937 eodem
514 1903 585 1936 viro
605 1900 706 1937 dodo
730 1899 806 1936 editi
825 1899 911 1941 sunt,

159 1967 331 2003 Plutarchi
355 1968 506 2005 Marius,
539 1967 649 2005 Sulla,
682 1968 861 2010 Lucullus,
889 1976 920 2003 et
941 1969 1113 2002 Sertorius.
1146 1979 1209 2002 rec.
1227 1965 1410 2016 'explicauit
1428 1963 1647 2013 chronologia
1668 1973 1777 1999 rerum

55 2020 239 2059 memorab.
265 2017 488 2068 iudicibusque
514 2038 565 2045 --
590 2016 741 2053 instruxit
765 2019 807 2054 E.
823 2019 870 2053 H.
887 2017 931 2055 G.
946 2018 1097 2065 Leopold.
1124 2030 1251 2066 graece.
1277 2016 1351 2052 ibid.
1378 2029 1462 2063 1795.
1488 2020 1563 2053 mai.
1581 2023 1610 2056 8.

162 2086 336 2122 Plutarchi
361 2085 585 2132 Demosthenes
612 2096 643 2120 et
678 2086 786 2122 Cicero
825 2104 876 2112 —-
915 2097 992 2121 cum
1020 2083 1177 2121 adnotatt.
1206 2087 1374 2121 variorum
1401 2084 1590 2134 adierstaque
1622 2081 1771 2118 lectionis

28 2160 41 2168 κ
57 2137 239 2176 diuersitate
262 2146 293 2173 et
313 2136 472 2173 indicibus
496 2134 673 2172 necessariis
690 2139 741 2173 lo.
764 2136 823 2172 Ge.
842 2137 982 2172 Hutten.
1008 2136 1186 2185 Tubingae
1203 2148 1290 2183 1795.
1309 2144 1341 2178 8.

157 2205 267 2252 Opera
280 2203 487 2250 philofiophici
502 2206 686 2253 argumenti
702 2202 752 2254 W)
768 2200 948 2242 secundum
971 2202 1124 2241 ordinem
1143 2212 1176 2239 et
1196 2215 1354 2241 numeros
1373 2200 1487 2254 supra,
1510 2202 1543 2251 §.
1558 2203 1615 2238 lv.
1632 2210 1774 2238 memor.

57 2254 227 2306 separatim
250 2254 463 2305 prodierunt:

1631 2305 1695 2351 50)
1718 2302 1771 2336 De

77 2405 84 2411 ·
97 2362 165 2404 yy}
180 2363 326 2404 Opuscula
351 2365 386 2396 de
407 2366 573 2397 discrimine
587 2366 746 2398 adulatoris
768 2374 798 2400 et
817 2368 890 2399 ami·
941 2366 1059 2410 Iosophi
1080 2367 1344 2408 disputationibus3
1366 2372 1463 2396 vti-um
1479 2366 1628 2403 grauiores
1643 2363 1696 2391 sint
1710 2361 1772 2390 ani·

4 2430 5 2434 ,
59 2415 103 2437 τις
132 2404 167 2434 de
188 2405 312 2437 vtilitate
333 2410 472 2450 capienda
493 2411 528 2439 ab
552 2412 695 2443 inimicia
725 2411 762 2440 de
781 2412 891 2442 tuenda
943 2413 985 2440 mi
999 2410 1115 2446 morbi,
1137 2420 1225 2450 quam
1244 2411 1390 2450 corporis:
1413 2419 1448 2438 an
1463 2409 1535 2437 bene
1549 2407 1635 2436 lateat
1650 2406 1770 2434 viuens;

4 2455 5 2466 ³
58 2447 137 2478 bona
156 2446 338 2486 valetudine3
360 2452 395 2482 de
411 2452 543 2485 dontina
560 2455 726 2496 principum
734 2465 743 2488 ς
765 2453 801 2484 de
823 2455 891 2496 phi-
944 2453 979 2484 de
994 2452 1145 2494 cupiditat.
1168 2451 1358 2492 diuitiarum,
1378 2450 1428 2484 lat.
1444 2452 1602 2493 interprete
1617 2445 1771 2487 Desiderio

1628 2489 1773 2531 Erfisfflq·
