2049 2720
581 67 779 104 LEXICON
805 67 943 102 HENR.
970 67 1213 106 STEPHANI.
1424 70 1556 109 Libst.
1580 73 1696 110 c.XL.
1746 78 1813 122 665

151 163 154 164 ⁷
204 165 247 201 11.
272 162 521 209 Exmplaribus
541 164 732 209 utrisque
751 161 911 210 (quorum
933 163 967 196 in
989 163 1143 199 citatione
1167 160 1218 205 id,
1250 160 1338 213 quod
1362 164 1576 213 impressionis
1598 172 1673 203 anni
1699 182 1813 210 notam

99 213 261 266 praefert,
291 217 358 250 Lit.
376 216 418 250 A.
446 213 535 262 quod
558 224 667 250 autem
691 223 772 249 nota
793 212 849 247 illa
865 211 1062 255 destituitur,
1090 214 1158 250 Lit.
1173 215 1217 250 B.
1236 214 1443 263 infignietur)
1470 218 1603 253 oculis
1616 220 1809 266 subigffit

99 275 195 315 atque
215 268 389 313 interse
409 266 591 302 collatis.
641 265 819 307 ‚Exhibebo
844 266 940 312 igitur
961 266 1477 314 diuersitatisspccimina
1496 281 1564 304 non
1586 283 1668 320 quae
1682 272 1809 322 possem

98 322 232 361 omnia,
263 316 316 352 sed
342 318 500 352 breuitatis
523 314 700 360 studiosus,
735 329 774 359 ex
794 313 929 364 lingulis
952 318 1075 352 Tomis
1096 315 1314 354 solummodo
1337 318 1494 368 quaedam
1520 322 1656 370 instgnia
1678 335 1709 359 et
1729 328 1811 363 eius.

96 370 208 412 modi,
230 372 345 416 quibus
369 371 494 404 omnino
514 368 636 414 diuetfiz
657 375 751 415 atquc
770 368 924 414 dffmilia
945 367 1000 415 effe
1023 369 1116 402 huius
1149 369 1305 415 Thesauri
1333 373 1455 419 integra
1477 373 1685 421 Exemplaria
1710 384 1739 412 et
1758 391 1810 414 an·

95 433 209 457 norum
223 421 392 455 imm-uallo
406 422 491 467 typis
506 421 607 455 denuo
622 421 793 469 compqfitis
806 433 821 455 e
830 419 924 466 prelo
935 419 1088 468 prodiffl
1104 422 1255 468 quandam
1269 435 1376 458 eorum
1385 430 1531 470 partem,
1560 437 1651 463 extra
1668 441 1808 469 omnem

97 473 306 508 dubitationis
326 473 431 507 aleam
451 483 605 519 ponetur.
1109 482 1146 513 ο

143 551 176 596 a)
202 549 253 584 Li
261 554 373 583 ierac
394 549 577 584 unciales
598 547 665 583 fiue
685 547 877 596 grandiores
898 548 1076 591 Romanae,
1101 550 1136 584 in
1159 548 1328 585 interstitio
1351 548 1553 600 lingularum
1574 554 1805 599 columnarum

194 599 236 636 ad
257 599 331 635 loca
350 600 529 636 commode
551 598 679 635 citanda
700 611 732 635 et
754 604 847 635 citata
866 598 993 635 facilius
1021 603 1179 649 citiusque
1201 601 1396 637 inuenienda
1417 602 1560 651 politae,
1586 608 1631 650 (A
1657 609 1690 643 Β.
1709 612 1804 649 QD,

194 653 232 688 E.
249 653 282 686 F.
298 652 337 685 G.
355 652 414 695 H.)
439 655 472 687 in
493 651 742 700 Exemplaribus
767 652 806 686 A
817 658 847 686 et
860 652 894 686 B
915 664 979 686 non
1002 653 1106 686 vbiuis
1127 653 1224 686 eidem
1249 653 1353 699 versui
1362 653 1397 700 s.
1416 655 1514 689 lineae
1535 657 1723 703 adhaerent,
1752 660 1807 699 sed

195 701 394 751 quandoque
415 705 450 737 in
470 700 509 737 A
529 701 701 745 altiorem,
745 705 778 737 in
801 703 833 736 B
855 700 1046 739 inferiorem
1073 703 1189 739 locum
1211 714 1393 752 occupant:
1428 715 1617 755 tamquam,
1651 712 1756 751 Tom.
1780 717 1805 753 Ῑ,

191 752 256 790 col.
269 764 318 798 37.
334 760 382 795 38.
410 755 470 790 Lit.
488 755 529 790 G.
552 751 592 788 ad
616 767 734 789 vocem
758 751 1045 799 ’ΛΓΚΥΛΟΣ;
1071 765 1156 790 tom.
1172 757 1212 792 ΙΙ.
1233 755 1297 791 eol.
1312 767 1354 798 31.
1371 767 1417 799 32.
1441 758 1476 795 it.
1490 757 1552 793 col.
1571 771 1633 804 155.
1653 763 1697 797 H.
1716 763 1807 802 litera

187 805 359 842 interstitio
376 805 609 841 columnarum
633 808 667 840 in
682 804 720 839 A
733 804 772 840 ad
790 805 931 848 sextam,
958 807 993 841 in
1010 807 1041 840 B
1060 816 1175 842 contra
1198 819 1236 842 ea
1258 806 1298 842 ad
1323 810 1469 856 quintam
1490 808 1611 846 lineam
1635 823 1709 849 ante
1727 816 1807 852 fina-

189 856 256 892 lem
280 856 461 905 comparet.
512 855 624 900 Idem,
652 870 753 905 quum
771 870 868 905 quam
883 855 1139 905 frequentissime
1155 867 1186 893 et
1203 860 1236 892 in
1253 860 1404 895 omnibus
1418 860 1549 909 reliquis
1565 863 1688 901 Tomis
1703 869 1807 906 oculis

190 905 394 949 subiiciatur,
427 921 498 944 non
523 908 586 951 est,
618 917 652 944 vt
673 905 808 944 afferam
827 908 922 958 plura
942 908 1106 944 eiusmodi
1126 907 1314 959 specimina.

137 984 174 1032 b)
202 984 333 1033 Versus
355 982 377 1020 s.
392 984 498 1021 lineae
518 984 752 1021 Columnarum
779 983 887 1022 modo
909 988 1080 1021 continent
1103 998 1244 1022 numero
1268 985 1394 1035 plures,
1426 987 1533 1025 modo
1555 994 1727 1039 pauciores
1746 999 1806 1033 vm

187 1051 239 1074 ces
258 1039 292 1073 in
315 1037 363 1081 A,
390 1049 489 1086 quam
511 1039 546 1072 in
571 1038 615 1072 B.
641 1047 673 1072 et
690 1050 718 1072 v.
735 1051 764 1073 v.
817 1039 996 1088 Tanquam
1012 1048 1094 1074 tom.
1113 1041 1138 1074 Ι.
1153 1037 1217 1073 col.
1232 1044 1309 1084 489.
1327 1041 1362 1074 in
1379 1037 1470 1080 εἰπὲ,
1497 1040 1537 1076 A
1544 1042 1604 1078 lin.
1617 1056 1642 1080 1.
1658 1058 1754 1083 voces
1770 1050 1804 1086 6.

187 1090 224 1126 B
240 1098 349 1125 autem
366 1101 397 1132 7.
418 1090 476 1125 lin.
493 1100 522 1123 2.
546 1088 584 1124 A
595 1101 693 1124 voces
707 1101 766 1131 123
793 1089 827 1123 B
843 1099 967 1124 tantum
986 1101 1027 1125 11.
1054 1089 1294 1137 complediitur.
1341 1091 1449 1129 Tom.
1463 1092 1503 1127 Π.
1523 1093 1591 1130 col.
1613 1106 1656 1139 31.
1679 1096 1738 1135 lin.
1759 1111 1803 1144 ις.

188 1141 229 1177 A
242 1153 337 1176 voces
357 1147 389 1182 8.
412 1150 444 1176 et
467 1143 500 1174 in
523 1140 591 1176 fine
610 1137 719 1176 versus
738 1142 829 1175 vocis
857 1138 979 1176 diuisae
1010 1142 1092 1176 duas
1117 1138 1258 1185 syllabas
1287 1143 1413 1190 priores
1435 1143 1515 1179 Calo
1530 1164 1580 1172 —
1598 1161 1609 1191 3
1640 1148 1676 1182 B
1694 1160 1805 1186 autem

187 1205 286 1229 voces
304 1201 344 1234 8,
377 1201 408 1228 et
430 1203 524 1226 vnam
549 1191 705 1240 abruptae
724 1193 761 1227 in
780 1189 887 1227 versus
910 1193 977 1229 fine
997 1194 1087 1227 vocis
1107 1189 1267 1237 syllabam
1287 1194 1436 1243 priorem
1460 1195 1589 1241 Ca—-3
1621 1199 1670 1234 Ita
1685 1201 1804 1237 habent

184 1246 284 1280 etiam
305 1243 346 1278 A
356 1254 388 1279 et
404 1244 448 1278 B.
471 1240 562 1278 verff.
575 1246 622 1279 16.
639 1255 685 1287 17.
702 1248 749 1284 18.

139 1322 174 1369 c)
202 1321 299 1356 Alia
317 1323 351 1355 in
373 1319 440 1355 fine
460 1315 612 1354 versuum
643 1318 844 1366 Syllabarum
872 1317 1009 1353 vltimae
1036 1319 1128 1353 vocis
1154 1317 1426 1366 distrahendarum
1449 1325 1534 1357 ratio
1553 1324 1588 1359 in
1610 1324 1649 1359 A
1673 1327 1804 1375 quibus.

189 1371 267 1408 dam
288 1374 321 1407 in
342 1371 424 1407 locis
445 1368 652 1414 obstruatur,
677 1372 712 1405 in
728 1371 762 1405 B
781 1369 864 1405 locis
882 1369 998 1406 iisdem
1020 1370 1122 1407 alia.
1146 1371 1185 1406 E.
1198 1383 1251 1420 gr.
1266 1373 1313 1409 T.
1329 1376 1353 1409 Ι.
1373 1372 1438 1409 col.
1450 1381 1503 1419 38.
1526 1378 1616 1412 vocis
1639 1375 1804 1418 ’ann

189 1427 298 1462 ΛΟΣ
319 1423 359 1460 ad
380 1424 442 1458 Lit.
458 1422 500 1458 G.

501 1487 548 1523 A.
570 1485 673 1522 lina.
699 1487 797 1535 Epith
823 1507 875 1513 —
901 1485 1027 1523 Ouidio
1047 1485 1150 1522 adun.

940 1551 997 1572 cus
1019 1551 1112 1573 arcus

501 1589 546 1625 B.
568 1587 666 1632 lin.3.
714 1606 767 1616 -
816 1608 866 1616 —
891 1587 1020 1624 Ouidio
1046 1589 1102 1624 ad·

943 1653 1045 1675 vncus
1071 1652 1166 1676 arcus

181 1709 226 1748 cf.
239 1711 348 1750 Tom.
363 1710 390 1745 1.
408 1707 471 1744 col.
485 1719 562 1752 490.
578 1707 620 1742 C.
635 1705 691 1741 lin.
708 1717 735 1748 3.
757 1707 791 1740 in
807 1704 845 1740 A
859 1714 890 1740 et
905 1706 952 1742 B.
1004 1708 1172 1743 Praeterea
1189 1706 1254 1744 col.
1275 1709 1331 1746 cit.
1348 1709 1390 1746 G.
1403 1708 1463 1747 lin.
1476 1709 1661 1760 penultima
1680 1715 1802 1756 iterum

189 1763 234 1800 est
256 1766 340 1799 inter
360 1761 398 1797 A
411 1761 489 1796 etB
512 1756 675 1793 eiusmodi
696 1755 863 1791 diuersitas

501 1824 548 1862 T.
565 1824 605 1858 11.
623 1822 687 1859 col.
702 1834 747 1866 31.
766 1822 826 1858 lin.
843 1835 883 1869 ¹5-
904 1822 949 1859 A.
975 1843 1027 1851 —
1051 1845 1103 1851 —
1127 1825 1220 1861 Calo.

911 1886 966 1910 nes·
990 1894 1042 1902 -—
1060 1879 1213 1921 propria,

524 1946 578 1954 —
653 1944 705 1953 —
798 1945 845 1953 -
900 1927 944 1961 B.
976 1946 1026 1953 -
1051 1947 1103 1954 -
1132 1927 1194 1963 ο...

907 1977 998 2013 Iones
1022 1997 1075 2005 —
1093 1991 1175 2024 pro.

189 2069 293 2127 etxfi'c'·
307 2076 343 2111 in
361 2074 424 2111 hac
447 2068 661 2109 columna'in
682 2077 822 2119 vtroque
843 2068 883 2104 A
895 2077 926 2104 et
940 2069 973 2105 B
987 2066 1124 2119 saepius.
1149 2067 1194 2106 cf.
1214 2082 1289 2120 pag.
1303 2074 1374 2116 1595

503 2138 550 2175 T.
567 2139 623 2174 111.
643 2135 710 2173 col.
725 2147 796 2181 47¹·
817 2136 873 2174 lin.
890 2148 944 2173 20.
966 2148 1011 2172 21.
1033 2136 1072 2173 A
1096 2157 1147 2165 —
1170 2157 1223 2166 —
1238 2135 1292 2176 ”⁷3
1313 2134 1495 2198 λενίμενογ

1294 2204 1332 2225 εκ
1356 2204 1422 2226 va

528 2259 580 2267 —
681 2259 735 2268 ·-—·
832 2259 884 2267 --
934 2259 985 2268 —-
1034 2239 1222 2275 B—-
1287 2236 1494 2305 rdle‘ydffe.

1300 2307 1350 2329 “02‘
1365 2307 1400 2330 ἔκ
1416 2306 1483 2330 Των

136 2377 201 2410 Vol.
221 2376 279 2410 VI.
1179 2367 1203 2402 P
1211 2379 1231 2416 p
1239 2379 1261 2415 p
1271 2379 1292 2415 p
1616 2368 1803 2406 cuiusmodi
