2013 2725
217 147 283 187 614·
384 138 457 173 Lib.
468 133 540 170 JV.
556 145 580 168 c.
595 130 744 166 XXVI.
848 130 1023 166 AELIANI
1057 129 1195 166 CODD.
1226 129 1367 166 MSSTI

221 235 369 275 seruant,
393 240 484 267 certo
509 227 615 264 ferme
637 224 776 267 indicio,
803 237 842 260 ex
862 222 987 259 duobus
1011 233 1135 260 tantum
1155 236 1271 260 omnes
1292 221 1354 258 esse
1374 231 1581 272 propagatos.
1635 228 1740 276 Atque
1766 226 1851 263 {dem
1876 227 1932 264 5119

222 290 333 324 metus
353 283 398 319 est
419 293 450 318 et
476 280 613 316 contulit
635 278 702 313 duo
725 275 822 312 codd.
845 287 978 318 nimos,
1002 276 1143 312 alterum
1168 288 1197 310 et
1221 278 1439 323 antiquiorem
1461 290 1479 310 a
1497 276 1594 310 Frcd.
1611 278 1801 319 Slua'skaaio,
1828 270 1934 315 cudae

223 337 439 376 Hollandiae,
470 331 645 367 zelandiae
667 339 698 364 et
718 327 835 364 Frifiae
859 327 1022 377 praefide5
1062 329 1199 363 alterum
1228 330 1444 362 recentiorem
1468 340 1508 361 ex
1531 327 1608 362 bibl.
1633 330 1836 379 Lugdunenfi
1852 332 1932 366 Bat,

220 387 364 428 diuersae
378 397 554 431 Vtrumque
569 383 776 430 propaginis,
803 382 857 417 ita,
880 390 913 414 vt
929 382 962 414 in
984 379 1047 414 illis
1065 381 1195 414 haberet
1215 389 1383 427 vtramque
1405 387 1551 413 veterum
1571 379 1722 415 codicum
1746 381 1934 417 ledlionem,

221 444 320 491 Atqui
344 456 361 476 a
384 438 519 474 librariis
543 445 598 469 aut
619 435 689 469 aliis
716 434 753 466 V.
777 432 819 465 D.
848 431 930 466 olim
959 433 1148 466 coutradlos
1175 428 1271 465 fuiss'e
1297 440 1352 464 aut
1375 431 1607 479 interpolatos,
1646 443 1700 467 aut
1722 431 1932 480 transpositos

222 496 347 532 Aeliani
369 490 486 530 libros,
511 483 721 534 cognoscitur
742 495 874 532 quoque
894 495 932 518 ex
953 482 1049 517 codd.
1071 479 1166 518 Paris.
1191 492 1221 517 et
1243 495 1260 517 e
1279 480 1392 516 codice
1409 481 1658 531 Vratislauiensi
1680 484 1755 519 bibl.
1772 483 1936 531 Rhedige-

223 550 353 586 tianae,
379 554 476 590 quem
495 539 535 574 cl.
554 537 726 573 Fic'lleborn
747 538 779 569 in
797 531 931 583 praefat.
949 537 1138 569 orationum
1155 534 1318 569 Plethonis
1337 543 1369 568 et
1387 532 1563 580 Apostolii.
1590 533 1684 582 (Lips.
1706 547 1794 580 ¹792·
1809 536 1854 581 8.)
1881 547 1936 570 cu·
1997 534 2000 540 '

222 602 320 635 ratius
343 589 524 640 descripsit,
550 599 580 624 et
601 588 642 623 de
661 599 728 636 quo
751 588 783 620 in
805 589 916 621 litteris
938 585 977 621 ad
1001 588 1199 621 Lehnertum
1221 584 1433 620 nouissimum
1456 584 1526 620 Ael.
1544 588 1584 620 V.
1599 588 1644 620 H.
1663 585 1831 622 editorem.
1854 584 1936 630 (vid.

223 646 325 700 praef.
346 658 416 694 pag.
436 642 580 685 XLVII.)
612 638 771 688 quaedam
792 637 888 673 docte
912 637 1062 672 adnotat:
1104 638 1224 677 „habet
1253 640 1360 676 enirn,
1397 639 1459 676 ait,
1493 636 1597 671 codex
1626 636 1681 672 ille
1711 650 1729 672 e
1751 639 1845 672 variis
1868 636 1937 673 Ael.

224 700 364 738 historiis
387 698 445 731 tria
465 703 588 728 tautum
612 693 734 737 capita,
760 691 881 737 reliqua
904 702 944 723 ex
971 688 1107 724 Aeliano
1127 687 1167 723 de
1192 688 1403 727 animalibm‚
1431 701 1468 721 ac
1490 701 1531 721 ne
1555 690 1632 723 haec
1655 689 1787 737 quidem
1812 690 1937 735 integra

223 763 254 790 et
270 751 392 798 vulgari
409 745 522 782 ordine
539 743 717 783 collocata;
744 738 797 775 sed
814 744 845 775 in
861 739 1099 787 compendium
1117 739 1261 779 reda-ssa,
1289 737 1401 787 paffim
1418 741 1515 773 etiam
1531 742 1715 782 immutata,
1743 742 1798 781 ita,
1819 749 1852 774 vt
1868 751 1938 774 non

223 816 292 840 tam
318 794 509 845 descripfiss'e
535 795 707 830 Aelianum
731 792 876 826 videatur
899 793 1006 825 Mich.
1025 790 1229 839 Apostolffls,
1257 790 1658 838 Constantinopolitanus,
1691 794 1746 840 qui
1770 789 1849 826 saec,
1865 789 1938 825 XV,

223 857 322 895 vixit,
349 862 448 899 quam
472 850 506 882 in
529 844 619 880 suum
642 841 734 877 vsum
755 840 977 889 excerpfiffe.“

325 921 363 953 In
382 915 457 950 bibl.
477 915 627 948 Laurent.
644 908 813 950 Medico...
836 908 1019 941 Florentiae
1033 906 1076 941 est
1094 906 1148 942 ille
1163 905 1238 942 cod.
1257 919 1343 942 Uarr.
1363 905 1467 952 histor.
1484 908 1567 941 XIX.
1583 906 1661 956 plut.
1677 910 1730 944 60.
1759 920 1856 956 quem
1873 909 1937 944 lae.

227 975 377 1008 Gronon.
404 964 606 1003 contulerat,
645 970 674 994 et
696 962 785 993 cuius
809 962 847 993 V.
866 961 899 993 L.
924 958 1026 999 filius,
1062 958 1179 992 Abrah.
1197 961 1342 993 Gronou.
1366 961 1397 993 in
1426 955 1476 992 sua
1500 958 1575 994 edit.
1599 960 1743 1005 protulit.
1778 960 1938 1005 (Bandin.

224 1022 317 1060 catal.
339 1017 433 1054 codd.
460 1028 508 1063 gr.
527 1015 564 1048 Il.
589 1011 652 1046 col.
669 1011 762 1057 (209.)
797 1030 847 1036 ——-
882 1009 954 1043 cod.
973 1011 1088 1043 XXVI.
1111 1008 1256 1056 plut‚70.
1282 1022 1372 1044 varr.
1395 1009 1500 1056 histor.
1524 1009 1578 1044 lib.
1593 1011 1681 1044 XIV.
1709 1009 1780 1051 sed,
1806 1019 1940 1046 notante

225 1074 389 1111 Bandinio
405 1069 427 1104 1.
444 1081 470 1102 c,
488 1077 563 1114 pag.
579 1065 656 1104 686.
682 1061 763 1096 nulli
786 1063 818 1094 in
838 1062 903 1095 hoc
923 1059 998 1096 cod.
1017 1059 1099 1095 tituli
1118 1063 1367 1108 praemittuntur
1384 1061 1560 1108 capitibus,
1585 1072 1622 1095 ac
1636 1062 1716 1098 liber
1734 1064 1789 1098 VI.
1810 1074 1884 1096 cum
1899 1063 1940 1098 V.

224 1131 268 1163 ita
285 1125 328 1160 est
341 1120 556 1158 coninua-ds,
583 1125 633 1154 vt.
660 1126 726 1147 vno
747 1125 786 1147 ex
808 1111 932 1147 duobus
956 1111 1119 1152 conflato,
1147 1108 1252 1146 sextus
1271 1111 1442 1147 desiderari
1466 1110 1620 1146 videatur.
1672 1114 1721 1148 Ex
1741 1115 1790 1148 his
1812 1111 1939 1147 duobus

225 1177 377 1215 medic-eis
402 1165 594 1217 Marquard.
612 1164 736 1200 Gudibs
762 1166 861 1198 varias
888 1173 1034 1197 enotarat
1060 1163 1225 1197 lectiones.
1255 1183 1303 1190 —-
1340 1165 1376 1198 In
1399 1162 1511 1198 eadem
1542 1163 1689 1199 biblioth.
1715 1164 1759 1200 est
1776 1163 1848 1199 cod.
1868 1164 1942 1201 VII.

227 1228 407 1265 membran.
423 1220 500 1256 saec.
517 1220 584 1253 XII.
600 1217 678 1264 plut.
700 1222 757 1256 86.
786 1217 838 1262 qui
861 1218 1007 1249 continet
1025 1214 1150 1248 Aeliani
1165 1217 1201 1248 da
1217 1217 1531 1249 naturannimalium
1549 1214 1647 1250 libros
1662 1215 1766 1251 XVII.
1785 1214 1825 1251 ad
1842 1227 1940 1263 quem

229 1279 304 1316 cod.
332 1275 524 1311 adornatam
546 1266 608 1304 effe
629 1266 704 1301 edit.
728 1267 804 1301 Abr.
818 1268 968 1301 Gronou.
992 1266 1133 1299 Bandin.
1159 1265 1194 1309 (l.
1211 1279 1239 1300 c.
1260 1267 1313 1299 111.
1334 1266 1396 1301 col.
1412 1270 1474 1311 296
1490 1262 1551 1313 sq.)
1578 1265 1706 1313 colligit
1728 1279 1766 1301 ex
1788 1267 1940 1301 Gronou.

228 1327 440 1381 praefatione.
468 1342 516 1351 —-
545 1332 615 1355 tum
641 1317 713 1353 cod.
728 1319 813 1351 VIII.
839 1316 980 1352 eiusdem
1005 1317 1084 1363 plut.
1118 1316 1270 1351 Aelianus
1297 1317 1334 1350 de
1356 1318 1540 1351 animalium
1560 1320 1776 1362 proprietate,
1811 1318 1942 1365 praeuia

228 1384 371 1430 capitum
389 1387 453 1421 225.
469 1372 596 1414 tabula,
621 1380 651 1404 et
675 1366 808 1417 praefat.
860 1368 995 1402 Nullam
1017 1377 1126 1402 tamen
1152 1367 1232 1409 effe,
1256 1366 1388 1403 adnotat
1407 1369 1545 1402 Bandin.
1564 1367 1585 1402 l.
1602 1381 1628 1403 c.
1643 1368 1707 1403 col.
1722 1375 1795 1414 298.
1823 1372 1856 1404 in
1875 1369 1943 1404 hoc

230 1433 343 1469 codice
365 1429 526 1464 librorum
547 1422 808 1461 distinctionem,
842 1423 985 1468 capitum
1009 1432 1087 1453 vero
1110 1416 1224 1454 scriem
1246 1417 1376 1467 prorsus
1400 1417 1558 1453 diuersam
1584 1419 1623 1453 ab
1644 1419 1788 1455 editione
1809 1421 1942 1455 Grono.
1999 1451 2002 1454 .

229 1489 333 1521 viana.
358 1501 406 1507 —
433 1480 561 1512 Citatur
585 1474 657 1509 Ael.
679 1472 718 1506 ab
738 1471 892 1517 Aifinic),
923 1468 1172 1505 monembasiae
1191 1467 1377 1517 archiepisc,
1401 1469 1477 1505 teste
1498 1469 1638 1505 Bandin.
1657 1473 1680 1506 I.
1703 1484 1778 1520 pag.
1793 1482 1866 1515 549.
1891 1488 1942 1497 -—

228 1540 268 1573 In
291 1532 366 1569 cod.
381 1532 454 1566 VII.
477 1527 555 1575 plut.
569 1537 612 1570 55.
633 1536 706 1573 pag.
721 1526 793 1567 265.
828 1520 1001 1557 Bandinius
1024 1520 1172 1570 reperiffe
1194 1519 1249 1555 fibi
1272 1521 1440 1556 videbatur
1458 1520 1616 1570 quaedam
1639 1522 1759 1558 inedita
1780 1523 1943 1558 Antonini

173 1604 177 1607 ,
230 1583 348 1637 philos.
370 1582 501 1630 reliquis
521 1580 691 1617 immixta3
720 1572 773 1609 sed
795 1587 831 1608 ea
851 1571 913 1608 ess'e
934 1585 1085 1623 excerpta
1105 1585 1144 1607 ex
1164 1573 1238 1608 Act.
1262 1572 1327 1621 lust.
1348 1574 1472 1609 animal.
1497 1572 1593 1608 docet
1613 1573 1738 1622 Leffing
1759 1577 1793 1610 jn
1816 1575 1945 1619 &yn-4,

230 1652 295 1689 gen
316 1647 375 1672 etc.
403 1636 426 1668 1.
441 1643 513 1680 pag.
531 1636 586 1669 188
602 1625 669 1675 sqq·

338 1700 484 1737 Venetiis
505 1698 538 1729 in
559 1692 705 1729 biblioth.
723 1690 860 1727 monast.
880 1693 910 1726 S.
925 1691 1083 1727 Michael.
1100 1690 1143 1725 est
1162 1701 1349 1738 excerptum
1366 1703 1405 1725 ex
1421 1690 1491 1725 Aet.
1506 1689 1546 1725 de
1561 1692 1654 1726 anim.
1672 1690 1741 1737 hist.
1757 1694 1791 1727 in
1808 1690 1881 1727 cod.
1895 1705 1944 1741 gr.

231 1755 312 1791 sace.
328 1752 413 1786 XIII.
430 1761 504 1783 eum
522 1746 674 1782 Heroicis
693 1742 896 1785 Philostrati,
923 1742 998 1777 teste
1015 1743 1209 1777 Mirm-elliu
1236 1744 1269 1776 in
1293 1742 1369 1777 bibl.
1385 1741 1480 1777 codd.
1501 1752 1559 1776 etc.
1586 1754 1660 1790 pag.
1677 1755 1707 1788 9.
1733 1763 1786 1769 —-
1811 1743 1890 1780 1b1d,
1908 1747 1943 1779 in
1998 1761 2002 1765 -

232 1806 307 1842 bibl.
325 1804 372 1839 D.
391 1802 498 1836 Marci
516 1796 588 1833 cod.
603 1794 756 1830 vaffl.
771 1795 908 1829 membr.
928 1791 1008 1829 saec.
1028 1796 1098 1828 XV.
1113 1792 1173 1828 fol.
1201 1794 1274 1827 Aet.
1299 1792 1426 1838 historia
1447 1794 1637 1828 animalium.

336 1868 469 1905 Patauii
485 1868 520 1900 in
534 1863 611 1899 bibl.
627 1863 820 1896 canonicor.
838 1862 869 1895 S.
885 1862 974 1895 Ioan.
993 1860 1063 1894 Aul.
1080 1860 1190 1895 histor.
1209 1859 1339 1894 animal.
1356 1858 1430 1895 cod.
1443 1872 1492 1908 gr.
1508 1860 1663 1904 bombyc.
1681 1862 1715 1896 in
1729 1873 1762 1905 4.
1789 1858 1865 1896 teste
1884 1861 1944 1896 Το-

233 1923 348 1969 mastno
365 1923 398 1954 in
414 1917 560 1953 biblioth.
577 1914 718 1949 Patauin.
737 1925 810 1960 pag.
831 1923 874 1947 21.
893 1913 1009 1946 XVIII.
1037 1931 1088 1937 —
1114 1911 1293 1946 Mediolani
1311 1913 1344 1946 in
1361 1911 1436 1948 bibl.
1449 1909 1597 1948 Ambros.
1613 1911 1688 1948 Ael.
1702 1913 1811 1948 variae
1828 1911 1895 1959 hss.
1910 1914 1945 1948 in

233 1974 375 2011 membr.
394 1968 471 2005 saec.
487 1970 571 2002 XIII.
600 1965 808 2012 (Montfauc.
825 1965 859 1998 in
875 1963 977 1998 dlario
992 1962 1057 1997 ital.
1071 1975 1145 2011 pag.
1166 1962 1230 2006 14.)

338 2038 475 2082 Neapoli
491 2038 524 2069 in
539 2032 615 2068 bibl.
632 2032 664 2066 S.
680 2032 793 2066 Ioann.
812 2029 851 2065 de
875 2030 1076 2065 Carbonaria
1101 2028 1432 2076 Augustinianorum‚
1458 2027 1531 2064 Ael.
1555 2027 1623 2075 hist.
1642 2031 1762 2065 animal.
1784 2028 1858 2066 cod.
1880 2043 1943 2067 rec.
1986 2050 1991 2052 ·

235 2091 424 2136 bombycin.
439 2085 530 2130 (teste
548 2083 664 2119 eodem
677 2111 686 2125 ‚
714 2081 789 2117 ibid.
806 2095 878 2130 pag.
894 2083 977 2127 310.)
1003 2102 1054 2108 --
1080 2082 1115 2115 In
1137 2081 1214 2116 bibl.
1233 2081 1322 2127 regia
1338 2079 1378 2114 de
1399 2079 1466 2114 hist.
1484 2080 1615 2117 animal.
1632 2081 1707 2115 libri
1723 2082 1826 2116 XVII.

336 2156 473 2192 Mati-iti
496 2155 529 2186 in
551 2149 628 2186 bibl.
649 2152 756 2197 regia,
782 2148 855 2185 cod.
872 2150 985 2183 LXIII.
1007 2147 1138 2182 Aeliani
1159 2144 1312 2195 epistolae
1335 2145 1468 2180 rusticae
1492 2147 1561 2180 XX.
1585 2148 1724 2190 (Iriartc
1744 2147 1836 2183 catal.
1850 2145 1945 2186 codd.

236 2223 286 2259 gr,
301 2221 375 2258 pag.
390 2208 450 2241 226
466 2202 527 2250 sq.)
555 2222 606 2228 —
630 2200 701 2235 cod.
721 2201 894 2235 LXXXIV.
911 2210 1059 2247 excerpta
1073 2212 1114 2233 ex
1134 2199 1259 2233 Aeliani
1273 2196 1345 2232 libr.
1363 2196 1402 2231 de
1417 2207 1529 2232 natura
1547 2197 1678 2234 animal.
1699 2199 1750 2234 lib.
1768 2201 1822 2234 IX.
1838 2212 1907 2247 cap.
1923 2201 1945 2236 6

238 2273 269 2297 et
285 2263 338 2297 26.
365 2257 402 2293 X.
418 2269 472 2300 40.
499 2256 553 2287 VI.
569 2265 613 2297 57.
641 2253 738 2286 XVII.
756 2254 801 2286 16.
829 2262 859 2285 et
879 2250 951 2286 eod.
969 2253 1069 2286 CVII.
1090 2260 1241 2296 excerpta
1262 2261 1302 2283 ex
1322 2247 1377 2283 lib.
1393 2250 1446 2282 XI.
1466 2260 1514 2291 37.
1535 2259 1565 2283 et
1580 2247 1633 2283 lib.
1649 2251 1722 2286 VII.
1740 2263 1789 2295 47.
1807 2250 1945 2297 (Iriart.

237 2325 313 2360 pag·
328 2312 389 2353 346
405 2319 436 2343 et
450 2307 536 2350 422)
564 2324 615 2331 —-
642 2304 679 2337 In
694 2302 769 2337 bibl.
788 2303 896 2348 Estur.
915 2301 990 2336 teste
1006 2303 1102 2336 Plz'icr
1127 2303 1160 2335 in
1181 2301 1345 2334 itinerario
1359 2309 1416 2337 etc.
1441 2313 1514 2348 pag.
1533 2311 1590 2344 ¹55·
1606 2301 1679 2337 Act.
1704 2300 1744 2337 de
1756 2300 1947 2338 instruendis

239 2364 365 2400 acIebus
377 2388 388 2405 ,
414 2360 479 2400 bis;
507 2356 546 2392 de
564 2356 651 2391 varia
667 2353 796 2390 historia
810 2354 864 2388 lib.
881 2354 965 2388 XIV.
991 2352 1032 2389 de
1045 2353 1236 2388 animalium
1251 2353 1447 2401 proprietate
1463 2350 1535 2386 libri
1552 2351 1653 2387 XVII.

1909 2430 1947 2467 In
