2049 2720
78 113 137 138 Vol.
153 113 203 138 VH
228 120 252 145 p.
269 113 402 157 :gwy-Q

568 112 710 148 TOMO
738 116 760 149 1.
788 113 909 150 EmT.
939 114 1270 150 MORFLUANAE.
1323 116 1394 150 Lib.
1412 116 1455 152 V.
1485 129 1510 153 c.
1529 118 1591 152 Xf.
1603 120 1672 154 III.
1725 124 1784 164 763

75 209 114 241 Π.
143 203 427 250 Ampio-acuant:
447 208 458 240 i
480 219 531 240 ιω·
558 214 621 240 tres
642 220 665 242 ι.
694 206 731 241 de
747 198 906 246 Hercule,
939 215 1000 256 pro
1029 209 1181 243 De'anira
1213 221 1290 243 cum
1320 209 1469 246 Acheloo
1500 211 1660 253 laetante,
1695 226 1724 250 2.
1745 213 1785 250 de

174 260 256 292 flore
285 259 474 301 Hyacmtho
496 270 527 293 et
550 270 578 302 3.
605 259 644 293 de
668 257 795 306 Alpheo
819 269 848 293 et
871 256 1037 294 Arethusa.

73 333 130 369 111.
159 333 270 382 Χρέἑαί
294 333 408 368 Ε’ῐινιάε
429 341 495 369 tres
515 346 535 369 t.
561 333 602 369 de
620 334 828 376 Alexandro,
854 348 951 383 rege,
981 337 1036 384 qui
1053 344 1183 382 rogatus
1199 334 1238 370 de
1252 334 1404 372 thesauris
1427 335 1488 373 suis
1504 340 1626 374 amicos
1650 339 1784 375 demon-

175 384 296 419 (lrauit.

351 397 380 420 2.
407 384 447 421 de
463 384 553 421 facto
571 387 746 434 Diogenis,
767 389 840 434 qui,
871 384 1111 422 adolescentem
1129 386 1240 422 videns
1259 388 1476 435 petulantem,
1504 390 1695 438 paedagogo
1718 403 1784 426 ver.

169 435 244 470 bera
267 433 394 470 inflixit.
448 449 476 479 3.
505 435 544 470 de
566 435 709 472 isocratis
730 437 838 479 dic‘lo,
862 437 981 487 radices
996 435 1236 484 disciplinarum
1255 452 1404 480 amarae,
1429 439 1553 476 fruetus
1568 455 1647 477 vero
1663 441 1784 478 dulces.

72 511 128 546 IV·
151 507 283 557 Γνώμη,
309 510 431 559 duplex
454 512 633 547 elaboratio
653 514 829 549 Sententiae
844 515 984 548 Homeri
1002 512 1089 548 Iliad.
1106 512 1145 554 β.
1162 526 1211 558 24.
1240 514 1261 553 ὲ
1277 513 1346 565 χρὴ
1363 513 1549 564 mcvvdxzov
1564 514 1660 557 εὕδω
1674 517 1784 564 βελη.

172 561 272 610 φέρον
296 559 416 614 ἄνδρα.
470 565 614 598 Dedecus
638 563 679 610 est
706 572 806 599 totam
827 566 998 613 considium
1012 563 1150 610 stertere
1173 566 1298 601 nobilem.

73 639 113 673 V.
141 636 321 683 Ἀνασκευή
347 641 554 688 Constantio,
581 654 648 676 non
670 638 732 677 esse
753 641 943 684 verisimile,
967 638 1115 687 Chrysen
1132 640 1310 689 peruenisse
1323 641 1364 677 ad
1378 643 1495 679 nauale
1519 645 1734 682 Graecorum.

72 715 127 749 VI.
154 714 359 760 Κατασκευῆ
383 715 616 762 Confirmatio,
650 715 844 753 Verifimilia
871 715 934 754 esse
965 730 1046 767 quae
1069 715 1258 762 traduntur,
1298 731 1322 755 1.
1344 717 1386 753 de
1413 721 1511 754 armis
1535 719 1671 757 Achillis
1692 735 1721 757 2.
1745 720 1785 758 de

122 800 128 803 ,
170 768 236 800 eius
258 769 311 801 ira.

72 841 144 877 vn.
172 840 272 879 chol
302 839 401 880 τέποι
423 844 499 877 Loci
523 844 710 879 Communes
737 857 761 880 1.
782 854 895 881 contra
921 844 1134 880 homicidam.
1171 856 1198 879 2.
1216 854 1330 880 contra
1350 844 1576 894 proditorem,
1612 860 1639 891 3.
1662 850 1694 884 in
1717 862 1782 886 me.

173 891 284 928 dicum
309 894 511 935 veneficum,
538 906 568 938 4.
592 907 706 931 contra
730 905 925 942 tyrannum,

961 909 990 942 5.
1007 909 1068 945 pro
1083 896 1299 940 tyrannicida.

13 974 16 977 '
73 970 158 1003 Vm.
186 965 364 1017 Ἐγκώμια
388 972 603 1006 Laudationes
625 985 647 1007 r.
665 971 802 1017 Vlyssis,
830 986 858 1008 a.
875 972 1028 1015 Achillis,
1056 985 1081 1015 3.
1109 971 1301 1014 Diomedis,
1330 984 1361 1015 4.
1383 973 1575 1018 Thersitae,
1610 986 1636 1021 5.
1660 976 1786 1013 Demo.

175 1019 311 1064 illimis,
340 1026 371 1057 6.
392 1025 632 1071 Agriculturae,
660 1025 868 1069 7.Iuss1tiae,
893 1034 924 1060 et
955 1032 988 1065 8.
1014 1026 1106 1059 bouis
1121 1026 1355 1074 συγγραφικῷ
1370 1028 1593 1077 χαρακτῆρι,
1618 1027 1782 1072 historico,

174 1084 244 1107 non
267 1076 414 1108 oratorio
444 1074 542 1119 stylo.

73 1146 129 1183 lx.
154 1144 263 1191 ΨὲὙοι
288 1149 550 1194 Vituperationer
574 1163 596 1185 ι.
618 1150 773 1193 Achillis,
799 1163 826 1186 2.
843 1152 1015 1193 Hedioris,
1043 1162 1070 1193 3.
1085 1149 1243 1200 Philippi,
1271 1163 1300 1196 4.
1323 1149 1508 1197 Aeschinis,
1535 1165 1561 1200 5.
1578 1154 1784 1204 Opulentiae,

175 1202 205 1234 6.
225 1201 375 1250 inopiae,
402 1213 431 1244 7.
451 1203 518 1237 Irae
539 1212 569 1236 et
591 1211 619 1244 8.
640 1204 732 1237 Viris.

74 1274 114 1309 X.
137 1278 350 1324 Συγκρίσεςς,
379 1278 635 1324 Comparationes
660 1292 681 1314 ι.
709 1279 939 1325 Nauigationis
960 1276 1025 1313 fiue
1043 1286 1246 1313 mercaturae
1270 1280 1415 1313 nauticae
1442 1289 1474 1314 et
1492 1280 1729 1326 agriculturae,
1757 1295 1784 1318 2.

175 1328 313 1363 Achillis
336 1338 367 1363 et
393 1329 585 1377 Diomedis,
625 1342 653 1374 3.
675 1331 778 1365 Aiacis
809 1340 840 1365 et
861 1329 1017 1373 Achillis,
1055 1340 1085 1371 4.
1117 1328 1349 1365 Demosthenis
1374 1340 1405 1366 et
1426 1328 1609 1373 Aeschinis,
1642 1345 1668 1378 5.
1691 1336 1785 1369 Ruris

175 1388 208 1413 et
233 1380 338 1416 Vrbis.

77 1453 132 1499 [if]
160 1456 214 1490 XI.
243 1454 437 1504 'H9o7toa'1‘oe4
454 1456 649 1503 Ethopoeiae
673 1468 697 1491 1.
713 1454 869 1497 Medeae,
891 1453 964 1491 suos
991 1457 1190 1492 mac'laturae
1218 1456 1322 1498 filios,
1361 1467 1388 1494 2.
1413 1455 1660 1493 Andromaches
1682 1457 1721 1493 ad
1745 1461 1788 1495 ia-

131 1521 134 1523 *
179 1515 305 1542 centem
327 1518 400 1544 ante
430 1505 461 1543 se
483 1511 676 1544 Hee'torem.

734 1520 761 1552 3.
794 1509 967 1550 Chironis,
996 1507 1159 1543 Achillem
1182 1510 1264 1543 inter
1275 1510 1414 1555 virgines
1433 1507 1550 1543 versari
1567 1507 1739 1551 audientis,
1765 1521 1786 1553 4

176 1566 208 1594 et
223 1570 248 1601 5.
279 1560 398 1594 Niobes
422 1559 493 1608 post
515 1557 645 1594 amissos
661 1559 789 1596 liberos.
821 1561 852 1593 6.
867 1561 1016 1607 pic‘loris,
1040 1559 1232 1606 Apollinem
1255 1562 1288 1593 in
1314 1558 1423 1594 tabula
1444 1559 1551 1596 laurea
1571 1563 1732 1609 pingentis
1755 1573 1786 1597 et

175 1608 270 1658 ligno
293 1610 420 1647 colores'
446 1624 516 1647 non
537 1609 738 1647 admittente.
772 1623 804 1654 7.
832 1611 993 1651 hominis,
1014 1610 1137 1646 bellum
1154 1613 1186 1645 in
1203 1609 1333 1646 aedibus
1351 1608 1413 1646 suis
1435 1612 1561 1660 pistum
1582 1612 1728 1647 videntis.
1757 1621 1787 1654 3.

77 1788 138 1813 rae,
151 1781 228 1808 ruris
240 1785 269 1808 et
283 1779 382 1811 vrbi33
407 1778 526 1809 Achillis
540 1785 569 1808 et
584 1777 752 1810 Diomedis3
776 1779 869 1808 Aiacis
885 1784 913 1807 et

78 1821 413 1857 Achillis‚nemosthenis
422 1830 450 1851 et
459 1821 605 1851 Aeschinis
613 1831 623 1854 ‚·
632 1821 724 1850 eiusd.
733 1821 913 1861 Ethopoeiae

79 1864 171 1893 XXV.
180 1865 271 1895 eiusd.
281 1864 487 1905 descriptiones
501 1866 563 1892 VH.
573 1863 656 1892 eiusd
676 1864 866 1903 propositum,
876 1874 913 1892 an

80 1908 300 1936 matrimonium
323 1907 354 1936 fit
373 1906 617 1936 contrahendum:
645 1916 718 1946 quae
741 1908 838 1934 omnia
861 1916 914 1934 eo-

81 1949 148 1978 dem
164 1956 195 1978 vt
207 1948 368 1990 plurimum
382 1949 504 1982 ordine,
524 1959 583 1988 quo
592 1948 733 1978 habentur
752 1950 781 1977 in
794 1947 837 1976 ed.
849 1950 914 1977 Mo·

79 1990 144 2024 rell.
159 1999 229 2022 tom.
246 1994 269 2023 1.
288 2002 353 2033 pag.
370 1998 469 2026 1—183.
485 2002 514 2021 v.
530 1991 663 2021 Bandin.
688 1997 740 2020 cat.
763 1990 848 2020 codd.
872 2001 915 2028 gr.

81 2036 120 2065 11.
134 2033 191 2063 col.
206 2043 278 2070 440.
298 2051 340 2057 —
361 2037 394 2064 In
410 2034 509 2064 codice
525 2035 585 2063 ΧΧ.
602 2032 672 2074 plut.
689 2042 733 2070 57.
752 2043 795 2062 nr.
814 2037 916 2068 16-19.

81 2076 147 2106 sunt
162 2077 355 2115 fragmentum
370 2087 404 2106 ex
420 2077 534 2106 Libanii
550 2075 615 2105 loco
629 2077 777 2104 communi
788 2076 816 2106 in
826 2075 916 2105 medi-

83 2128 149 2149 cum
163 2129 234 2150 vene
245 2129 338 2154 tcum,
360 2120 445 2149 bouis
456 2119 601 2154 laudatio,
623 2117 916 2148 Thersitaelaudatio

82 2168 159 2191 etan
175 2164 394 2192 matrimonium
407 2162 439 2191 sit
453 2160 680 2190 contrahendum
695 2160 843 2197 (Bandin.
858 2159 876 2192 l.
893 2171 917 2191 c.

84 2203 139 2236 col.
152 2208 218 2238 360.
233 2204 312 2245 sqq.)
326 2221 366 2228 —
389 2206 420 2233 In
437 2204 501 2233 cod.
512 2205 600 2234 XXX.
611 2202 682 2244 plut.
695 2213 738 2239 59.
755 2213 796 2231 nr.
811 2206 852 2232 16.
869 2203 917 2232 de-

83 2246 253 2288 scriptiones
276 2248 313 2276 11.
339 2247 497 2277 ebrietatis
523 2246 631 2281 altera,
664 2244 753 2275 altera
775 2244 917 2275 herorum

86 2290 229 2319 curriculi
240 2291 270 2318 in
286 2290 330 2319 ed.
346 2288 464 2319 Morelli
478 2297 550 2318 tom.
567 2291 586 2318 Ι.
612 2299 673 2329 pag.
691 2298 746 2325 ¹75·
760 2296 788 2317 et
807 2295 856 2321 issi.
878 2292 919 2322 (v.

67 2339 70 2342 ⁴
87 2330 310 2362 Band.l.c.col.
323 2335 399 2367 552.)
421 2333 454 2360 In
471 2331 689 2363 mdxxxvii.
702 2330 769 2371 plut.
784 2340 878 2364 32.nr.
888 2340 920 2366 4.

87 2376 118 2404 in
134 2373 210 2404 calce
229 2374 416 2415 epistolarum
439 2374 573 2409 Libanii,
600 2373 730 2403 eiusdem
751 2372 856 2410 fragm.
874 2374 920 2412 pi-

90 2415 192 2449 ffurae
213 2416 422 2456 descriptionis
440 2417 471 2448 in
484 2414 595 2455 senatu
615 2417 657 2451 in,
671 2414 791 2448 Motelli
813 2415 882 2448 edit.
898 2416 925 2447 1.

724 2578 741 2591 6

968 1679 971 1681 >
1007 1660 1154 1698 Ddddd
1183 1674 1200 1696 a

1633 1663 1790 1709 Menelai,

954 1790 983 1820 p.
998 1788 1060 1816 ¹74·
1074 1779 1221 1814 (Bandz'n.
1236 1778 1255 1810 l.
1272 1789 1294 1811 c.
1311 1778 1366 1810 col.
1383 1779 1472 1819 200.)
1488 1795 1531 1802 —
1554 1776 1656 1821 Paris?
1671 1782 1701 1811 in
1718 1781 1789 1813 bibl.

957 1821 1064 1862 public.
1087 1821 1149 1850 sunt
1171 1824 1201 1851 in
1225 1824 1354 1862 quinque
1376 1821 1461 1850 codd.
1478 1832 1521 1851 nr.
1544 1824 1729 1853 DLxxxm.
1746 1827 1789 1855 M.

957 1865 1257 1896 MMDCCCCXVIII.
1274 1868 1332 1899 (nr.
1345 1866 1519 1903 X..quorum
1536 1875 1599 1904 pars
1614 1866 1789 1900 Nicolaum,

956 1906 1123 1947 sophistam,
1134 1908 1282 1936 auclorem
1293 1907 1398 1936 habere
1408 1906 1513 1935 dicitnr
1529 1909 1558 1936 in
1570 1915 1622 1938 cat.
1633 1910 1668 1940 Π.
1684 1919 1711 1948 p.
1721 1917 1790 1946 570.

957 1950 997 1979 ib.
1020 1960 1064 1978 nr.
1080 1955 1104 1982 8,
1132 1948 1195 1977 sunt
1218 1949 1339 1979 Nicolai
1364 1949 1631 1989 progymnafinata;
1660 1962 1787 1991 quorum

956 1994 1075 2021 initium
1102 1989 1182 2031 γήρας
1204 1990 1293 2020 ἐλύπεε
1320 1991 1364 2020 τᾶν
1387 1993 1508 2026 >ciam-x.)
1538 1994 1738 2023 MMCMLXL
1761 2002 1789 2025 et

958 2036 1134 2065 MMMXIV,
1159 2035 1271 2064 Libanii
1282 2042 1534 2074 progymnasmata
1543 2035 1692 2075 quaedam:
1708 2047 1787 2077 prae-

957 2085 1035 2107 terea
1051 2079 1080 2106 in
1096 2076 1158 2107 cod.
1175 2079 1257 2107 XXX
1279 2076 1432 2116 descriptio
1451 2079 1544 2112 veris,
1567 2078 1788 2119 ebrietatisque:

958 2121 988 2149 in
1003 2119 1088 2149 codd.
1107 2121 1270 2151 MMCCIX.
1286 2128 1314 2148 et
1328 2121 1502 2149 MMMXVI.
1519 2121 1580 2148 irae
1598 2122 1788 2160 vituperatio,

959 2163 1044 2192 bouis
1060 2164 1225 2192 encomium
1236 2183 1246 2196 ,
1267 2164 1342 2191 ruris
1358 2168 1386 2191 et
1402 2162 1481 2191 vrbis
1496 2164 1675 2201 comparatio
1687 2186 1695 2198 ‚
1718 2163 1791 2193 alia-

959 2215 1016 2245 que
1026 2204 1054 2234 id
1063 2215 1151 2242 genus
1162 2205 1273 2245 pridem
1285 2205 1369 2234 edita.
1382 2220 1410 2225 -
1422 2206 1451 2232 in
1460 2203 1521 2233 cod⁴
1535 2206 1789 2236 MMCMXCVHI.

960 2247 1104 2287 Cephalus
1120 2256 1147 2276 et
1163 2249 1293 2286 Ariphon
1311 2249 1386 2276 inter
1402 2245 1429 2275 se
1447 2246 1602 2286 disputant.
1618 2263 1658 2270 —
1680 2250 1711 2277 in
1727 2249 1790 2278 cod.

963 2291 1197 2320 MMMXXVIII.
1208 2292 1285 2319 veris
1293 2289 1456 2328 descriptio.
1479 2290 1510 2318 ln
1519 2288 1582 2318 aliis
1593 2300 1710 2330 quoque
1719 2290 1790 2321 bibl.

962 2332 1099 2362 custodiri
1126 2332 1209 2361 codd.
1239 2331 1355 2362 illarum
1379 2331 1620 2361 exercitationum
1651 2334 1790 2364 vmbrati·

962 2374 1046 2410 lium,
1069 2377 1097 2405 in
1108 2377 1212 2406 notitia
1225 2374 1309 2406 codd.
1327 2373 1411 2417 supra
1425 2375 1482 2404 iam
1499 2373 1730 2409 obseruauimus,
