2013 2725
143 113 209 145 444
259 99 332 138 Lib.
350 95 391 134 V.
408 108 431 136 t.
449 94 528 132 XL.
770 90 911 130 INDEX
943 89 1244 129 SCRIPTORVM
1564 90 1861 124 v0¹.1X.p.⁶s=r⁶az

247 206 313 242 gna
327 189 483 241 quadrata
492 215 503 230 ,
529 199 612 237 quae
625 187 725 223 latera
738 187 802 223 lata
816 196 847 222 et
860 186 1039 223 litterarum
1055 187 1153 237 plena
1172 184 1341 222 habebant.
1368 186 1532 235 Utrinque
1545 198 1622 223 vero
1636 196 1726 223 erant
1742 185 1862 222 fibulae

252 243 396 284 ferreae,
422 251 457 277 vt
472 254 490 275 a
508 239 691 288 legentibus
707 241 834 273 moueri
854 249 885 273 et
909 236 1027 274 versari
1051 236 1177 288 possent
1199 246 1257 273 etc.

143 297 330 341 Cyrenaica
357 292 440 328 sedia
462 293 594 327 initium
620 290 713 326 duxit
733 291 772 325 ab
797 289 982 338 Aristippo,
1006 287 1219 338 philosopho,

146 347 310 394 Cyrillus⁷
347 344 502 380 diaconus
524 342 696 390 Heliopoli
719 340 759 377 ad
784 342 956 377 Libanum.
1018 344 1083 377 Hic
1105 340 1308 376 Constantini
1331 341 1381 376 M.
1412 340 1615 389 temporibus
1640 338 1744 374 multa
1774 337 1862 374 idola

196 417 200 420 >
248 394 422 444 confregit.
475 397 516 430 At
538 394 653 430 Iuliani
674 403 793 436 aetate,
821 395 972 437 (inimici
997 393 1300 437 Christianorum)
1333 402 1480 428 ventrem
1504 394 1570 427 eius
1595 389 1864 436 dissecuerunt-et

248 452 334 484 iecus
356 445 576 494 degustarunt.

148 503 277 547 Cyrus,
318 497 533 547 Panopolita,
570 505 686 544 poeta,
711 509 729 530 a
747 494 943 531 Theodosio
971 496 1101 530 iuniore
1123 493 1306 545 praefedlus
1329 496 1482 542 praetorii
1505 502 1536 529 et
1556 493 1640 528 vrbis
1661 502 1786 529 creatus
1809 491 1866 534 est,

249 550 376 598 fuitque
398 546 573 585 consularis
599 558 629 583 et
651 549 812 595 patricius.
876 549 965 583 Nam
988 546 1152 590 Eudocia,
1181 544 1369 582 Theodosii
1396 548 1535 586 coniux,
1571 558 1684 580 amans
1718 541 1866 591 poeseoe,

249 605 378 648 Cyrum
402 604 435 636 in
458 598 590 635 summo
611 601 718 648 pretio
743 599 873 639 habuit,
912 611 994 647 quae
1017 611 1119 646 quum
1145 599 1184 634 ab
1209 597 1282 633 aula
1307 595 1466 633 secederet
1483 607 1531 639 et,
1560 599 1593 632 in
1607 598 1775 631 Orientem
1794 606 1868 643 pro·

249 652 347 695 fec‘la,
364 650 607 697 Hierosolymis
623 661 894 692 commoraretur,
910 652 1029 695 Cyrus,
1040 652 1252 686 inimicorum
1270 648 1386 685 insidiis
1396 652 1649 689 circumuentus,
1666 648 1867 691 Cotyaeum,

252 708 417 742 ciuitatem
436 704 614 751 Phrygiae,
636 702 796 749 relegatus
815 701 877 744 est,
903 711 936 735 vt
957 699 1050 735 sacris
1074 703 1115 736 ibi
1139 698 1310 749 praeesset,
1337 704 1503 749 vitamque
1527 698 1682 747 produxit
1701 711 1800 747 vsque
1825 695 1867 732 ad

249 759 417 798 Leonem,
441 758 521 803 imp.
548 752 648 790 Conf.
665 753 788 800 Reines.
805 766 887 789 varr.
905 752 1038 788 lec'tion.
1058 752 1184 789 lib.111‚
1206 765 1283 802 pag.
1306 754 1374 797 561.
1404 763 1434 788 et
1456 750 1579 787 Kusser.
1611 749 1651 786 ad
1673 750 1808 785 Suidam
1824 748 1866 783 Π.

253 821 328 857 pag.
343 820 418 851 402.
444 817 513 842 not.
531 817 580 840 10.

151 857 289 894 Daedali
313 872 423 907 opera.
473 859 523 892 De
546 857 682 903 egregiis
709 853 882 889 artificibus
903 852 1040 898 dicitur,
1074 852 1163 901 quod
1188 857 1212 888 is
1236 857 1359 902 primus
1382 852 1633 888 fimulacrorum
1655 852 1770 888 oculos
1796 863 1870 900 ape-

254 913 317 945 ruit
340 919 371 944 et
397 907 495 957 pedes
518 906 644 941 diduxit
665 914 793 953 praeter
814 906 1040 953 antiquiorum
1060 904 1286 940 statuariorum
1309 902 1588 940 consuetudinem.

151 959 362 1007 Damascius,
399 955 612 1009 philosophus
641 955 776 998 ssoicuS,
812 957 935 1000 Syrus,
975 956 1135 1005 Simplicii
1153 966 1185 990 et
1200 955 1336 999 Eulalii,
1364 958 1555 1003 Phrygum,
1577 957 1721 995 amicus,
1757 951 1871 987 floruit

252 1023 404 1061 tempore
426 1010 601 1045 Iustiniani.
654 1007 786 1056 Scripsit
806 1003 1045 1057 ὑπομνήματα
1070 1010 1308 1044 commentarios
1329 1010 1363 1043 in
1381 1008 1568 1049 Platonem,
1596 1016 1627 1041 et
1643 1005 1720 1055 περὶ
1739 1002 1869 1055 οἱςχῶν,

256 1066 291 1098 de
309 1065 495 1110 principiis,
522 1072 553 1096 et
578 1059 735 1107 historiam
755 1060 1015 1106 philosophicam.

153 1115 342 1154 Damastes,
370 1111 550 1163 Sigeensis‚
574 1126 590 1147 e
606 1113 723 1158 Sigeo,
750 1113 880 1145 ciuitate
896 1110 1061 1153 Troadis,
1088 1112 1244 1159 Dioxippi
1263 1111 1297 1145 F.
1323 1112 1399 1145 vixit
1418 1119 1491 1145 ante
1519 1109 1641 1145 bellum
1666 1107 1870 1158 Peloponne-

254 1166 397 1207 siacum,
425 1165 566 1214 aequalis
590 1163 773 1200 Herodoti,
800 1164 907 1197 homo
936 1161 1104 1197 ditissimus
1119 1173 1149 1198 et
1164 1163 1343 1200 historicus.
1395 1160 1523 1210 Scripsit
1538 1160 1696 1200 derebus,
1722 1161 1756 1194 in
1771 1160 1872 1194 Grae·

254 1221 304 1253 cia
325 1218 428 1267 geffs.
483 1219 533 1252 De
554 1215 737 1264 parentibus
762 1223 793 1249 et
813 1215 991 1249 maioribus
1015 1227 1152 1253 eorum,
1179 1217 1233 1263 qui
1255 1212 1500 1262 expeditionem
1522 1214 1708 1248 Troianam
1731 1207 1872 1257 suscepe-

256 1279 351 1311 runt,
391 1270 489 1304 libros
511 1266 604 1302 duos.
655 1267 810 1300 Gentium
835 1276 866 1300 et
889 1267 1016 1301 vrbium
1042 1265 1241 1314 catalogum.
1297 1267 1348 1301 De
1370 1267 1478 1314 poetis
1502 1276 1532 1300 et
1553 1263 1720 1313 sophistis,
1756 1272 1787 1297 et
1810 1260 1871 1296 alia

258 1321 372 1356 multa.
425 1322 496 1355 Fuit
524 1317 687 1354 Hellanici
711 1314 894 1366 discipulus.

159 1371 213 1418 [if]
241 1369 420 1410 Damasus,
465 1369 634 1418 episcopus
664 1371 811 1411 Romae,
856 1368 996 1417 eleganti
1025 1372 1058 1404 in
1088 1367 1228 1404 verslbus
1262 1366 1501 1418 componendis
1535 1367 1669 1415 ingenio
1699 1362 1871 1413 praeditus,
1907 1409 1916 1416 ⁴

259 1423 364 1459 multa
386 1436 487 1471 eaque
503 1424 612 1456 breuia
627 1423 790 1462 carmina,
809 1430 915 1455 metro
935 1422 1070 1455 heroico
1092 1419 1224 1468 scripta,
1253 1420 1353 1456 edidit
1376 1430 1406 1456 et
1429 1420 1657 1467 od'togenarius
1683 1413 1872 1453 Theodosii

260 1477 341 1522 imp.
365 1484 514 1522 tempore
535 1483 686 1508 mortuus
708 1471 762 1507 est.
817 1469 947 1519 Scripsit
967 1482 998 1507 et
1023 1473 1085 1507 alia
1107 1471 1220 1506 multa.
1691 1485 1693 1487 ·

155 1526 356 1564 Damianus,
381 1524 555 1573 Ephesius,
585 1521 740 1571 sophista,
766 1523 804 1557 ab
829 1524 908 1570 imp.
931 1525 1055 1559 Seuero
1075 1526 1158 1558 inter
1180 1520 1329 1558 consules
1347 1521 1462 1558 relatus
1479 1521 1522 1558 est
1537 1531 1567 1557 et
1588 1522 1759 1565 Bithyniae
1781 1532 1871 1567 prae-

257 1575 336 1620 fuit,
365 1586 396 1611 et
416 1580 598 1624 porticum,
626 1588 708 1623 quae
730 1575 770 1608 ab
794 1574 869 1608 vrbe
893 1573 1024 1621 Epheso
1046 1574 1084 1609 ad
1107 1574 1268 1623 templum
1290 1587 1390 1622 vsque
1413 1577 1568 1622 pertinet,
1595 1572 1693 1607 tholis
1708 1573 1847 1606 ornauit.

156 1627 293 1670 DamiS,
319 1630 367 1662 vir
392 1641 460 1662 non
483 1627 651 1668 indoxstuQ
674 1636 816 1660 veterem
835 1625 981 1659 incolens
996 1627 1131 1661 Ninum.
1184 1627 1260 1667 Hic,
1285 1624 1369 1672 apud
1390 1625 1606 1672 Apollonium
1625 1619 1871 1669 (Tyanensem)

258 1676 506 1728 philosophatus
536 1681 602 1713 eius
636 1678 914 1726 peregrinationes
951 1674 1133 1724 descripsit,
1185 1679 1219 1711 in
1253 1676 1367 1724 quibus
1394 1674 1425 1711 se
1454 1689 1584 1725 quoque
1617 1677 1774 1710 comitem
1804 1676 1871 1708 eius

258 1728 350 1765 fuisse
372 1728 497 1765 scribit:
525 1732 667 1777 itemque
693 1726 861 1763 sententias
878 1737 908 1761 et
924 1725 1087 1762 sermones
1101 1738 1132 1762 et
1148 1727 1383 1776 praediciiones
1399 1729 1478 1762 eius.
1530 1727 1642 1761 Dictio
1657 1728 1745 1765 eius,
1769 1735 1801 1759 vt
1818 1720 1871 1759 As-

256 1779 351 1826 syrii,
380 1780 555 1816 mediocris
583 1780 644 1815 est:
667 1792 800 1828 graecae
822 1781 910 1813 enim
936 1782 1092 1814 orationis
1116 1779 1295 1827 elegantia,
1333 1788 1446 1827 vtpote
1468 1777 1553 1826 apud
1577 1778 1726 1812 barbaros
1749 1775 1872 1811 institu-

258 1842 325 1872 tus,
357 1833 495 1868 carebat.
525 1841 584 1867 etc.

154 1884 384 1925 Damocritus,
412 1882 602 1923 historicus,
637 1880 840 1916 Tafficorum
862 1880 962 1915 libros
983 1878 1066 1915 duos
1090 1877 1217 1929 scripsit.
1271 1879 1363 1916 Idem
1389 1882 1427 1915 de
1450 1882 1597 1919 Iudaeis,
1622 1882 1659 1915 in·
1680 1891 1748 1929 quo
1771 1892 1871 1928 opere

260 1937 322 1974 ait,
347 1948 402 1970 eos
416 1948 551 1970 aureum
576 1933 652 1968 asini
680 1943 776 1980 caput
791 1932 945 1972 adorare,
974 1941 1004 1966 et
1025 1929 1163 1980 septimo
1186 1945 1317 1982 quoque
1337 1945 1425 1968 anno
1446 1935 1658 1982 peregrinum
1679 1941 1810 1980 captum
1826 1928 1871 1966 sa-

258 1986 404 2021 crificare
425 1996 454 2021 et
473 1986 668 2026 interficere,
695 1997 790 2019 carne
811 1986 878 2019 eius
905 1986 1091 2019 minutatim
1114 1981 1255 2020 diffessa.

156 2037 396 2086 Damophilus,
425 2035 639 2086 philosophus
653 2046 682 2072 et
697 2033 855 2083 sophissa,
882 2036 1091 2080 (Bithynus‚)
1114 2035 1265 2070 alumnus
1291 2035 1425 2078 Iuliani,
1463 2037 1516 2084 qui
1533 2032 1587 2069 sub
1604 2037 1741 2074 Marco,
1764 2036 1867 2082 impe-

263 2099 390 2129 ratore,
415 2086 530 2124 consul
545 2086 614 2123 fuit.
666 2086 796 2135 Scripsit
811 2087 930 2129 multa,
959 2089 1041 2121 inter
1058 2090 1186 2135 quaein
1209 2087 1409 2122 bibliothecis
1432 2088 1512 2121 haec
1532 2101 1549 2121 a
1566 2099 1622 2121 me
1643 2097 1769 2135 reperta
1787 2083 1868 2120 sunt.

256 2141 454 2175 Plzilvbiblus
477 2141 556 2175 liber
577 2153 655 2175 vnus
672 2137 718 2183 ¹¹¹¹)
746 2138 785 2173 de
811 2138 899 2174 libris
924 2150 1117 2185 comparatu
1143 2138 1248 2187 dignis
1272 2139 1313 2174 ad
1335 2138 1483 2175 Lollium
1499 2140 1691 2174 Maximum
1713 2137 1789 2187 περὶ
1803 2135 1866 2179 βί8

258 2188 435 2242 οἰξχοάων,
469 2193 506 2226 de
528 2193 595 2226 vita
620 2198 760 2226 veterum
789 2201 820 2225 et
845 2190 905 2225 alia
926 2189 1080 2238 plurima.

1627 2237 1868 2283 Damostratus‚

196 2315 254 2356 hh)
276 2316 457 2353 Φιλᾶβιβλος.
479 2320 578 2358 πρῶτος
592 2319 652 2357 περὶ
672 2315 835 2352 ἐξιοκτῆτιυν
854 2318 987 2352 βιβλίων·
1031 2320 1184 2354 φιλοβιβλ,
1199 2316 1354 2347 commode
1369 2317 1507 2358 punGIum
1524 2315 1611 2351 delet,
1634 2317 1781 2355 vertitque
1799 2315 1865 2353 πρῖἱ-
1910 2322 1917 2323 ‘

155 2360 190 2389 fic
204 2362 233 2390 in
252 2367 328 2392 textu
354 2372 456 2400 graeco
477 2361 592 2402 legitur.
638 2362 784 2393 Fabricius
811 2363 900 2400 igitur
923 2362 986 2402 post
1029 2372 1073 2389 τις
1086 2360 1161 2392 liber
1176 2369 1261 2392 vaus,
1307 2360 1360 2390 Sed
1377 2360 1490 2396 Kiister,
1512 2369 1597 2400 quem
1614 2359 1755 2400 puuc'mm
1774 2356 1866 2430 offe&-

1813 2410 1823 2429 1
1848 2410 1864 2429 e

1982 791 1985 796 ,
1982 760 1984 776 ἡ
1979 737 1985 754 ,-
1980 678 1985 731 -.-.
1976 551 1984 671 :ez-doma„

1985 1217 1987 1231 μ
1978 868 1987 1213 -,“-;-,,;-;.νοι-.π-ο<ι;-
1978 849 1985 864 ς.
1978 822 1985 845 :-
