2049 2720
72 112 203 141 vohvll.
224 119 311 159 tufi}-
402 152 406 157 Ι
591 131 596 145 .·
627 111 827 148 SCRIPTA
856 111 1017 147 LissAer
1050 111 1239 148 rNEmTA
1340 113 1466 152 Lih.V.
1485 128 1509 150 c.
1528 116 1668 152 XLHJ.
1720 127 1785 166 785

71 207 111 242 In
131 204 196 244 vol,
218 207 256 240 Η.
273 216 351 253 pag.
370 215 397 250 1.⁴
417 201 481 253 sqq.
504 202 591 240 idem
616 204 813 240 Amaduiiur
833 219 871 240 ex
893 204 966 241 cod.
991 203 1112 240 Medic.
1132 203 1352 254 fragmentum
1375 220 1454 243 orat.
1481 210 1600 244 Libanii
1623 211 1662 246 de
1687 211 1778 247 serui-

169 267 238 291 tute
259 254 364 304 (quod
387 256 473 291 deest
496 257 528 290 in
554 255 620 290 fine
647 259 818 296 orationis,
846 270 862 290 a
882 256 1061 293 Mox-emo,
1097 266 1178 290 tom.
1201 260 1240 293 Η.
1269 270 1317 296 or.
1341 259 1486 296 xxxffl.
1512 273 1582 309 pag.
1609 265 1683 304 6⁴2.
1712 262 1777 312 seq.

168 306 364 355 evulgatae‚)
387 305 502 344 edidit,
529 305 582 341 lat.
600 310 712 346 vertit,
739 317 771 341 et
793 305 946 355 quasdam
967 305 1125 342 subiunxit
1146 308 1380 344 adnotationes.
1416 311 1560 346 Reiskius
1585 315 1617 346 in
1643 324 1721 349 tom.
1738 316 1776 349 11.

165 370 241 406 pag.
263 364 312 400 87.
337 355 379 405 sq.
407 356 439 391 id
462 355 581 405 fragm.
613 356 741 393 subiecit
763 371 781 392 e
797 355 891 391 codd.
923 359 1031 396 Bauer,
1061 367 1092 392 et
1115 362 1198 406 Aug.
1225 359 1334 407 paullo
1367 360 1492 408 plenius
1518 363 1651 411 quidem
1680 376 1776 413 atque

164 408 378 443 emendatius:
412 421 520 457 neque
551 420 659 445 tamen
691 409 812 457 pigebit
842 408 1020 449 lectorem,
1056 407 1209 445 conferre
1241 423 1321 458 quae
1351 411 1539 448 Ainadutius
1566 413 1652 449 dedit
1678 425 1775 465 atque

165 458 327 508 explicuit.
358 474 362 478 ’

0 554 1 558 ,
63 525 188 567 Libanii
208 527 298 561 Orat.
313 538 374 575 pro
398 520 526 575 templis
552 537 756 575 paganorum
789 522 1008 562 exscindendis
1031 527 1065 561 in
1091 524 1278 564 sermonem
1301 529 1465 578 anglicum
1488 530 1646 566 transtulit
1670 532 1773 569 Natlz.

63 575 215 611 Lardner
237 580 269 612 in
291 578 366 613 Vol.
380 579 426 613 IV
428 605 436 614 .
463 576 651 614 Colledlion
677 575 720 613 of
743 579 869 612 ancient
890 574 994 613 [ewis
995 579 1019 612 h
1040 576 1104 613 and
1126 579 1278 614 Heathen
1300 580 1521 617 Testimonies
1537 592 1571 618 to
1593 584 1647 618 the
1661 583 1774 620 Truth

164 626 208 664 of
231 629 286 664 the
306 628 421 665 Christ.
440 629 601 677 Religion.
621 627 726 663 Lond.
747 632 832 672 1764.
856 639 886 671 4.

63 678 152 715 Cum
177 676 299 715 seledlis
321 678 512 728 quibusdam
529 679 640 714 luliani
659 681 739 727 imp.
763 677 871 726 opusc.
900 680 949 714 10.
979 679 1163 715 Duncsmbe
1183 693 1200 715 e
1221 693 1340 729 graeco
1367 680 1516 717 sermone
1547 685 1580 719 in
1608 684 1773 733 anglicum

165 727 323 766 transtulit
343 734 376 765 in
398 729 463 765 vol.
478 731 503 765 Ι.
520 730 627 778 plures
647 730 768 763 Libanii
788 729 956 777 epistolas,
982 733 1016 765 in
1034 732 1072 764 ΙΙ.
1097 732 1163 766 vol.
1187 733 1303 767 Liban.
1322 733 1361 767 de
1386 731 1437 768 sua
1460 736 1540 774 vita,
1565 736 1775 785 eIusdeinque

164 781 412 817 lamentationes
436 786 467 822 ι)
491 778 586 830 super
608 779 819 824 Nicomedia,
846 791 947 816 terrae
970 792 1064 817 motu
1085 780 1248 825 subuersa‚
1276 793 1307 818 et
1324 787 1359 825 2)
1381 782 1474 833 super
1490 786 1658 833 Daphnaei
1675 787 1775 836 Apol-

166 832 239 868 linis
264 829 362 878 fano,
389 831 528 867 flammis
549 829 671 867 exusto·
699 830 841 866 Londini
863 841 953 875 1734.
973 840 1005 873 8.

62 881 170 930 Reisk.
191 885 223 918 in
250 882 360 919 libello
379 882 418 917 ad
443 883 470 918 1.·
482 885 520 918 Α.
534 881 658 919 Ernesti
676 892 736 916 etc.
754 881 792 916 dc
803 884 989 929 quithsdam
1003 896 1018 918 e
1034 884 1166 918 Libanio
1185 886 1331 929 repetitis·
1347 887 1541 932 argumentis
1556 887 1600 920 ad
1617 888 1776 935 historiam

153 933 383 985 ‘ecclc-fiasticam
405 933 603 982 christianam
619 935 874 979 pertihentibus,
901 936 1045 980 inprimis
1062 936 1097 969 de
1115 935 1246 980 Optimo
1260 936 1418 983 epifi-opo,
1444 935 1524 984 Lips.
1541 950 1627 983 1759.
1643 951 1673 982 4,
1685 953 1777 988 quas.

163 985 240 1022 dam
262 982 383 1021 Libani}
409 985 558 1034 epistolas
582 983 690 1021 recudi
715 982 810 1025 fecit,
856 994 887 1020 et
907 984 1150 1033 interpretandis
1177 985 1237 1020 illis
1261 986 1302 1021 de
1330 990 1420 1022 variis
1448 988 1541 1023 rebus
1566 990 1646 1024 bene
1666 990 1774 1026 doffte-

165 1049 230 1085 que
254 1034 403 1072 disseruit.
480 1037 624 1071 Primum
658 1035 815 1084 explicuit
836 1035 1065 1084 illustrauitque
1086 1036 1252 1084 epistolam
1274 1042 1376 1081 (¹227·
1399 1041 1432 1072 in
1456 1037 1530 1074 edit.
1551 1040 1705 1082 Wolfii,)
1735 1040 1775 1078 ad

166 1089 362 1135 Optimum,
387 1088 507 1122 Libanii
528 1085 740 1136 discipulum,
765 1087 803 1121 ab
824 1084 1006 1135 episcopatu
1030 1087 1224 1135 Agdarniae‚
1252 1088 1342 1136 quod
1363 1088 1522 1137 oppidum
1549 1089 1593 1125 est
1616 1093 1776 1140 Phrygiae

164 1148 199 1174 et
212 1139 336 1186 Optimi
351 1141 467 1186 patria,
493 1138 532 1173 ad
555 1135 774 1187 episcopatum
799 1139 989 1173 Antiochiae
1009 1138 1158 1174 Pisidicae
1182 1138 1389 1181 ti·anslatum;
1426 1146 1457 1179 2)
1480 1140 1648 1188 epistolam
1678 1149 1776 1189 (205.

162 1187 215 1224 ed.
226 1186 352 1229 Wolf.)
369 1189 407 1224 ad
423 1187 632 1226 Modestum,
658 1191 813 1223 comitem
834 1191 996 1230 Orientis,
1033 1203 1114 1237 quae
1138 1188 1303 1225 historiam
1326 1192 1482 1238 Georgii,
1516 1194 1570 1240 qui
1598 1207 1627 1228 a.
1649 1197 1718 1237 356.
1742 1198 1777 1230 in

165 1239 280 1276 locum
307 1238 467 1275 Athanafii
482 1239 602 1288 expulsi
616 1236 765 1274 suffectus
782 1250 813 1274 et
834 1254 860 1274 a.
878 1243 947 1282 362.
965 1254 982 1273 a
1000 1237 1178 1275 furentibus
1200 1240 1422 1276 Alexandrinis
1444 1240 1616 1290 discerptus
1640 1244 1684 1278 est
1705 1245 1776 1280 illu.

164 1290 260 1332 strat3
312 1291 362 1326 vbi
386 1291 502 1326 Reiske
523 1300 636 1330 notat,
680 1303 752 1338 pag.
781 1294 841 1332 13.)
874 1290 1037 1326 Wolfium
1073 1303 1180 1339 neque
1210 1289 1347 1326 caussam
1367 1302 1469 1327 totam
1493 1292 1645 1340 epistolae
1668 1296 1776 1335 huius,

163 1354 272 1390 neque
290 1343 429 1376 rationes
449 1339 533 1375 illius
558 1342 690 1388 Georgii
710 1339 887 1390 perspectas
912 1339 1063 1375 habuisse.
1119 1342 1167 1376 Ex
1191 1343 1281 1376 tertia
1303 1340 1454 1390 epistola,
1477 1350 1572 1387 (730.
1593 1343 1669 1382 edit.
1692 1347 1776 1391 W.)

162 1391 203 1428 ad
227 1389 334 1427 casum
357 1393 462 1426 Marci
483 1389 690 1433 Arethusam,
736 1405 796 1439 pro
824 1405 891 1440 quo
913 1390 1107 1437 christiano,
1151 1389 1305 1439 sacrilegii
1333 1390 1509 1435 accusato,¹
1537 1395 1691 1431 Libanius
1721 1396 1777 1433 de-

154 1453 333 1493 precatur,
359 1445 558 1490 pertinente,
585 1441 701 1484 efficit,
725 1454 830 1491 neque
849 1443 1018 1477 Libanium
1041 1443 1153 1478 animo
1173 1444 1208 1476 in
1230 1442 1429 1488 Christianos
1452 1453 1518 1480 tam
1539 1443 1657 1481 infesto
1674 1445 1778 1492 fuisse,

162 1504 199 1530 vt
218 1506 335 1539 ¹omnes
357 1495 451 1528 huius
466 1491 648 1542 disciplinae
662 1491 793 1534 odisset,
818 1502 915 1542 atque
930 1491 1076 1541 fugisset,
1104 1505 1211 1542 neque
1235 1493 1396 1532 Iulianum
1414 1496 1499 1543 Aug.
1521 1509 1557 1532 ea
1575 1497 1774 1535 Christianos

146 1544 289 1581 'diritate
308 1555 339 1581 et
359 1545 528 1580 acerbitate
549 1543 615 1579 odii
637 1543 823 1592 exagitasse,
848 1547 936 1580 cuius
959 1543 1078 1580 inuidia
1099 1543 1268 1592 scriptores
1289 1545 1390 1580 nostri
1411 1558 1486 1581 eum
1504 1545 1701 1597 adspergant.
1718 1560 1777 1586 etc.

161 1594 253 1632 conf.
276 1608 408 1646 quoque
428 1597 547 1644 ephem
567 1594 696 1630 litterar.
719 1596 862 1641 Erlang.
887 1609 912 1629 a.
930 1606 1017 1641 1759.
1042 1595 1128 1645 plag.
1152 1595 1267 1630 XXVI.
1291 1609 1364 1644 pag.
1382 1608 1449 1640 234
1473 1597 1518 1646 sq.

60 1673 141 1709 Non
161 1669 341 1708 admodum
363 1670 465 1706 multa
488 1671 611 1705 Libanii
632 1668 705 1706 loca
727 1669 940 1706 emendantur
961 1680 1014 1705 aut
1035 1670 1232 1705 illustrantur
1253 1685 1270 1705 a
1284 1671 1447 1707 Doruillio
1472 1671 1511 1707 ad
1530 1675 1732 1721 Charitona,
1758 1691 1777 1712 a

166 1723 379 1757 Valckenario
401 1720 440 1756 ad
461 1719 651 1769 Euripidem
673 1731 705 1755 et
725 1719 938 1758 Herodotum
965 1721 1115 1770 aliisque3
1147 1721 1238 1771 plura
1264 1736 1281 1756 a
1302 1723 1441 1771 ‘Toupio
1469 1726 1502 1760 in
1529 1725 1712 1763 Emendatt.
1742 1730 1776 1763 in

164 1773 298 1810 Suidain
320 1783 352 1809 et
371 1770 581 1819 Hesychium.
609 1772 708 1806 Harl.

601 1881 658 1928 [lf]
686 1882 852 1928 Scripta
875 1881 1044 1916 Libanii
1068 1881 1236 1916 inedita.

65 1963 70 1966 '
137 1963 170 2002 ι)
186 1957 400 2006 Ερξβοῐανιιηι
409 1946 529 1993 multae
537 1959 698 2007 centuriae
706 1961 747 1999 ιι’)
766 1960 798 1992 in
805 1958 896 1992 variis
905 1956 1104 1991 bibliothecis
1112 1955 1215 1992 adhuc
1223 1954 1451 1999 delitescentes,
1465 1967 1560 2008 atque
1567 1959 1617 1995 vel
1625 1976 1643 1997 a
1653 1960 1777 2001 Ioanne

60 2013 214 2053 Roiuino,
229 2011 328 2047 velex
335 2009 484 2046 Friderici
493 2006 680 2057 Rossgaardi
696 2007 889 2044 bibliotheca
904 2008 955 2044 vel
962 2009 996 2042 in
1003 2019 1101 2049 noua,
1120 2021 1217 2056 quam
1227 2009 1353 2044 Romae
1360 2019 1485 2060 parant,
1503 2011 1624 2046 Libanii'
1635 2011 1776 2048 editione

1579 2062 1756 2112 vulgandae
1765 2079 1788 2100 r

101 2160 148 2194 m)
168 2154 334 2198 Epifiotam
348 2151 473 2184 Libanii
487 2150 680 2183 DCCCXLJ.
694 2151 737 2182 ad
756 2150 899 2183 Seuerum
942 2162 1006 2181 cens
1032 2151 1222 2192 Epistola-um
1247 2153 1452 2183 chxxxlx.
1500 2154 1553 2182 'Ex
1581 2154 1693 2186 dele&
1714 2158 1776 2187 Ge-

63 2201 153 2230 :itant
168 2198 346 2228 Benediekini
362 2197 439 2225 notis
458 2194 494 2224 ad
511 2195 692 2224 Ambrosium
714 2195 755 2225 T.
770 2204 795 2223 2.
812 2205 839 2236 p.
851 2198 897 2229 64.
941 2196 1019 2233 orgii
1041 2197 1182 2235 Lecapeni
1193 2216 1203 2229 ,
1232 2205 1247 2224 a
1262 2205 1321 2234 quo
1336 2197 1487 2226 CCLXIV.
1534 2197 1650 2227 Libanii
1670 2200 1776 2239 episto-

65 2240 201 2282 Valestus
214 2241 250 2270 ad
266 2241 408 2269 Ammiani.
420 2239 526 2269 xxix.
545 2248 567 2268 1.
582 2237 750 2278 Epistolam
766 2237 810 2267 ad
825 2237 898 2268 Hie·
940 2236 981 2267 las
995 2236 1111 2266 selenas
1128 2238 1228 2266 habuit
1238 2238 1383 2270 Allatius,
1403 2239 1496 2278 prima
1506 2237 1542 2267 ad
1550 2238 1720 2270 Clearchum
1731 2242 1775 2271 in.

61 2284 173 2314 roctem
188 2281 385 2314 CCLXXXI
389 2280 424 2311 V.
434 2279 506 2310 libri
522 2280 568 2313 II.
611 2281 645 2309 In
659 2279 732 2310 bibl.
745 2280 899 2309 Vindobo·
941 2282 1026 2320 cipit:
1040 2277 1181 2314 ’Ἐμελλεν
1196 2277 1461 2318 γράφωνδυὶσεεθαφ.
1488 2281 1626 2312 Codicem
1636 2284 1695 2313 MS.
1705 2284 1776 2314 Cat.

62 2326 143 2362 nenfi
159 2328 228 2356 teste
244 2325 398 2354 Lambeeio
414 2324 466 2353 v1.
483 2332 546 2362 pag.
565 2330 626 2357 255.
649 2321 739 2352 codex
754 2323 899 2352 membra-
942 2321 1045 2352 dinalis
1060 2321 1214 2351 casanatae
1238 2330 1382 2352 memorat
1397 2323 1670 2354 Schunfleisehiuss
1680 2338 1775 2362 μοικα-

62 2378 169 2400 unceus
191 2366 385 2409 Epistularum
406 2366 612 2397 ccccxvm.
629 2372 667 2409 'et
692 2364 899 2410 aliu-'charta-
938 2365 1012 2406 ,ρι’-τηε
1029 2365 1071 2394 T.
1082 2374 1108 2392 z.
1123 2364 1274 2405 Epistolar.
1289 2368 1440 2402 παθη-69-
1454 2376 1484 2407 p.
1497 2374 1559 2397 101..
1588 2369 1774 2400 Deikissimus

107 2418 175 2451 Vol.
199 2418 257 2450 VI.
611 2408 613 2411 ¹
811 2461 823 2472 ο
843 2439 849 2447 .
991 2409 1051 2457 Gg
1059 2420 1081 2456 g
1090 2419 1141 2457 gg
1727 2411 1774 2446 Ιυ.
