2049 2720
74 140 286 174 v01.111.p.401
376 164 379 167 .
530 134 719 173 SCRIPTA
751 133 1043 195 PHLEG-ONTIS
1071 134 1333 172 DEPERDITA
1384 137 1456 174 Lib.
1469 137 1538 176 IV.
1558 151 1582 174 c.
1595 139 1686 177 XV.
1737 154 1793 187 257

72 235 168 272 dauit.
195 231 316 281 [Lugd.
335 233 402 268 Bai.
419 234 505 268 1620.
524 243 552 274 4.
574 233 608 266 in
630 229 754 266 duobus
776 230 935 280 exemplis
955 229 1033 269 bibl,
1047 227 1192 265 Leidens.
1216 230 1323 274 (catal.
1338 244 1410 279 pag.
1430 234 1512 279 255.)
1534 233 1607 270 sunt
1624 233 1788 284 quaedam

69 299 169 322 manu
186 284 363 335 adscripta.-
377 296 441 320 rec.
457 298 474 318 a
491 285 621 323 Lamia,
646 285 678 317 in
695 292 775 318 tom.
791 285 862 319 VII.
878 297 956 332 opp.
970 281 1131 328 Meurffi]
1183 283 1278 317 Tum
1301 282 1446 319 libellum
1471 285 1510 319 de
1533 287 1728 322 mirabilibus
1756 297 1788 323 et

67 337 206 373 alterum
231 336 271 373 de
295 336 616 385 longaeuis'lacobus
635 335 817 371 Gronouius
839 348 879 371 ex
900 332 1038 371 Meurfii
1062 333 1204 369 editione
1226 333 1450 371 recudendum
1473 336 1562 372 dedit
1582 349 1679 373 tomo
1692 340 1786 376 VIII.

8 391 10 394 ’
66 387 204 425 thesauri
221 391 450 438 antiquitatum
466 400 678 436 graecarum,
701 389 786 422 notis
801 386 935 422 Meurfii
947 399 1007 437 per
1022 385 1164 434 singulas
1182 389 1318 435 paginas
1340 385 1444 423 statim
1467 385 1635 424 substratis.
1688 391 1786 439 Frag-

65 451 219 476 mentum
239 440 279 476 de
300 440 467 489 Olympiis
487 439 587 475 exstat
607 449 705 475 tomo
722 440 776 474 IX.
802 440 928 474 Fabric.
991 437 1173 474 Nouislima
1194 437 1297 473 editio
1319 437 1380 474 est:
1400 440 1604 488 ,Phlege-ntis
1624 441 1787 477 Tuzlliani

65 489 223 542 opuscula
252 506 368 541 graece
394 502 425 528 et
452 491 505 526 lat.
534 505 552 526 e
575 490 763 527 recenlione
785 491 832 526 Io.
848 489 994 526 Meurfii.
1062 487 1271 525 Accefferunt
1294 489 1440 528 eiusdem
1465 502 1495 526 et
1518 492 1609 528 Guil.
1624 492 1787 538 Xylandri

63 541 292 580 animaduerff.
324 564 372 571 --
414 545 535 578 lterum
567 541 684 584 edidit,
717 541 943 578 animaduerff.
965 540 1152 591 iudicesque
1175 542 1392 588 (vberrimos‚
1418 545 1450 577 in
1474 546 1587 592 quibus
1610 543 1649 580 de
1673 547 1785 585 homi-

60 596 172 636 nibus,
198 593 328 630 vrbibus
353 597 528 643 terrisque,
558 593 599 629 de
622 595 735 642 quibus
757 597 790 629 in
816 595 927 642 Phleg.
955 591 1118 641 opusculis
1139 591 1247 629 sermo
1270 592 1332 634 est,
1366 595 1530 643 copiofius
1548 598 1683 645 agitur,>
1702 600 1784 632 item

61 658 110 682 res
129 648 290 698 verbaque
311 646 538 694 explicantur‚)
577 644 694 682 adiecit
720 647 748 680 I.
766 647 825 681 Ge.
842 648 936 682 Frid.
954 647 1129 681 Franzius.
1160 645 1268 680 Halae
1292 644 1449 693 Magdeb.
1473 659 1560 692 ¹775-
1584 655 1618 688 8,
1641 668 1694 675 —
1721 649 1787 684 Ad.

62 697 204 734 modum
225 702 321 748 pauci
344 696 502 747 superesse
522 695 670 733 videntur
690 696 819 733 codices
843 701 951 736 mssti..
989 700 1023 732 in
1045 697 1160 746 quibus
1186 698 1379 744 Phlegfflzris
1403 711 1481 746 opp.
1501 709 1685 735 occurrant.
1745 702 1783 736 In

60 750 135 785 bibl.
152 751 306 787 Laurmt.
319 751 484 790 Mediana,
515 748 592 785 teste
613 750 778 785 Bandinio
800 749 895 786 catal.
918 748 1013 785 codd.
1038 761 1087 797 gr.
1111 759 1194 789 tom.
1213 751 1251 783 11.
1277 748 1340 784 col.
1359 762 1423 796 290
1437 748 1482 799 sq.
1506 754 1541 787 in
1561 751 1636 789 cod.
1653 753 1676 786 I.
1697 750 1780 800 plut.

17 844 19 846 ‚
57 803 142 836 LVI.
164 816 213 838 nr.
231 804 271 838 II.
298 811 478 838 occurrunt
497 813 592 850 capp.
613 800 774 851 quaedam
798 799 839 836 de
859 803 957 836 variis
981 803 1204 848 argumentiS‚
1243 802 1386 836 auctoris
1412 806 1592 850 anonymi,
1626 817 1644 838 e
1665 815 1715 852 gr.
1740 803 1781 840 de

56 850 222 896 fontibus,
249 852 439 902 paludibus,
467 863 499 888 et
519 852 728 893 fluminibus,
756 861 920 902 quotquot
941 852 1107 888 mirabilia
1127 855 1162 888 in
1189 851 1221 888 se
1244 852 1316 901 ipfis
1337 854 1472 897 habent,
1497 865 1528 890 et
1546 858 1579 890 in
1593 854 1660 890 fine
1676 855 1781 892 multa

45 904 97 942 de
111 905 408 941 Nili‘inundatione
423 903 628 946 differuntur,
652 914 725 939 tum
741 904 781 940 de
801 905 989 940 mulieribus
1008 903 1148 940 sortibus
1163 907 1301 954 artisque
1319 905 1453 941 bellicae
1469 903 1656 950 scientibus3
1685 920 1781 956 quae-

55 969 136 998 nam
157 955 276 992 domus
296 968 431 1005 propter
455 956 608 992 mulieres
628 955 689 991 smt
710 954 857 999 euersaez,
879 959 1015 1006 quinam
1036 954 1150 991 fratres
1172 956 1226 991 vel
1243 958 1347 991 amici
1369 968 1483 992 mutua
1503 956 1567 994 sese
1587 961 1716 994 caritate
1735 958 1781 993 di-

55 1007 211 1050 lexerint3
238 1007 278 1044 de
294 1006 467 1046 fabulosis,
494 1020 577 1055 quae
592 1006 676 1055 apud
695 1018 805 1055 poetas
823 1006 991 1056 seulfus,
1017 1006 1157 1043 deorum
1173 1006 1376 1055 dearumque
1390 1007 1646 1058 metamorphos.
1664 1023 1778 1058 porro,

53 1058 111 1094 vbi
126 1062 263 1109 quisque
279 1061 483 1096 Graecorum
498 1057 641 1107 sepultus
658 1056 775 1101 fuerit,
800 1069 833 1094 et
855 1058 932 1108 quid
953 1057 1048 1107 ipsius
1071 1059 1201 1094 tumulo
1223 1057 1262 1093 fit
1281 1056 1553 1108 superscriptum3
1580 1060 1620 1096 de
1633 1063 1780 1097 Homeri

53 1120 152 1160 atque
172 1110 308 1147 Hefiodi
330 1115 394 1148 vita
416 1121 511 1159 atque
532 1113 718 1153 certamine.
773 1111 909 1145 Horum
931 1108 1168 1159 opusculorum
1190 1112 1379 1151 amflorem,
1410 1110 1587 1148 adnotante
1606 1114 1780 1156 Bandinio,

51 1160 160 1198 Lucas
182 1163 332 1199 Holssen.
353 1166 386 1199 in
408 1160 526 1197 scheda
546 1170 631 1195 msta
655 1161 804 1207 putabat,
828 1159 892 1196 esse
912 1163 1133 1209 Phlegontem
1149 1161 1383 1204 Trallianum,
1408 1162 1516 1199 addita
1541 1163 1777 1207 obseruatione,

53 1227 95 1250 ex
110 1214 171 1251 isso
185 1213 299 1250 codice
313 1214 377 1249 alia
395 1214 433 1249 ab
447 1214 554 1247 Henr.
573 1214 758 1260 Stephano,
782 1211 843 1247 alia
857 1226 876 1247 a
891 1214 1035 1247 Cantero
1051 1210 1113 1253 esse
1128 1212 1299 1260 publicata.
1326 1212 1491 1249 Bandinus
1503 1224 1614 1250 tamen
1629 1216 1779 1252 animad-

20 1283 24 1292 »
50 1268 164 1309 vertit,
190 1279 229 1301 ea
251 1263 313 1301 effe
330 1264 425 1302 valde
448 1262 571 1299 diuersa
592 1264 632 1298 ab
651 1261 816 1312 opusculis
832 1264 1024 1311 Phlegontis
1043 1262 1149 1299 editis.
1201 1264 1292 1298 Hinc
1308 1265 1498 1307 arbitratur,
1524 1280 1562 1302 ea
1582 1267 1634 1302 vel
1648 1267 1778 1303 alterius

50 1317 323 1366 historiographi,
346 1317 403 1354 vel
425 1314 536 1352 saltem
565 1328 603 1350 ex
619 1314 800 1364 Phlegonte
824 1317 1001 1352 commeta.
1057 1317 1108 1351 De
1129 1314 1182 1350 lib.
1201 1314 1241 1350 de
1255 1315 1335 1351 Nilo
1356 1314 1423 1365 ipse
1441 1319 1533 1353 Fabr.
1551 1318 1663 1368 postea
1680 1333 1778 1368 quae.

51 1369 129 1406 dam
153 1369 333 1405 adnotauit.
385 1368 459 1404 Alia
476 1378 590 1404 tamen
613 1380 697 1402 num
721 1367 761 1403 ad
785 1367 885 1403 libros
907 1366 1100 1416 Phlegontis
1126 1365 1330 1415 deperditos,
1365 1382 1507 1418 quorum
1534 1371 1671 1418 plenum
1695 1380 1779 1406 cata.

51 1421 170 1470 logum
196 1434 265 1457 non
285 1419 372 1457 dedit
390 1418 526 1461 Suidas.
553 1417 659 1464 (addit
679 1421 768 1454 enim
790 1435 850 1465 χςι]
874 1416 1008 1463 Sinna)
1036 1417 1098 1454 fint
1116 1417 1306 1462 reserenda,
1339 1434 1399 1462 an,
1427 1420 1515 1469 quod
1539 1422 1698 1458 lubentius
1720 1435 1778 1471 pu-

48 1482 140 1515 tem,
165 1473 219 1509 alii
239 1474 363 1509 aucto&
384 1470 602 1519 adfignanda‚
627 1470 748 1507 altioris
767 1469 829 1506 esse
855 1470 978 1506 videtur
997 1469 1170 1519 indaginis.
1194 1492 1249 1499 —
1273 1474 1312 1506 In
1333 1472 1405 1508 cod.
1421 1472 1554 1509 Coislin.
1570 1472 1776 1517 (Montfaue.

52 1524 146 1560 catal.
162 1523 261 1560 codd.
278 1522 358 1560 bibl.¹
371 1524 471 1561 Coisl,
485 1536 558 1571 pag.
574 1524 660 1566 283.)
683 1525 715 1558 in
737 1521 1029 1572 fragmsStephani
1048 1523 1127 1566 Byz.
1150 1525 1266 1558 citatur
1286 1521 1378 1558 locus
1396 1536 1434 1559 ex
1451 1526 1639 1574 Phlegontis
1658 1526 1777 1571 Olym-

49 1575 147 1626 piade
166 1577 223 1610 lv.
247 1596 299 1605 --
326 1575 443 1612 Codex
458 1575 566 1610 Palat.
586 1587 625 1610 ex
647 1588 714 1624 quo
731 1574 899 1621 Xylander
914 1573 1006 1612 suam
1027 1577 1155 1625 parauit
1166 1574 1369 1618 editionem,
1391 1589 1473 1613 num
1489 1579 1524 1613 in
1540 1577 1613 1614 bibl.
1629 1580 1776 1615 Vatican.

49 1628 157 1665 illatus
177 1626 234 1672 fit‚
254 1626 379 1665 nescio.
405 1626 506 1664 Harl.

488 1738 548 1772 111.
599 1737 771 1784 Scripta
808 1736 1060 1787 Phlegontis
1100 1735 1333 1783 deperdita.

151 1827 177 1852 1.
199 1811 470 1862 Ὀλυμπιονικέν
489 1810 549 1861 ,(ρή
569 1814 728 1864 χρονικῶν
750 1813 936 1862 συναγωγὴ
961 1813 1001 1850 de
1022 1814 1270 1863 Olympionicis
1293 1824 1324 1849 et
1346 1814 1440 1849 rebus
1460 1827 1521 1863 per
1541 1816 1655 1852 orbem
1675 1825 1775 1852 ‘terra-

51 1879 125 1902 rum
145 1866 238 1914 gestis
259 1879 360 1913 vsque
390 1865 431 1900 ad
456 1877 598 1901 extrema
622 1865 781 1900 Hadriani
804 1868 885 1915 imp.
912 1866 978 1902 fine
1000 1864 1240 1915 Olympiadem
1258 1864 1279 1909 ¹)
1297 1866 1472 1902 CCXXIX.
1489 1880 1513 1901 1.
1537 1868 1610 1902 libri
1624 1870 1711 1902 XVI.
1732 1867 1775 1903 ad

51 1915 256 1954 Alcibiadem
275 1915 469 1965 quemdam,
492 1930 596 1951 vuum
615 1930 654 1952 ex
671 1917 875 1964 stipatoribus
894 1917 1054 1952 Hadriani
1071 1920 1151 1966 imp.
1186 1916 1269 1951 Vide
1284 1917 1418 1951 Suidam
1435 1920 1467 1951 in
1484 1919 1628 1964 Φλέγων
1643 1930 1674 1954 et
1689 1921 1774 1954 Pho.

49 1972 134 2004 tium
155 1967 231 2004 cod.
245 1968 379 2003 XCVII.
408 1970 465 2015 qui
485 1967 565 2015 legit
587 1964 749 2015 primores
770 1969 864 2003 huius
889 1972 996 2016 operis
1019 1968 1119 2003 libros
1141 1969 1298 2016 quinque,
1322 1966 1502 2004 definentes
1519 1973 1550 2004 in
1568 1970 1773 2018 Olympiade

51 2021 240 2056 CLXXVII.
294 2022 420 2055 Citatur
442 2021 509 2054 hoe
532 2031 634 2066 opus,
660 2018 752 2067 quod
772 2032 848 2054 cum
869 2033 991 2067 magna
1011 2022 1126 2054 veteris
1148 2019 1301 2054 historiae
1326 2030 1357 2055 et
1376 2022 1639 2071 chronologicae
1661 2025 1709 2058 rei
1729 2023 1774 2057 ia-

48 2073 142 2109 <tura
162 2070 342 2115 intercidit,
372 2071 415 2106 ab
441 2074 606 2120 Origene,
638 2068 797 2114 Eusebio,
824 2073 991 2121 Stephano
1015 2072 1090 2117 Byz.
1114 2070 1259 2120 aliisque.
1311 2072 1535 2121 Reprehendit
1556 2079 1591 2110 in
1609 2074 1669 2110 illo
1691 2076 1774 2111 Pho-

1708 2135 1772 2162 Ilus

93 2253 116 2288 Ι)
148 2253 296 2290 Qioniam
326 2260 416 2280 annus
445 2251 556 2290 primus
584 2249 702 2291 olymp.
726 2252 881 2282 CCXXIX.
933 2259 1005 2280 num
1024 2250 1056 2280 P.
1076 2253 1101 2281 Ι.
1116 2257 1203 2287 48ςο.
1232 2261 1318 2292 quam
1340 2253 1405 2282 viro
1428 2252 1590 2284 doc'tiffimo
1613 2252 1770 2285 Antonino

49 2296 124 2337 Imp.
140 2295 290 2325 Hadriano
311 2293 479 2324 emortualis
502 2293 575 2329 fuit,
605 2302 633 2323 et
655 2296 774 2324 Photius
795 2294 881 2324 Phle-
935 2293 1038 2334 Pagi,
1062 2295 1112 2334 qui
1129 2295 1164 2324 ad
1182 2306 1206 2324 a.
1222 2297 1290 2325 Chr.
1311 2300 1371 2332 136.
1388 2308 1433 2327 nr.
1451 2304 1464 2329 S
1497 2308 1550 2337 pro
1571 2306 1648 2327 certo
1669 2306 1768 2326 tenen·

19 2374 22 2377 Ι
49 2340 144 2377 gomis
158 2339 244 2379 ipfius
258 2338 355 2367 verbis
372 2338 506 2373 testatur,
530 2338 606 2366 hunc
623 2338 783 2367 chronicon
798 2337 881 2367 suum
935 2336 1004 2366 dum
1020 2337 1163 2373 adfirmat,
1175 2338 1384 2380 Olympiadem
1396 2342 1548 2370 CCXXIX.
1563 2340 1639 2380 apud
1650 2340 1769 2370 Suidatn

52 2380 214 2422 perduxisse
234 2383 321 2421 μέχρι
342 2382 392 2409 τῶν
412 2377 534 2420 Ἀδριανέ
555 2377 673 2419 χρέων,
708 2381 775 2410 hinc
802 2380 882 2411 malo
934 2382 1079 2419 integram
1095 2381 1226 2420 includi,
1247 2393 1310 2414 non
1334 2393 1407 2414 vero
1427 2382 1540 2414 excludi
1554 2390 1704 2425 oportere.

52 2423 191 2454 adsentiri
207 2424 337 2465 Patauio
352 2425 434 2465 XIII.
454 2423 490 2454 de
509 2423 644 2454 dom-ina
667 2430 756 2466 temp.
776 2424 812 2454 ad
833 2435 882 2455 an-

99 2474 164 2506 Vol.
181 2474 218 2507 V.
952 2466 1010 2504 Kk
