2013 2725
226 152 291 198 '436
341 149 416 188 Lib.
426 145 499 187 IV.
512 160 535 188 t.
550 145 660 185 XIX.
709 147 1006 187 SINGVLORVM
1040 145 1279 187 LYBRORVM
1310 145 1490 192 GALENL

229 244 304 281 cod.
323 245 379 279 Vl.
400 243 492 279 catal.
506 255 582 293 pag.
597 255 652 288 70.
678 263 729 271 —
755 241 872 280 Codex
891 255 1025 292 graecus
1048 243 1092 280 est
1111 245 1145 279 in
1164 242 1239 279 bibl.
1261 243 1338 278 Diu.
1353 242 1461 278 Marci
1478 241 1517 278 V
1517 248 1623 282 (neta,
1645 241 1719 281 eod.
1735 242 1939 281 cclxxix.

231 296 340 341 (catal.
358 308 433 344 pag.
450 297 524 342 135.)
549 315 600 322 —
626 293 713 331 Cod.
731 296 852 331 latinus
875 295 916 332 de
932 296 1100 332 virtutibus
1119 295 1318 330 naturalibus
1338 294 1537 329 cibariorum
1556 294 1654 331 exstat
1671 299 1704 331 in
1726 296 1800 331 bibl.
1815 295 1938 344 colleg.

230 347 429 394 Merca-mnf
452 347 558 382 Oxou.
582 359 630 382 nr.
648 350 723 391 685.
780 346 890 384 Exssat
909 357 940 383 et
960 349 1017 384 lat.
1043 360 1101 397 per
1124 345 1259 382 fratrem
1283 347 1325 381 G.
1344 346 1381 380 de
1398 346 1564 382 Morhccka
1584 348 1618 382 in
1642 346 1716 382 bibl.
1737 348 1814 383 Diu.
1827 344 1939 382 Marci

233 400 274 436 V
272 406 350 435 enet.
371 397 446 435 cod.
462 399 656 434 CCCXVII.
685 397 777 435 catal.
800 397 898 435 codd.
920 401 977 435 lat.
1000 412 1075 448 pag.
1094 410 1155 442 ¹37·
1179 418 1229 424 —
1256 397 1399 433 Galenus
1418 395 1459 433 de
1483 397 1664 442 alimentis,
1695 400 1815 433 arabice
1836 395 1940 434 Cafin'

229 463 278 487 nr.
296 456 372 496 798.
398 469 447 477 —
474 448 596 486 Prodiit
615 461 746 497 graece,
771 449 859 499 apud
882 449 957 486 fed.
972 449 1169 486 Morellum.
1202 446 1295 484 Paris.
1315 459 1396 494 1557.
1421 455 1452 488 8.
1476 468 1528 476 —
1553 449 1688 490 Latine,
1710 451 1886 497 interprete
1907 455 1941 483 et

230 511 415 537 enarratore
435 502 586 537 Martino
605 502 785 548 Gregorio,
817 501 922 551 Lugd.
939 514 1024 548 1547·
1039 502 1116 539 16.·
1141 511 1230 546 1549.
1248 501 1295 536 16.
1324 511 1407 546 1550.
1422 512 1467 537 12.
1491 519 1543 527 —
1567 502 1684 537 Galam·
1707 500 1747 537 de
1768 500 1941 536 alimento·

230 565 304 588 rum
322 551 528 588 facultatibus
544 552 618 588 libri
633 553 688 589 ΙΙΙ.
710 565 749 588 ex
763 554 872 589 Mart.
886 555 1045 602 Gregorii
1058 553 1325 601 interpretatione
1338 551 1482 599 pluribus
1497 553 1530 587 in
1547 551 1630 588 locis
1646 551 1828 588 emendata.
1862 550 1942 587 Sub-

228 605 360 641 iunctus
374 603 419 640 est
434 603 668 640 alimentorum
688 602 787 640 index
806 617 958 654 graecus,
982 605 1117 647 latinus,
1142 602 1290 652 gallicus,
1313 602 1468 651 belgicus.
1495 602 1598 652 Lugd.
1612 605 1679 641 Bat.
1695 606 1780 648 1633.
1793 606 1865 639 12.t
1891 619 1943 629 —

229 655 436 704 Augustinus
455 656 661 692 Gadaldinus
680 657 981 704 interpretationem
1002 658 1101 692 Mart.
1117 656 1269 703 Gregorii
1298 653 1338 689 ad
1362 654 1599 702 exemplarium
1621 667 1818 704 graecorum
1840 651 1944 690 fidem

230 709 435 757 expurgauit.
500 706 662 743 Eamdem
688 706 874 744 emendauit
903 710 1002 745 etiam
1026 708 1155 744 Riccus.
1183 726 1236 735 —
1265 707 1379 742 Italica
1399 706 1540 757 prodiit,
1579 716 1724 744 vertente
1743 706 1944 754 Hieronymo

231 759 402 795 Sacchetto.
429 760 545 795 Vener.
564 762 648 804 1562.
662 766 693 801 8.

329 846 382 887 67·
406 842 485 894 Περὶ
503 841 674 892 εὐχυμίας·
695 841 755 890 »wei
775 844 1001 893 κακοχυμίοις
1022 844 1166 892 τροφῶν.
1217 841 1274 879 De
1286 844 1400 888 probis
1411 845 1585 891 pronisque
1598 845 1819 880 alimentorum
1826 841 1944 891 succis.

230 893 286 930 Est
299 896 334 929 in
353 893 472 929 Aldina
494 905 574 943 part.
593 896 652 931 lv.
672 891 732 930 fol.
747 897 801 942 69.
827 898 861 930 in
881 908 998 943 graeca
1011 894 1103 931 Bafil.
1120 903 1199 943 part.
1215 895 1270 929 lv.
1292 906 1370 942 pag.
1385 907 1446 938 35¹.
1473 897 1507 930 in
1522 893 1594 930 edit.
1610 896 1771 930 Charterii
1788 905 1872 929 tom.
1884 895 1944 930 Vl.

229 957 304 994 pag.
320 948 388 989 416.
413 947 448 980 ἰ11
467 943 605 994 septima
620 947 789 981 luntarum
806 944 891 981 class.
909 948 951 981 ll.
973 943 1033 981 fol.
1049 957 1097 989 33.
1148 947 1227 980 Non
1249 946 1325 979 citat
1340 944 1484 980 Galenus
1502 946 1590 980 hunc
1609 945 1731 981 librum
1753 947 1835 981 inter
1858 942 1945 981 suot.

230 994 364 1046 Scripfit
378 1008 456 1032 vero
475 997 566 1031 hune
582 995 716 1038 librum,
740 1008 817 1031 cum
834 993 923 1032 senio
940 999 1004 1032 iam
1021 998 1318 1045 appropinquaret,
1339 995 1416 1032 teste
1437 994 1506 1045 ipso
1523 999 1592 1032 eius
1608 997 1680 1032 libri
1698 1006 1809 1040 textu,
1835 1009 1903 1045 cap.
1920 1007 1946 1032 1.

230 1060 307 1098 pag.
325 1060 399 1093 420.
450 1047 563 1083 Multa
585 1049 619 1082 in
641 1049 708 1083 hoc
729 1046 842 1083 libello
865 1057 1040 1083 occurrunt
1060 1045 1139 1082 scitu
1162 1046 1250 1082 vtilia
1273 1045 1313 1083 de
1336 1050 1441 1083 noxiis
1464 1048 1700 1084 alimentorum
1722 1046 1947 1097 quorumdam

231 1099 456 1149 qualitatibus,
489 1096 675 1147 fungorum
693 1108 754 1135 cet.
814 1102 861 1136 Ex
880 1097 936 1135 esu
957 1097 1093 1148 frugum
1117 1107 1149 1134 et
1168 1095 1336 1135 fruetuum
1356 1100 1557 1135 horaeorum
1581 1100 1738 1136 morbum
1762 1097 1828 1148 ipse
1851 1098 1952 1135 Gale·

229 1163 292 1188 nus
311 1152 494 1192 contraxit,
514 1163 613 1199 quem
636 1147 793 1186 describit.
819 1171 870 1177 —
897 1149 1012 1186 Codex
1030 1157 1167 1197 graecus
1190 1149 1235 1186 est
1256 1153 1288 1185 in
1311 1150 1387 1186 bibl.
1407 1152 1490 1188 Diu.
1506 1153 1614 1187 Marci
1636 1151 1710 1188 cod.
1727 1151 1947 1187 CCLXXXV.

231 1202 341 1248 (catal.
357 1214 430 1251 pag.
449 1203 530 1248 ¹37·)
550 1212 581 1237 et
603 1203 636 1237 in
655 1200 817 1238 Medicea.
847 1201 984 1237 Bandini
1002 1205 1057 1236 111.
1071 1214 1146 1250 pag.
1161 1214 1224 1246 127.
1276 1203 1363 1237 Libri
1385 1201 1427 1237 de
1447 1202 1624 1246 cruditate,
1649 1216 1748 1253 quem
1771 1204 1862 1239 hunc
1883 1198 1947 1238 effe

230 1263 335 1303 puto,
359 1251 465 1289 codex
484 1264 622 1299 graecus
643 1252 689 1288 est
711 1255 746 1288 in
770 1252 916 1288 biblioth.
937 1253 1028 1302 publ.
1047 1251 1142 1289 Paris.
1164 1265 1213 1288 nr.
1228 1254 1454 1292 MMCCLVI,
1481 1274 1530 1282 —
1559 1254 1683 1291 Prodiit
1698 1266 1824 1302 graece.
1851 1250 1948 1289 Paris.

231 1309 317 1351 1536.
339 1325 390 1331 —
415 1305 550 1343 Latine,
577 1314 721 1339 vertente
735 1305 832 1340 Ferd.
848 1305 1016 1344 Balamio,
1042 1317 1118 1339 cum
1136 1303 1207 1338 aliis
1221 1304 1347 1339 Galeni.
1369 1304 1458 1340 Bafil.
1477 1317 1552 1350 1535.
1567 1304 1628 1341 fol.
1651 1324 1703 1332 —-·
1728 1307 1859 1348 Latine,
1878 1317 1949 1341 ver·

230 1366 319 1392 terite
344 1355 457 1401 Sebast.
473 1356 595 1401 Scrofa.
624 1355 727 1403 Lugd.
745 1368 832 1401 ¹547·
852 1368 894 1392 12.
919 1376 970 1382 —
993 1356 1108 1391 Galeni
1127 1354 1166 1390 de
1189 1355 1279 1391 bono
1301 1365 1333 1391 et
1355 1355 1447 1391 malo
1468 1353 1564 1392 succo
1585 1357 1668 1393 liber
1687 1369 1768 1392 vnus
1791 1371 1810 1392 a
1832 1355 1948 1404 Sebqst.

231 1408 344 1453 Scrofa
366 1409 400 1442 in
419 1406 559 1441 latinum
583 1404 770 1442 conuersus.
794 1403 887 1442 Paris.
911 1406 997 1455 apud
1014 1406 1134 1442 Christ.
1150 1406 1301 1442 Wechel.
1328 1409 1416 1452 1546.
1432 1416 1463 1449 8.
1479 1414 1499 1435 θ
1521 1427 1574 1435 -
1601 1410 1706 1446 Vertit
1726 1410 1826 1446 etiam
1840 1409 1950 1445 Iulius

231 1459 495 1500 Alexandrinus,
520 1456 666 1493 medicus
682 1456 917 1498 Tridentinus,
944 1458 1079 1497 Riccus,
1103 1467 1135 1493 et
1155 1457 1353 1504 Sebqfiiamis
1368 1460 1472 1506 Sirop.

333 1548 392 1584 68.
411 1539 497 1581 ‘'Oi-1
519 1540 571 1581 τοὶ
591 1544 653 1587 τῆς
672 1541 797 1590 ψυχῆς
818 1539 885 1588 ἢθη
905 1542 985 1582 nas
1005 1544 1053 1583 τέ
1077 1540 1242 1592 σώματος
1263 1538 1418 1594 κράσεσιν
1437 1546 1568 1593 ἕπεταί.
1620 1544 1718 1591 Quod
1729 1546 1828 1582 animi
1846 1557 1949 1581 mores

232 1597 375 1641 eorporis
399 1601 642 1640 temperamenta
656 1595 846 1642 sequantur.
912 1594 1021 1630 Exstat
1045 1598 1079 1630 in
1102 1597 1176 1630 edit.
1199 1594 1308 1631 Aldin.
1333 1604 1414 1643 part.
1429 1597 1454 1631 Ι.
1478 1593 1539 1631 fol.
1556 1598 1625 1636 168.
1657 1598 1692 1632 in
1715 1609 1833 1645 graeca
1855 1596 1949 1633 Bafil.

231 1657 314 1697 part.
330 1647 355 1682 1.
372 1658 447 1695 pag.
462 1658 533 1692 344.
560 1647 595 1681 in
609 1645 684 1682 edit.
699 1648 781 1681 Ren.
797 1647 959 1681 Charterii
976 1656 1057 1681 tom.
1074 1648 1114 1680 V.
1131 1659 1163 1695 p.
1180 1658 1256 1690 444.
1281 1649 1315 1682 in
1336 1644 1472 1694 septima
1487 1648 1654 1683 luntarum
1670 1646 1754 1684 claffi
1770 1651 1793 1684 1.
1807 1646 1870 1685 fol.
1884 1659 1949 1692 231.

231 1697 287 1735 Est
301 1711 339 1733 ex
353 1699 487 1746 optimis
503 1697 637 1738 Galeni,
665 1699 719 1746 qui
743 1697 783 1732 ab
806 1698 844 1731 iis
867 1710 937 1733 non
959 1695 1123 1732 dissentire
1145 1696 1290 1741 videtur,
1317 1699 1373 1745 qui
1397 1695 1566 1741 adserunt,
1592 1702 1741 1734 animum
1762 1701 1949 1738 humanum

231 1764 251 1786 a
267 1751 404 1784 materia
417 1747 558 1796 quadam
573 1745 637 1783 effe
651 1747 841 1784 conflatum.
893 1748 988 1783 Liber
1009 1759 1076 1784 erat
1098 1761 1234 1783 mancus
1256 1758 1287 1783 et
1306 1748 1417 1783 vltima
1436 1758 1526 1796 parte
1547 1749 1681 1785 mutilus
1696 1753 1729 1785 in
1747 1750 1823 1787 edit.
1837 1751 1949 1789 Aldin-

232 1811 264 1837 et
277 1798 456 1836 Basileenfi.
505 1801 691 1835 Charterius
705 1812 780 1835 eum
799 1801 944 1848 primum
964 1801 1130 1848 integrum
1148 1799 1292 1835 exhibuit
1312 1801 1345 1834 in
1367 1800 1517 1848 operibus
1532 1800 1649 1836 Galeni
1665 1801 1738 1849 post
1754 1801 1949 1839 federicum

231 1851 433 1889 Morellum.
484 1851 619 1886 Librum
641 1852 807 1899 integrum
830 1848 997 1899 scriptum,
1018 1865 1036 1886 a
1052 1848 1248 1887 Casaubono
1262 1860 1452 1898 acceptum,
1478 1850 1627 1887 adhibuit
1648 1852 1689 1888 ad
1711 1852 1949 1892 restituendum

233 1916 312 1940 eum
330 1903 450 1938 librum
467 1903 665 1937 Charterius.
687 1922 738 1929 —
767 1901 889 1937 Prodiit
905 1914 1031 1950 graece,
1058 1915 1115 1950 per
1137 1900 1212 1937 Fed.
1226 1901 1434 1942 Metellum,
1466 1904 1523 1950 qui
1543 1903 1632 1938 hunc
1650 1902 1770 1939 librum
1790 1905 1949 1953 integrio-

232 1968 305 1992 rem
321 1953 439 1995 edidit,
463 1950 557 1990 Paris.
575 1960 657 1998 1528.
673 1959 703 1993 8.
756 1955 875 1989 Graece
889 1964 919 1988 et
934 1953 1032 1988 latine
1048 1952 1172 2001 prodiit
1187 1966 1263 1988 cum
1281 1952 1352 1987 aliis
1369 1953 1502 1998 Galeni,
1529 1966 1606 1989 cura
1621 1954 1757 1990 Theod.
1774 1956 1952 1994 Goulsson.

232 2004 378 2042 Londin.
401 2007 496 2048 1640.
517 2016 547 2048 4.
606 2007 694 2040 Cum
717 2005 789 2041 aliis
810 2005 1006 2040 Guintlzerio
1034 2006 1228 2052 interprete,
1261 2007 1346 2048 1617.
1370 2016 1413 2039 12.
1481 2004 1590 2040 Exstat
1616 2008 1714 2042 etiam
1742 2007 1844 2043 Pauli
1857 2009 1950 2045 Iunis·

233 2057 336 2103 Craffi
350 2054 454 2091 verfio
474 2058 506 2090 in
521 2054 636 2092 Galeni
653 2069 732 2105 opp.
747 2055 864 2092 latinis.
891 2076 941 2084 —
966 2059 1012 2095 lo,
1026 2057 1126 2102 Bapt.
1141 2055 1304 2104 Personae
1327 2058 1360 2090 in
1381 2054 1496 2091 Galeni
1517 2056 1657 2102 librum,
1676 2059 1737 2095 chi
1758 2057 1868 2095 titulus
1890 2060 1947 2102 eft,

234 2108 325 2158 quod
354 2109 458 2143 animi
485 2120 596 2143 mores
627 2110 775 2158 corporis
806 2117 1062 2157 temperamenta
1089 2105 1265 2157 sequantur
1287 2109 1542 2144 commentarius
1560 2107 1740 2157 fingularis.
1778 2110 1949 2160 Bergomi‚

234 2164 329 2197 1602.
352 2171 382 2203 4.
401 2159 420 2179 *

336 2246 394 2290 69.
420 2240 558 2286 Γαλῆνε
580 2245 645 2282 τῶν
668 2241 905 2295 Ἰπποκςσὲτες
929 2245 1094 2291 ’γλωσσῶν
1118 2240 1282 2294 ἐξήγησις.
1334 2244 1558 2290 unguerem,
1570 2242 1634 2290 seu
1656 2244 1827 2282 difflcnum
1849 2247 1949 2285 exote-

237 2304 342 2332 tarum
358 2297 571 2342 Hippocratis
592 2298 756 2341 explicatio
779 2297 822 2330 ad
846 2298 1020 2331 Theatrum
1034 2297 1168 2343 scripta.
1223 2294 1328 2330 Exstat
1350 2298 1381 2330 in
1399 2295 1471 2330 edit.
1490 2294 1598 2331 Aldin.
1616 2306 1697 2344 part.
1716 2299 1755 2334 V.
1776 2297 1816 2334 ad
1831 2300 1887 2335 fin.
1912 2303 1948 2337 in

238 2347 310 2384 edit.
337 2360 443 2395 graec.
467 2345 557 2381 Bam.
583 2358 663 2395 part.
684 2350 722 2382 V.
747 2360 822 2395 pag.
841 2359 913 2391 705.
946 2351 979 2383 in
1001 2348 1073 2382 edit.
1100 2349 1247 2382 Charter.
1271 2357 1351 2381 tom.
1372 2348 1410 2380 ll.
1435 2359 1506 2394 pag.
1526 2359 1580 2390 79.
1614 2350 1646 2381 in
1669 2345 1803 2396 septima
1825 2351 1947 2389 luntar.

237 2402 271 2435 in
297 2400 367 2435 libr.
392 2406 481 2435 extra
504 2397 655 2435 ordinem
678 2398 824 2434 claismm
848 2396 909 2434 fol.
928 2411 974 2444 7¹·
1039 2400 1116 2435 Eius
1143 2400 1294 2434 meminit
1314 2398 1457 2436 Galenus
1479 2401 1515 2434 in
1534 2398 1607 2435 libr.
1630 2397 1671 2435 de
1692 2399 1783 2437 libris
1804 2405 1947 2452 proprii·

1829 2467 1898 2505 cap.
1912 2458 1945 2492 6.
