2049 2720
80 110 334 145 voi.x.p.2311⁹24
809 105 1013 142 INEDITA.
1395 107 1471 143 Lib.
1491 108 1538 143 V.
1561 121 1585 144 c.
1601 110 1677 145 XL.
1729 112 1793 155 605

179 203 296 241 Suidae
318 202 565 250 Etymologici‚
593 198 682 250 quod
705 212 780 235 cum
808 200 1049 249 Etymologico
1072 201 1122 236 M.
1152 210 1183 236 et
1210 200 1313 236 altero
1339 199 1453 237 Suidae
1481 201 1588 237 lexico
1617 202 1790 245 collatum,

175 256 217 293 ad
239 258 402 304 vtriusque
426 252 689 290 emendationem
712 249 802 300 posse
825 252 1007 301 plurimum
1038 252 1154 289 dicitur
1176 252 1376 294 conducere,
1417 252 1568 303 copiosus
1592 253 1636 288 est
1667 264 1697 289 et
1723 252 1790 302 spe-

177 310 287 344 cimen
306 305 394 342 dedit
416 306 456 342 V
455 306 577 353 illotson
590 307 624 339 in
643 302 793 339 anecdot.
807 316 857 352 gr.
880 314 960 340 tom.
979 306 1018 340 11.
1043 317 1118 353 pag.
1136 316 1289 351 250-252.
1315 305 1414 341 Harl.

74 375 349 424 Etymologicum
365 372 524 408 ineditum
544 371 620 407 bibl.
636 370 830 406 Traieffinae
845 368 954 406 laudat
967 371 1214 420 Efihmbachius
1228 374 1260 407 in
1274 375 1360 408 notis
1378 371 1417 407 ad
1433 373 1605 423 Orpheum
1623 384 1698 421 pag.
1715 374 1789 408 266.

175 436 206 462 et
229 425 427 461 Hadrianus
455 425 613 458 Relandus
641 424 673 457 in
703 431 793 470 parte
826 419 965 457 secunda
996 420 1253 458 dissertationum
1283 422 1418 460 miscell.
1446 437 1521 473 pag.
1547 437 1609 460 211.
1636 431 1706 465 188.
1729 433 1791 466 135.

178 489 247 522 229.
269 488 338 522 250.
399 475 513 510 Simile
539 476 734 510 Traiediino
766 471 828 508 effe
857 475 1073 515 Phofianum,
1108 473 1147 508 de
1177 487 1243 522 quo
1276 473 1368 524 supra
1398 479 1557 516 memini,
1589 485 1722 510 notatur
1758 476 1790 508 iu

177 529 266 565 Affls
294 525 459 562 Eruditor.
481 526 634 564 tom.Vl.
663 524 878 574 supplementi
907 538 982 573 pag.
1004 527 1079 560 260.
1107 526 1205 561 Fabr.
1259 527 1534 574 Etymologicuiu
1573 525 1789 561 Traiefflnum

174 581 266 616 cuius
290 580 360 614 iam·
379 589 473 614 antea
495 579 620 614 mentio
643 574 729 613 fafta
752 575 814 619 est,
838 579 1068 625 apographum
1099 574 1160 611 esse
1186 578 1435 626 Efymologici‚
1465 576 1554 627 quod
1577 576 1638 612 fuit
1659 580 1693 611 in
1714 575 1789 609 bibl.

174 629 304 681 publica
327 629 583 674 Antwerpienst,
616 641 699 676 quae
729 628 812 663 olim
836 639 903 663 erat
925 627 1082 664 societatis
1107 624 1198 668 Iesu.
1233 642 1310 664 cura
1334 634 1382 666 Io.
1409 630 1542 676 Georgii
1566 630 1694 663 Graeuii
1714 636 1790 661 ante

176 696 205 717 a.
219 682 283 717 Ch.
302 683 393 724 1689.
419 679 544 716 factum
567 681 706 719 Saxum,
733 678 771 712 ab
793 679 978 714 auctoribus
1002 679 1088 714 haud
1112 683 1200 714 vanis
1219 690 1383 716 narratum
1410 679 1464 714 sibi
1486 678 1597 723 fuine,
1641 677 1734 712 tradit
1757 680 1789 712 iu

175 734 301 767 Onom.
331 730 390 766 litt.
413 740 493 766 tom.
512 731 549 765 Π.
573 742 649 778 pag.
671 732 736 765 161.
756 727 823 777 sqq.
877 730 967 765 Illius
1002 730 1220 778 etymologici
1251 731 1464 767 collationem
1496 743 1572 766 cum
1605 730 1790 764 Ammonio

174 792 205 820 et
227 781 466 830 Etymologico
489 783 539 817 M.
571 792 630 816 etc.
661 780 746 815 dedit
769 781 845 816 Car.
884 781 1007 829 Segaar
1032 785 1066 816 in
1094 782 1182 828 epist.
1210 782 1248 817 ad
1279 784 1415 819 Valken.
1447 782 1595 817 Traiet‘li
1618 781 1656 815 ad
1684 781 1790 817 Rheu,

178 837 269 878 1766.
293 841 329 874 8.
350 846 377 868 v.
398 831 492 881 supra
510 835 541 868 in
566 845 635 880 cap.
658 831 698 867 de
727 834 931 874 Ammonio,
958 836 991 867 in
1012 833 1079 868 vol.
1096 835 1136 868 V.
1160 847 1233 883 pag.
1253 847 1317 878 717.
1371 837 1399 869 A
1425 833 1622 868 Valkenario
1641 831 1789 878 aliisque,

174 886 326 935 inprimis
353 886 474 919 Komzio
508 887 542 919 in
567 886 652 919 notis
675 882 715 918 ad
737 884 874 932 Gregor.
898 886 978 919 Cor.
1000 885 1162 931 permulta
1183 886 1256 920 loca
1286 884 1360 922 cod.
1385 883 1569 922 Leidenfis‚
1601 897 1661 918 nec
1689 894 1792 931 pauca

174 935 373 984 Etymolog.
384 937 469 972 MSt.
486 934 668 984 Parifiensss
682 937 870 970 excitantur.
888 934 1049 970 Codicem
1067 949 1200 984 quoque
1217 935 1445 985 Etymologici
1462 934 1629 985 quondam
1641 934 1791 968 Askania-

175 1000 252 1022 mtm
275 987 445 1035 aliquoties
472 986 537 1022 vidi
561 995 794 1021 memoratum.
848 989 1086 1035 Apographum
1111 987 1198 1022 illius
1229 1001 1267 1022 ex
1294 989 1412 1036 Anglia
1443 987 1552 1023 retulit
1573 985 1790 1030 Kulenkamp.

174 1051 204 1075 v.
230 1037 291 1074 cel.
314 1039 491 1073 Schneideri
513 1036 698 1086 fragmenta
721 1034 905 1073 carminum
928 1038 1082 1073 Pindaric.
1106 1052 1180 1088 pag.
1201 1051 1266 1074 [02.
1290 1040 1391 1076 Harl.

72 1107 111 1143 In
135 1105 213 1142 bibl.
238 1103 394 1151 Caesarea
409 1106 519 1140 MSSt.
547 1101 641 1152 μετ-οὶ
665 1100 885 1152 οἰλφοὶβητον
910 1107 1130 1153 ἐτυμολογίοᾳ
1155 1103 1326 1156 ὃιαῖφοςοη.
1378 1103 1486 1156 Ἀρχῆ
1509 1120 1555 1145 τε
1582 1101 1618 1142 οἱ.
1645 1096 1791 1147 0270‘9‘31'

177 1154 250 1196 οἷπὸ
266 1157 312 1195 τὲ
329 1154 426 1203 ἄγαν
441 1156 529 1194 θέειν
545 1155 636 1202 ἡμᾶς
650 1154 704 1193 ἐπ’
719 1155 826 1207 olm-ql
883 1155 1087 1205 Opusculum
1105 1160 1215 1205 paucis
1233 1158 1381 1193 constans
1404 1157 1505 1194 foliis.
1546 1156 1633 1203 [Alia
1649 1156 1791 1188 eiusmo-

174 1208 208 1244 di
231 1205 405 1257 opuscula,
431 1210 464 1242 in
480 1207 575 1243 codd.
587 1209 714 1244 Matrit.
732 1217 762 1242 et
779 1210 888 1244 Oxon.
912 1210 1064 1257 reperiri,
1090 1208 1206 1258 paullo
1228 1220 1303 1245 aute
1325 1222 1398 1245 voc.
1425 1209 1629 1256 Anonymor.
1662 1214 1791 1240 memo-

170 1261 327 1296 rauimus.
352 1259 470 1303 Har-L]

287 1370 506 1404 Recentiorum
530 1368 678 1415 stripta,
705 1367 748 1403 ad
773 1368 915 1403 Graecas
943 1379 1053 1402 vocum
1079 1370 1220 1415 origines
1244 1369 1399 1403 eruendas
1413 1366 1583 1415 facientia.

8 1469 9 1481 η
72 1445 196 1495 Angeli
214 1444 342 1481 Caninii
358 1445 575 1494 Alphabetum
596 1445 778 1482 Graecum,
806 1445 837 1477 in
852 1446 1066 1490 grammatica
1080 1443 1165 1480 edita
1186 1442 1280 1483 Paris.
1303 1448 1387 1491 1655.
1409 1456 1438 1488 4.
1464 1441 1569 1479 Lond.
1593 1441 1686 1475 1600.
1707 1438 1791 1480 1613.

178 1502 270 1541 1624.
303 1504 332 1537 8.
358 1506 389 1531 et
406 1497 490 1531 ‘'Th.
512 1497 636 1531 Crenio
661 1505 794 1529 curante
816 1493 952 1529 Amssel.
976 1508 1070 1539 1700.
1095 1504 1125 1537 8.
1535 1527 1538 1531 Δ
1744 1501 1769 1525 x*

8 1582 9 1610 3
73 1564 130 1611 [ff]
153 1565 203 1599 Io.
220 1565 384 1604 Harmari,
406 1565 552 1598 Lexicon
567 1562 832 1609 etymologicum
843 1589 853 1603 ‚
881 1560 1070 1596 adiundium
1087 1564 1207 1599 Lexico
1219 1576 1340 1611 graeco
1358 1565 1403 1599 Io.
1419 1559 1574 1611 Scapulae
1591 1556 1667 1594 edit.
1684 1553 1791 1591 Lond.

7 1613 10 1629 ¹
179 1617 266 1658 1637.
282 1613 341 1650 sol.
356 1625 386 1650 et
402 1618 434 1650 in
455 1614 530 1649 edit.
547 1613 751 1648 Elzeuiriana
769 1617 851 1659 1652.
867 1623 898 1648 et
912 1611 1080 1648 Bafileenfi
1104 1616 1190 1658 1665.
1213 1613 1374 1650 recusum.

72 1683 234 1719 Matthiae
254 1682 406 1717 Martinii
422 1680 568 1717 Cadmus
583 1679 890 1727 graeco-Phoenix,
910 1678 977 1714 fiue
993 1680 1269 1729 Etymologicum
1284 1693 1404 1717 vocum
1420 1690 1621 1727 graecarum,
1644 1676 1792 1711 maxime

172 1747 298 1776 earum,
314 1746 395 1782 quae
411 1736 443 1768 in
460 1734 553 1767 LXX.
570 1730 797 1779 interpretibus
817 1741 848 1765 et
861 1733 962 1765 Nouo
978 1731 1261 1767 Tess.occurrum.
1277 1735 1386 1767 Brem.
1405 1734 1487 1773 1625.
1504 1739 1532 1771 8.
1556 1739 1588 1763 et
1602 1727 1642 1763 ad
1666 1726 1792 1761 calcem

172 1785 267 1821 lexizi
290 1786 437 1819 Martiuii
466 1781 678 1830 Philologici‚
704 1779 793 1829 quod
816 1782 888 1828 post
916 1782 1097 1817 editionem
1126 1784 1233 1819 Brenn.
1262 1787 1349 1827 1623.
1383 1781 1444 1817 fol.
1473 1792 1505 1815 et
1535 1780 1669 1814 alteram
1698 1777 1791 1811 locu-

173 1835 348 1883 pletiorem
375 1832 524 1870 Francos.
553 1837 636 1878 1655.
659 1831 806 1867 recusum
829 1833 975 1868 Traietsti
1003 1835 1100 1878 1698.
1112 1831 1179 1878 ¹fol.
1197 1847 1273 1869 cum
1288 1833 1402 1869 Isidori
1415 1830 1590 1880 glossario,
1616 1842 1674 1879 per
1690 1830 1788 1863 Grae·

171 1889 263 1923 vium
284 1895 317 1921 et
339 1885 608 1922 Almelouenium
628 1883 799 1919 illustrato.

71 1949 236 2001 Francisci
267 1952 423 1999 Gregorii
449 1951 724 1999 Etymologicum
748 1963 889 1997 paruum
920 1963 959 1986 ex
984 1951 1223 2000 Etymologico
1250 1964 1392 2000 magno,
1415 1948 1602 1989 Eustachim
1629 1946 1789 1999 Martinio

172 2014 461 2053 etesexcerptum„
489 2002 668 2052 digestum,
695 2001 903 2049 explicatum.
956 2001 1062 2038 Lond.
1081 2005 1174 2046 1670.
1190 2012 1220 2045 8.

9 2063 11 2120 J
72 2073 238 2109 Lmberti
268 2073 331 2106 Bos
354 2070 478 2106 erudita
500 2069 673 2106 dissertatio
696 2068 736 2104 de
752 2068 967 2116 Etymologia
989 2082 1122 2118 graeca,
1148 2068 1288 2105 subiedia
1319 2070 1385 2105 eius
1415 2065 1692 2104 exercitationibus
1715 2062 1786 2097 Phi-

174 2122 326 2171 lologicis
347 2125 436 2158 Nou.
466 2123 532 2158 tefl.
560 2122 650 2157 editis
677 2120 893 2156 Franeckerae
915 2132 993 2164 1713.
1016 2127 1044 2161 8,

72 2198 235 2249 Aegidius
253 2200 421 2247 Menagius
443 2201 594 2247 Origines
618 2198 748 2246 linguae
770 2210 906 2246 graecae
923 2196 1076 2245 promisit
1093 2200 1127 2232 in
1150 2195 1452 2235 obseruationibus,
1477 2193 1592 2242 gallice
1615 2190 1726 2230 editis,
1744 2184 1784 2231 ad

174 2250 401 2290 Malhtrbtun,
428 2262 559 2299 poetam
586 2249 739 2287 Gallum,
766 2263 841 2298 pag.
869 2255 1026 2294 362.389.
1056 2260 1088 2284 et
1117 2250 1150 2284 in
1177 2248 1426 2284 amoenitatibus
1453 2248 1527 2280 iuris
1556 2254 1690 2292 pag.,21-
1719 2237 1783 2287 seq-

176 2302 229 2337 vbi
250 2305 344 2336 etiam
368 2300 532 2349 specimen
553 2300 637 2335 illius
659 2302 764 2346 operis
790 2301 938 2342 exhibet,
964 2313 1024 2334 nec
1046 2313 1115 2335 non
1136 2303 1171 2335 in
1197 2303 1282 2335 notis
1313 2298 1351 2333 ad
1376 2298 1540 2332 Laenium
1565 2307 1638 2348 pag.
1658 2304 1707 2338 45-
1732 2302 1786 2348 593

169 2352 197 2386 ¹b
221 2355 286 2397 165.
308 2354 337 2388 b.
363 2354 456 2391 Idem
477 2365 553 2402 pag.
570 2364 648 2398 149:
673 2353 820 2390 Platonis
839 2354 873 2387 in
898 2352 1035 2400 Cratylo
1047 2352 1131 2398 sunt
1140 2351 1217 2397 fere
1240 2353 1341 2387 omnia
1357 2345 1590 2398 pfiucletyma‚'
1602 2357 1682 2397 pace
1699 2348 1783 2401 tazj‘tg

992 2405 1112 2452 Gggg
1139 2415 1156 2446 3
1716 2404 1781 2429 vira
1800 2414 1805 2419 -
