2013 2725
238 156 294 189 142
372 143 445 177 Lib.
460 138 531 175 IV.
544 151 566 174 c.
579 137 669 175 XII.
773 136 923 171 DIONIS
956 135 1091 171 CASSH
1125 135 1414 174 FRAGMENTA
1739 136 1952 172 voi.111.p.324

236 253 319 276 num
347 234 579 285 spedianfibus,
614 243 686 267 tum
707 242 834 280 pompa
863 232 1098 278 imperatorum
1127 228 1253 266 funebri
1281 241 1312 266 et
1338 229 1528 278 apotheosi:
1571 244 1763 267 arcanorum
1788 241 1952 280 praeterea

237 293 366 340 imperii
387 286 559 323 industrius
575 295 606 320 et
629 295 747 332 gnarus
770 279 968 318 obseruator,
1022 284 1058 316 ln
1080 283 1173 317 rebus
1197 294 1307 318 tamen
1327 285 1462 317 Traiani
1487 295 1557 317 uon
1581 295 1702 331 magna
1724 283 1787 319 fide
1810 281 1951 331 dignum

239 342 302 380 effe
324 351 354 377 et
377 340 528 387 maligno
549 339 583 372 in
602 337 738 370 Traiani
759 335 956 368 memoriam
980 335 1113 369 auctore
1133 331 1244 376 vsum,
1274 334 1442 369 contendit
1457 335 1502 368 H.
1520 335 1729 375 Dodwellm,
1754 347 1853 384 quem
1879 333 1953 370 vide

238 394 392 444 praelec‘l.
415 387 658 426 Cambdeniana
676 389 732 421 lv.
783 388 911 420 Citatur
933 384 947 423 ὃ
968 387 1050 422 Δίων
1070 389 1101 424 ἐν
1123 392 1192 424 τοῖς
1213 385 1289 435 περὶ
1310 382 1435 437 {surige
1459 400 1478 421 a
1502 387 1633 421 Zonara
1653 395 1731 422 tom,
1753 387 1808 421 111.
1829 398 1903 435 pag.
1922 397 1952 428 7.

236 447 366 483 Fabric.
393 463 443 470 ——-
470 442 516 488 [et
540 439 608 474 aliis
628 439 721 474 loeis.
747 436 813 474 vid.
831 437 969 472 Reimar.
994 436 1033 471 ad
1054 435 1176 485 fragm.
1192 439 1329 480 Dionis,
1357 448 1436 473 tom.
1453 439 1493 473 11.
1513 450 1585 486 pag.
1602 449 1686 482 1527.
1703 436 1759 472 flu.
1787 456 1837 463 -—
1863 436 1953 472 Mul-

235 509 350 535 torum
384 505 495 529 tamen
522 503 623 539 aequa
652 499 682 525 et
707 491 838 538 iniqua,
872 501 909 522 ac
939 487 1051 523 dextra
1079 488 1265 538 sinistraque
1286 488 1326 524 de
1344 489 1456 524 nostro
1482 488 1599 524 iudicia
1620 489 1822 537 collegerunt
1844 488 1952 533 Popt-

236 552 360 586 Blount
379 548 411 580 in
428 540 581 579 censuris
597 552 656 577 etc.
679 553 751 588 pag.
769 552 834 585 194.
861 541 1029 574 Hamkms
1051 539 1090 576 de
1113 554 1277 576 romanat.
1301 554 1411 576 rerum
1433 537 1639 589 scriptoribus
1662 550 1744 590 part.
1760 543 1784 576 1.
1805 551 1877 588 cap.
1893 551 1949 575 20.

235 612 331 650 atque
348 598 450 632 Nicol.
466 595 648 631 Carminius
664 593 759 627 Falco
783 594 816 627 iu
837 590 1085 640 prolegomenis
1100 591 1142 627 ad
1152 588 1304 628 ⁴Dionem
1322 589 1417 627 suum
1441 605 1511 640 cap.
1528 593 1584 626 Vl.
1607 602 1639 627 et
1655 605 1717 640 ego
1732 589 1892 641 quaedam
1908 588 1950 626 de

235 655 303 689 eius
328 649 411 690 fide,
438 647 629 682 auctoritate
650 643 787 692 ssiloque
807 643 949 690 congessi
973 646 1006 677 in
1033 643 1209 679 Introduc‘c.
1234 644 1257 680 l.
1280 657 1308 680 c.
1328 657 1402 693 pag.
1419 646 1482 680 260
1500 641 1566 693 sqq.
1619 644 1730 679 Nemo
1751 652 1861 678 tamen
1881 640 1951 691 ple-

233 708 324 744 nius,
353 699 513 736 sollertius
540 695 784 743 adcuratiusque
809 694 982 735 iudicauit,
1022 709 1122 744 quam
1143 697 1312 730 Reimarus
1337 698 1371 730 in
1394 697 1636 731 commentario
1655 689 1716 730 etc.
1743 695 1948 741 §.19—23.

231 756 303 796 vbi,
330 751 443 788 adlatis
465 762 597 798 quoque
615 758 645 783 et
666 746 827 782 interdum
850 749 1039 781 examinatis
1066 747 1207 782 aliorum
1229 750 1303 782 VV.
1326 748 1402 782 DD.
1425 745 1600 788 sententiis,
1636 749 1782 794 primum
1802 742 1844 779 de
1864 743 1949 786 ssilo,

227 805 400 843 virtutibus
421 803 595 849 naeuisque
615 798 767 834 historiae
783 800 902 833 Dionis
922 796 1046 833 erudite
1065 808 1241 848 aperteque
1266 796 1455 845 disputauit,
1483 810 1554 835 tum
1568 800 1715 835 Dionem
1729 799 1766 833 in
1779 795 1949 834 nonnullis

229 855 379 895 defendit
399 862 455 891 aut
478 849 659 888 excusauit:
684 849 827 899 denique
845 849 961 885 iudicia
975 848 1016 886 de
1031 851 1142 887 Dione
1161 850 1306 900 collegit.
1332 852 1444 897 Harl]

329 962 369 994 X.
395 959 556 1005 Excerpta
577 969 595 991 e
616 956 733 990 Dionis
757 954 846 989 libris
868 954 1101 1001 posterioribus
1116 956 1202 991 XIX.
1225 969 1244 990 a
1267 955 1433 1003 Theodqfio
1449 953 1620 1002 quodam,
1647 955 1701 1001 qui
1719 949 1751 988 se
1763 948 1875 1001 μικξὸν
1890 963 1948 987 vo-

227 1020 299 1053 cat,
324 1008 448 1045 seruata
467 1019 497 1043 et
519 1022 537 1043 a
550 1006 752 1042 Leunclauio
772 1016 887 1052 graece
910 1018 946 1040 ac
967 1005 1066 1041 latine
1082 1019 1159 1040 cuin
1176 1007 1288 1040 Dione
1301 1006 1385 1040 edita
1402 1003 1491 1046 sunt,
1514 1015 1545 1040 et
1559 1004 1710 1052 perinde,
1737 1014 1775 1039 vt
1792 1006 1948 1046 Zonaras,

225 1061 415 1101 ostendunt,
448 1058 653 1106 Xiphilinum
676 1055 835 1106 quaedam
849 1066 972 1097 ,notatu
991 1055 1092 1105 digna
1112 1056 1134 1092 s
1157 1070 1198 1092 co
1224 1056 1306 1104 pede
1328 1054 1539 1104 praeteriisse,
1580 1055 1669 1104 quod
1691 1058 1796 1104 magis
1819 1067 1860 1091 ex
1880 1055 1950 1090 Pei·

225 1113 392 1153 rescianis,
430 1110 469 1146 de
489 1111 603 1159 quibus
624 1121 724 1150 mox,
761 1110 918 1156 excerptis
939 1118 970 1142 et
991 1070 1268 1156 integrssionis
1290 1108 1378 1144 libris
1401 1105 1616 1155 superstitibus
1639 1116 1735 1156 patet.
1801 1108 1947 1155 Qinam

223 1166 262 1202 fit
290 1164 345 1200 isse
366 1163 572 1212 Theodosius,
602 1164 764 1195 incertum
787 1158 851 1199 est,
891 1157 979 1194 forte
997 1159 1084 1194 idem
1107 1173 1184 1196 cum
1207 1158 1423 1201 Theodosio,
1448 1157 1688 1202 Alexandrino,
1715 1159 1946 1206 grammatico,

222 1221 315 1253 cuius
340 1215 462 1250 scholia
487 1212 605 1248 inedita
625 1212 690 1259 legi
714 1209 754 1245 ad
774 1209 988 1256 Dionysium,
1009 1212 1186 1246 Thracem.
1241 1212 1278 1245 In
1305 1209 1459 1245 Friderici
1479 1210 1614 1260 quidem
1639 1208 1808 1257 Sylburgii
1831 1207 1946 1244 codice

222 1280 456 1315 excerptorum
472 1266 567 1301 MSS.
584 1276 708 1298 nomen
723 1264 791 1296 eius
809 1272 958 1296 notatum
979 1260 1042 1296 fuit
1055 1264 1104 1297 his
1123 1263 1246 1298 verbis:
1272 1257 1443 1300 Θεοέξσιες
1467 1261 1482 1300 ὅ
1504 1261 1618 1312 ponec}
1641 1260 1656 1299 ὅ
1676 1262 1836 1311 §exitians
1860 1260 1945 1298 rx?-

224 1336 283 1359 τα.
319 1321 444 1353 Febris.
504 1314 567 1350 Sed
591 1315 752 1349 Fabricius
774 1313 881 1348 noster
904 1314 1138 1349 Leunclauium
1161 1313 1298 1350 securius
1321 1314 1365 1349 est
1387 1313 1544 1362 sequutus.
1602 1313 1703 1349 Nulla
1728 1315 1817 1348 enim
1839 1311 1885 1347 est
1903 1323 1945 1347 ex
2010 1325 2013 1345 ,ν

224 1371 377 1408 omnibus
398 1369 461 1403 istis
479 1368 621 1415 eclogis,
647 1379 736 1413 quaS,
756 1363 954 1400 Theodofio
972 1366 1125 1407 tribuens,
1150 1366 1363 1402 Leunclauius
1381 1363 1519 1400 diuersas
1541 1365 1644 1400 statuit
1665 1364 1704 1399 ab
1723 1365 1880 1413 excerptis
1902 1361 1945 1398 de

221 1422 458 1472 legationibus,
481 1422 560 1468 quin
578 1420 611 1451 in
631 1419 786 1452 contiuua
810 1416 1010 1465 Eclogaruru
1033 1416 1072 1453 de
1091 1418 1318 1465 Legatiouibus
1339 1414 1418 1452 serie
1441 1416 1527 1465 apud
1544 1415 1700 1452 Vrfinum
1722 1414 1837 1451 eadem
1856 1414 1945 1462 lega-

219 1485 292 1517 tur,
315 1483 345 1508 et
360 1472 460 1520 longe
475 1472 635 1519 plurimae
652 1471 687 1503 in
702 1470 858 1502 Bauarico
876 1472 992 1514 pariter
1009 1468 1123 1504 codice
1140 1469 1180 1504 de
1202 1469 1420 1518 legationibus
1440 1467 1566 1503 insunt:
1595 1478 1629 1503 vt
1648 1469 1774 1503 notauit
1788 1468 1943 1514 Schweig-

219 1526 372 1572 hi'z'userus
387 1527 419 1558 iu
435 1519 535 1570 praef.
551 1521 591 1556 ad
604 1530 686 1555 tom.
706 1520 745 1553 Π.
768 1519 898 1570 Polybii
917 1532 990 1567 pag.
1006 1522 1089 1555 XXI.
1113 1523 1144 1569 §.
1163 1522 1199 1556 11.
1223 1524 1256 1555 in
1275 1533 1344 1569 quo
1371 1530 1441 1556 toto
1460 1535 1479 1555 a
1501 1532 1573 1568 pag.
1587 1519 1861 1554 le--XXVIL
1886 1531 1941 1553 co.

218 1574 310 1626 piose
332 1575 473 1623 disputat
494 1573 533 1608 de
553 1570 666 1607 codiee
683 1572 842 1605 Bauam'co
863 1571 916 1618 (in
939 1585 1005 1619 quo
1027 1585 1154 1607 nomen
1175 1571 1360 1607 colleetoris
1379 1572 1581 1620 Eclogarum
1603 1583 1763 1618 nusquam
1777 1581 1943 1606 memora·

219 1636 292 1664 turn
318 1626 429 1672 vidit,)
466 1628 706 1673 Excerptorum
726 1621 767 1657 de
787 1621 1020 1668 legationibus,
1054 1623 1106 1658 vel
1133 1623 1266 1672 legatis,
1300 1635 1371 1658 tum
1397 1623 1438 1659 de
1459 1622 1571 1658 codice
1592 1632 1624 1658 et
1645 1622 1720 1658 edit.
1743 1619 1868 1665 Vrfini,
1900 1619 1942 1656 de

218 1677 462 1715 Theodofianis
490 1676 629 1723 edogis,
662 1687 739 1722 quas
761 1685 835 1721 pag.
850 1673 924 1707 XIX
938 1671 983 1721 sq.
1013 1672 1106 1709 senfit
1127 1688 1164 1709 ex
1189 1688 1254 1710 vno
1277 1675 1462 1722 eodemque
1484 1674 1598 1710 codice
1623 1684 1654 1710 et
1674 1686 1714 1708 ex
1735 1672 1852 1709 eadem
1875 1674 1942 1708 Ex·
2005 1683 2010 1689 ·

219 1742 410 1780 cerptorum
430 1727 628 1763 collefflone
648 1724 760 1760 ductas
784 1721 863 1766 effe,
898 1724 982 1760 vnde
1003 1724 1197 1774 depromtae
1219 1737 1309 1760 erant
1331 1726 1489 1761 lectiones
1511 1736 1607 1775 atque
1627 1723 1876 1760 emendationes
1896 1721 1940 1759 ad

217 1783 360 1830 Eclogas
375 1778 575 1815 Vrfinianas:
601 1788 697 1825 atque
718 1774 847 1810 easdem
869 1773 966 1810 simul
990 1789 1065 1810 cum
1085 1777 1219 1824 reliquis
1243 1778 1413 1811 arbitratur
1437 1779 1534 1812 etiam
1556 1776 1774 1823 complexum
1795 1773 1858 1812 effe
1879 1776 1942 1811 Vr·

215 1833 277 1870 fini
301 1832 473 1875 codicem,
507 1841 584 1879 quas
607 1827 755 1876 quidem,
789 1830 854 1861 iam
879 1837 974 1861 antea
996 1829 1030 1861 in
1052 1827 1160 1862 lucem
1183 1827 1327 1867 emiffas,
1360 1827 1572 1876 praetermifit
1586 1827 1720 1863 Vrfinus
1740 1829 1776 1862 in
1796 1825 1850 1862 sua
1870 1825 1940 1862 edi·

215 1887 316 1922 tione.
368 1885 422 1918 Sic
442 1884 479 1917 in
501 1883 658 1929 excerptis
679 1892 721 1914 ex
743 1879 852 1913 Dione
874 1876 1000 1920 Cassio,
1026 1892 1107 1927 quae
1131 1881 1164 1914 in
1185 1879 1259 1914 cod.
1276 1882 1388 1914 Bauar.
1416 1879 1529 1915 locum
1546 1880 1631 1914 XIV.
1656 1879 1822 1922 obtinent,
1845 1890 1939 1914 com-

215 1937 308 1986 plura
329 1932 401 1970 sunt
419 1937 454 1968 in
476 1932 550 1968 cod.
571 1932 745 1971 Bauarico,
777 1934 867 1971 (ante
889 1928 991 1969 illud,
1014 1930 1103 1978 quod
1126 1930 1170 1965 est
1190 1945 1241 1966 nr.
1257 1932 1432 1966 XXXVlu.
1462 1930 1549 1978 apud
1572 1927 1759 1972 Vrsinum7)
1783 1943 1823 1965 ex
1846 1929 1938 1966 libris

213 1985 435 2036 superstitibus
462 1981 626 2024 desumta,
666 1993 747 2030 quae
778 1979 930 2015 eamdem
961 1981 1004 2016 ob
1031 1979 1172 2016 cauffam
1201 1980 1413 2029 praetermifit
1436 1981 1578 2019 vuinus,
1637 1980 1731 2016 Plura
1760 1979 1823 2017 vid.
1849 1979 1937 2032 apud

213 2034 458 2086 Scliweighkius.
482 2034 523 2070 de
546 2033 641 2069 codd.
656 2031 764 2068 Vrsini
778 2032 984 2080 aliorumque
1001 2031 1064 2066 late
1078 2031 1293 2069 differentem.
1325 2032 1385 2068 Sed
1404 2032 1444 2068 de
1461 2036 1587 2078 Ioanne,
1612 2032 1806 2074 cpolitano,
1830 2046 1852 2080 'a
1867 2044 1935 2080 quo

214 2088 369 2133 Vrsinus,
408 2085 461 2122 sua
488 2094 655 2132 excerpta,
689 2083 787 2123 dicit,
825 2081 919 2118 fuisse
946 2082 1102 2124 collecta,
1138 2095 1170 2119 et
1190 2084 1231 2119 de
1253 2085 1417 2133 leeodoſso
1430 2085 1565 2125 Parim,
1596 2087 1648 2118 cui
1676 2082 1773 2119 codd.
1794 2084 1934 2127 schotti,

213 2141 449 2187 Sylburgianus
464 2147 495 2172 et
512 2138 695 2171 Thuaneus
715 2134 807 2169 illam
831 2135 974 2170 tribuunt
993 2134 1245 2177 collectionem,
1271 2148 1320 2170 res
1341 2136 1439 2184 plane
1458 2137 1578 2171 incerta
1597 2134 1652 2170 est.
1706 2136 1843 2170 Ioannes
1865 2136 1934 2183 qui-

212 2192 290 2228 dem
303 2189 360 2226 iste
375 2203 446 2226 non
462 2188 505 2223 est
522 2190 669 2224 Ioannes,
696 2186 930 2227 Antiocheam,
955 2185 1021 2221 siue
1037 2189 1082 2222 lo.
1099 2186 1251 2227 Malelas,
1276 2186 1380 2235 (quod
1397 2187 1528 2234 putabat
1542 2186 1700 2234 Reiviifius
1713 2184 1800 2235 epist.
1815 2186 1931 2222 LXVI.

214 2244 255 2281 ad
277 2244 460 2292 Rupertum
487 2251 561 2288 pag.
577 2245 638 2282 584
652 2235 696 2284 sq.
722 2233 776 2270 sed
797 2239 863 2270 iam
887 2235 1008 2272 refellit
1029 2239 1188 2286 Rupertus
1210 2251 1284 2286 pag.
1303 2237 1396 2282 599.)
1420 2241 1540 2286 quippe
1560 2249 1663 2285 quum
1687 2237 1736 2272 Io.
1753 2238 1932 2273 Antioche·

214 2309 275 2332 nus
295 2305 327 2329 et
347 2296 392 2328 10.
409 2290 547 2327 Malelas
571 2286 683 2323 diserte
708 2289 743 2321 iu
765 2288 801 2320 iis
822 2290 979 2335 excerptis
1000 2286 1244 2336 distinguantur.
1269 2286 1334 2322 vid.
1349 2288 1490 2323 Reimar.
1505 2291 1538 2323 in
1555 2298 1736 2323 comment.
1751 2300 1826 2336 pag.
1846 2300 1930 2333 1543.

214 2359 245 2383 et
263 2350 298 2381 in
320 2341 420 2393 praef.
442 2341 480 2377 ad
503 2352 585 2376 tom.
602 2341 626 2375 Ι.
652 2339 682 2386 §.
700 2345 730 2377 8.
754 2350 828 2386 pag.
848 2350 893 2381 14.
944 2336 1071 2374 Forsan³
1086 2353 1125 2374 ex
1142 2341 1325 2388 antiquiore
1345 2339 1458 2374 codice
1479 2337 1565 2374 aliud
1581 2339 1748 2387 exemplar
1761 2337 1929 2388 descripse-

213 2409 260 2445 rat
277 2399 409 2433 Ioannes
423 2391 559 2444 quidam
578 2389 736 2438 Constant.
751 2387 855 2436 aliud,
881 2387 966 2436 vnde
987 2389 1049 2438 gli-3
1068 2386 1247 2438 fluierant,
1283 2391 1470 2441 Tbaeodqfius
1484 2390 1542 2428 isse
1555 2391 1694 2442 Paruus-
1703 2400 1735 2427 et
1747 2387 1844 2429 suum
1859 2393 1928 2427 cui-

1862 2455 1925 2492 ‘1¹¹⁶-
