2013 2725
229 199 291 232 432
343 181 501 219 ΙᾹΒᾸΪ.
518 194 541 216 ι.
557 179 667 215 XIX.
718 176 1018 215 SlNGVLORVM
1050 176 1290 214 LIBRORVM
1324 177 1502 222 GALENI,

231 281 363 315 internis
390 289 493 326 prope
515 274 668 310 omnibus
694 274 729 310 C.
747 273 862 309 Galam·
887 270 1010 322 scriptis
1035 282 1066 308 et
1087 275 1138 309 M.
1153 275 1329 309 Gattinarie
1347 274 1487 320 praelica
1506 284 1564 321 per
1576 273 1640 311 Iac.
1656 272 1807 321 Sylm’um.
1830 272 1942 324 Lugd'.

230 344 318 377 ¹549·
336 342 379 365 12.
394 334 413 352 *⁴³
438 349 490 357 -—
515 326 670 362 Tabulae
689 328 898 360 curationum
913 336 943 360 et
959 324 1195 360 indicationuin
1219 339 1255 360 ex
1279 325 1405 372 prolixa
1420 325 1534 359 Galerii
1555 324 1707 360 medendi
1728 326 1886 361 methodo
1909 328 1943 361 in

230 381 362 419 sumnia
385 392 494 416 rerum
517 381 622 427 capita
647 378 843 412 contractae.
868 375 1068 425 Lugd.1554.
1088 389 1118 420 4.
1145 397 1195 403 —
1225 377 1324 425 Blefii
1340 376 1479 410 Hollerii
1502 376 1697 411 morborum
1719 376 1943 413 curandorum

230 435 336 469 breuis
359 432 515 468 institutio
539 432 627 464 iuxta
642 428 760 464 Galeni
776 425 965 463 sententiam
987 428 1060 463 libri
1076 431 1128 463 ΙΙΙ.
1156 427 1246 462 Bafil.
1266 430 1345 473 1556.
1364 433 1394 466 8.
1412 429 1429 447 *
1457 447 1504 453 —
1537 427 1629 462 Hier.
1649 429 1790 464 cardam
1809 429 1887 463 liber
1902 430 1944 463 V.

229 484 532 520 contradictionum
560 479 720 530 quaedam
751 479 790 514 ad
816 479 1022 515 illustrandos
1052 481 1184 514 vltirnos
1215 479 1314 514 libros
1344 477 1495 513 methodi
1523 478 1677 514 medendi
1707 481 1860 515 continet.
1893 497 1945 507 —-

229 538 340 572 Ham.
360 537 516 581 Com-Ing.
533 532 849 568 commentariolum
865 534 899 566 in
917 532 1034 568 Galeni
1058 531 1130 567 libr.
1146 532 1231 566 Xlil.
1257 529 1404 566 methodi
1427 529 1583 566 medendi
1599 530 1638 567 de
1660 532 1786 567 ratione
1807 528 1944 567 curandi

230 587 518 624 inflammatione&
545 582 728 620 Helmstad.
747 585 841 619 1662.
858 596 889 627 4.

335 701 382 734 57.
409 690 481 727 Τῶν
496 684 579 737 necis
593 683 782 725 Γλαύκωνα
799 686 1058 736 θεραπευτικῶν
1071 684 1206 728 βιβλία
1220 681 1270 728 β’.
1320 684 1381 720 Ad
1401 685 1593 721 Glauconem
1618 684 1655 720 dc
1676 683 1815 719 medendi
1830 683 1946 718 metho-

230 745 271 778 do
288 743 360 778 libri
379 742 450 777 duo.
503 741 583 774 Sunt
603 741 635 773 in
654 738 771 774 Aldina
793 749 875 788 part.
894 739 947 773 IV.
973 736 1034 773 fol.
1058 750 1130 773 100.
1156 740 1188 772 in
1210 751 1327 786 graeca
1350 736 1442 772 Bafil.
1459 748 1541 786 part.
1558 739 1611 771 lV.
1635 749 1706 784 pag.
1725 748 1794 781 295.
1818 738 1851 770 in
1868 735 1944 770 edit.

229 796 391 830 Charterii
412 801 495 828 tom.
510 793 550 825 X.
576 803 649 838 pag.
666 802 739 833 344.
767 793 800 824 in
822 787 957 837 septima
984 792 1152 824 luntarum
1177 787 1261 825 class.
1276 791 1347 823 Vll.
1371 786 1431 824 fol.
1449 796 1503 835 98.
1558 789 1641 822 Suos
1663 786 1726 823 else
1749 789 1809 822 hos
1829 787 1945 828 libros.

229 846 400 894 profitetur
414 845 555 879 Galenus
571 855 641 889 cap.
659 854 690 884 4.
704 841 804 876 libelli
824 840 865 875 de
878 841 948 876 libr.
966 843 1124 888 propriis,
1150 853 1219 875 non
1233 853 1310 875 vero
1326 838 1426 875 refert
1439 839 1477 875 de
1491 842 1556 874 hoc
1572 842 1606 873 in
1627 848 1695 874 arte
1716 837 1853 874 medica.
1905 839 1945 873 In

229 897 433 945 generalibus
451 895 555 941 magis
574 890 735 934 versatur,
764 905 862 940 quam
887 894 920 926 in
946 892 1034 926 libris
1058 890 1098 926 de
1119 890 1279 926 methodo
1303 891 1469 926 medendi.
1523 888 1612 925 Disci
1635 903 1674 924 ex
1690 891 1755 924 hoe
1771 890 1858 924 libro
1872 889 1945 936 plus

229 946 353 996 frugis,
380 958 478 994 quam
496 957 535 979 ex
551 945 702 978 omnibus
720 944 894 983 Arabibus,
920 944 1021 976 Mart.
1039 943 1161 976 Akakia
1179 942 1317 977 testatur.
1351 943 1437 976 Citat
1453 941 1552 976 libros
1568 941 1608 975 cle
1625 939 1786 988 pulsibus,
1811 939 1851 974 de
1865 949 1946 975 tem.

231 1000 450 1049 peramentiS,
479 994 519 1030 de
534 994 852 1029 medicamentorum
869 992 1067 1041 simplicium
1084 991 1299 1028 facultatibus.
1353 994 1518 1028 Promittit
1532 993 1602 1027 libr.
1619 993 1658 1026 11.
1673 1005 1742 1040 cap.
1761 1003 1803 1033 13.
1827 988 1858 1026 se
1874 989 1945 1026 scri-

230 1061 364 1099 pturum
388 1047 472 1084 aliud
495 1059 655 1095 magnum
680 1058 764 1092 opus
782 1044 822 1080 de
848 1043 1009 1079 methodo
1029 1047 1125 1079 totius
1141 1046 1327 1082 curationis.
1382 1045 1472 1079 Hinc
1494 1042 1598 1092 scripti
1619 1045 1655 1078 hi
1678 1043 1753 1078 libri
1778 1038 1850 1077 suut
1870 1052 1945 1078 ante

229 1102 332 1138 libros
357 1099 397 1136 de
422 1098 584 1134 methodo
610 1096 773 1132 medendi.
798 1116 849 1123 —-
874 1097 1004 1132 Codices
1023 1099 1130 1142 graeci
1154 1094 1225 1130 sunt
1245 1099 1277 1131 in
1292 1095 1440 1131 biblioth.
1455 1095 1544 1144 publ.
1562 1094 1670 1142 Paris.
1685 1095 1946 1131 nr.MMCLV1.

230 1153 447 1190 MMCLVH.
473 1149 699 1186 MMCLXVI.
725 1149 968 1183 MMCCLXV.
1004 1149 1263 1184 MMCCLXIX.
1297 1149 1570 1182 MMCCCLXX.
1625 1147 1662 1180 ln
1682 1146 1832 1181 biblioth.
1856 1144 1946 1181 acad.

230 1204 333 1253 Lugd.
350 1206 458 1237 Batau.
476 1202 573 1236 exstat
589 1201 669 1235 liber
685 1209 820 1247 vterque
835 1212 950 1246 graece
966 1202 996 1232 in
1011 1198 1180 1234 Voffianis.
1205 1198 1267 1234 vid.
1284 1199 1422 1247 catalog.
1441 1202 1507 1233 eius
1524 1198 1675 1234 biblioth.
1691 1210 1723 1245 p.
1740 1208 1812 1242 394.
1835 1210 1883 1232 nr.
1901 1209 1947 1243 53.

231 1257 270 1291 In
287 1255 432 1291 biblioth.
449 1256 524 1288 Diu.
543 1254 649 1288 Marci
667 1252 793 1286 Veneta
806 1250 878 1285 cod.
893 1251 1080 1285 CCLXXX.
1133 1252 1170 1285 ln
1186 1251 1324 1285 Medii-ea
1339 1252 1420 1300 plut.
1436 1252 1561 1284 LXXV.
1586 1259 1616 1285 et
1635 1248 1721 1297 apud
1738 1247 1871 1284 Bandin.
1889 1249 1947 1283 ΙΙΙ.

232 1321 307 1357 pag.
324 1308 390 1351 156.
409 1307 478 1346 164.
530 1305 567 1338 ln
580 1303 727 1338 biblioth.
743 1300 832 1336 acad.
855 1301 964 1347 Lugd.
984 1302 1106 1336 Batou.
1125 1301 1168 1336 est
1187 1305 1220 1336 in
1240 1303 1334 1338 MSS.
1354 1300 1510 1337 Voffianis
1527 1301 1641 1336 Galeni
1658 1301 1698 1335 de
1715 1310 1782 1335 arte
1802 1302 1947 1335 curatiua

232 1360 271 1394 acl
290 1357 494 1392 Glauconein
511 1355 580 1390 libri
600 1351 727 1388 secundi
750 1366 821 1400 pars
838 1363 868 1388 et
886 1355 1012 1392 tertius,
1041 1354 1209 1401 (quisnam
1231 1356 1255 1387 is
1272 1353 1320 1395 sit,
1341 1357 1501 1388 incertum
1517 1353 1589 1396 est.)
1608 1355 1746 1399 integer.
1775 1351 1839 1386 vid.
1853 1351 1946 1387 catal.

232 1408 332 1446 eiurd.
357 1408 506 1443 bibiioffi.
528 1418 602 1454 pag.
619 1417 688 1448 374.
710 1417 760 1439 nr.
774 1414 820 1449 85.
881 1406 1021 1438 Graecus
1042 1404 1169 1446 codex,
1197 1415 1228 1440 at
1251 1406 1284 1439 in
1308 1407 1469 1453 principio
1494 1404 1565 1439 libri
1586 1406 1609 1439 Ι.
1633 1413 1663 1438 et
1683 1406 1717 1437 in
1734 1403 1800 1438 fine
1814 1402 1887 1438 libri
1904 1404 1946 1439 lt.

234 1460 389 1500 mutilus,
415 1457 459 1493 est
482 1462 513 1491 in
533 1457 684 1492 biblioth.
711 1453 826 1490 caesar.
845 1454 987 1491 Vindob.
1011 1454 1051 1490 de
1074 1454 1179 1490 Neil'el
1203 1467 1282 1504 part.
1299 1458 1352 1490 111.
1379 1470 1429 1491 nr.
1450 1463 1495 1495 18.
1512 1468 1586 1504 pag.
1603 1462 1652 1495 28.
1714 1454 1805 1489 Alius
1829 1453 1945 1495 codex.

232 1516 351 1562 pariter
367 1509 498 1546 mutilus
514 1511 548 1543 in
567 1509 731 1557 principio
747 1507 802 1541 lib.
817 1508 839 1539 l.
857 1517 889 1540 et
905 1507 968 1541 fine
982 1506 1038 1541 lib.
1056 1508 1094 1542 11.
1111 1507 1153 1541 est
1169 1509 1201 1541 in
1220 1507 1297 1543 bibl.
1314 1505 1428 1543 caesar.
1451 1508 1590 1542 Viizdob.
1609 1505 1649 1541 de
1662 1504 1769 1542 Neffel
1791 1517 1873 1553 part.
1890 1507 1947 1542 ΠΙ.

233 1578 283 1600 nr,
303 1575 435 1609 19.pr.g.
452 1573 501 1601 20.
528 1580 577 1585 —·
606 1560 745 1593 Latinus
760 1557 865 1592 codex
882 1557 925 1592 est
946 1561 979 1593 in
999 1559 1146 1593 biblioth.
1167 1560 1258 1607 publ.
1274 1560 1383 1607 Paris.
1406 1572 1454 1594 nr.
1471 1558 1946 1593 MMMMMMDCCCLXV.
1993 1564 1995 1566 ’

232 1618 268 1651 in
287 1614 437 1649 biblioth.
458 1612 598 1658 Vtffinn.
620 1623 670 1644 nr.
686 1612 770 1644 2162.
795 1611 891 1652 2406.
921 1629 968 1635 -—-
997 1610 1154 1650 Arabim,
1181 1620 1322 1646 vertente
1346 1612 1498 1650 Honam,
1526 1609 1624 1644 exstat
1640 1611 1674 1644 in
1693 1608 1843 1645 biblioth.
1857 1608 1948 1658 publ.

233 1666 343 1712 Paris
365 1664 583 1699 nr.MXL111.
636 1663 812 1706 interprete
837 1661 896 1694 Ali
913 1661 982 1696 Ren
997 1663 1150 1702 Raiman,
1178 1666 1232 1710 qui
1252 1672 1284 1697 et
1310 1671 1552 1698 commentatus
1570 1661 1614 1695 est
1634 1664 1666 1696 in
1694 1663 1783 1696 hune
1811 1660 1946 1702 librum,

2010 1641 2013 1698 i

234 1717 320 1766 apud
340 1714 460 1756 Cafiri,
485 1727 535 1749 nr.
552 1712 835 1747 DCCCLXXVH.
889 1713 1064 1751 Heln-uice,
1093 1715 1124 1747 in
1147 1713 1221 1747 bibl.
1241 1713 1328 1761 publ.
1349 1714 1453 1760 Paris.
1476 1727 1524 1747 nr.
1543 1713 1706 1748 CCCXV.
1741 1732 1791 1740 --
1826 1710 1954 1748 Prodiit
2009 1719 2013 1752 1

232 1780 363 1817 graece,
390 1768 506 1800 Venet.
530 1776 619 1809 1500.
641 1761 701 1800 fol.
732 1783 783 1789 —
816 1764 931 1797 Gnlent
951 1762 992 1798 de
1014 1765 1140 1803 ratione
1163 1764 1315 1798 medendi
1335 1765 1408 1800 libri
1425 1766 1463 1797 Il.
1488 1776 1615 1811 graece.
1646 1776 1722 1798 cum
1742 1762 1878 1812 praefat.
1896 1765 1948 1799 10.
2008 1777 2013 1799 τ’

235 1819 420 1857 Gnintlzerii
435 1816 475 1851 de
491 1818 606 1851 veteris
623 1814 805 1850 medicinae
823 1815 964 1848 interitu.
992 1812 1086 1849 Paris.
1106 1817 1188 1860 1536.
1203 1823 1231 1855 8.
1246 1817 1267 1839 *
1295 1835 1343 1843 -
1369 1817 1483 1852 Galcni
1501 1828 1601 1863 opera
1623 1813 1727 1850 latina
1743 1816 1817 1850 Nic.
1836 1816 1949 1850 Leoni·
2006 1827 2008 1855 ζ

234 1883 305 1907 ceno
323 1873 516 1916 interprete,
539 1864 604 1901 scil.
630 1865 671 1901 de
694 1863 884 1900 differentiis
899 1867 1094 1900 morborum
1110 1867 1184 1901 libri
1203 1867 1239 1901 ΙΙ.
1263 1865 1304 1902 de
1327 1867 1489 1915 inaequali
1511 1871 1766 1915 intemperatura
1788 1866 1882 1902 lib.1.
1908 1865 1950 1902 de

235 1934 301 1958 arte
317 1924 457 1955 curatiua
475 1918 514 1954 ad
527 1918 732 1953 Glauconem
749 1917 821 1952 libri
837 1917 876 1950 ll.
899 1916 938 1951 de
958 1917 1089 1952 crifibus
1106 1918 1178 1952 libri
1194 1920 1248 1952 111.
1274 1916 1370 1953 Paris.
1395 1921 1428 1953 in
1450 1918 1538 1953 offic.
1554 1920 1600 1953 H.
1616 1919 1770 1967 Stephan.
1788 1929 1868 1964 1514.
1884 1929 1915 1962 4.
1928 1918 1951 1941 *

235 1993 284 2002 -
312 1971 465 2008 Prodiere
486 1972 583 2005 etiarn
608 1967 667 2004 soli
692 1981 732 2003 ex
755 1965 832 2003 vers.
851 1968 922 2002 Nic.
941 1969 1108 2003 Leoniceni
1132 1972 1244 2005 Venet.
1269 1979 1353 2014 1538.
1380 1982 1426 2006 12.
1441 1978 1460 1996 Ψ
1487 1989 1537 1997 --
1564 1968 1668 2018 Lugd.
1693 1981 1778 2014 1549.
1800 1970 1876 2005 ιλ*
1899 1989 1951 1997 -—

236 2022 330 2062 Paris.
348 2030 429 2069 ¹528·
448 2030 476 2063 8.
505 2041 553 2047 —-·
578 2034 661 2068 ¹537·
679 2027 710 2062 8.
739 2040 787 2046 —
816 2019 919 2067 Lugd.
936 2032 1011 2066 155¹.
1031 2029 1060 2062 8.
1087 2041 1137 2048 —-
1164 2022 1310 2067 Stephani
1325 2020 1525 2056 Atheniensis
1542 2023 1783 2070 explanationes
1806 2023 1839 2056 in
1853 2020 1950 2057 Gale·

236 2079 269 2110 ni
288 2077 407 2110 librum
424 2075 447 2108 ῐ.
475 2075 735 2120 therapeuticum
752 2070 791 2106 ad
807 2070 1014 2107 Glauconem
1030 2071 1209 2120 Augustino
1228 2075 1405 2108 Gadaldino
1419 2076 1615 2120 interprete,
1642 2086 1719 2108 cuin
1734 2071 1839 2108 indice
1858 2074 1950 2108 locu-

236 2125 411 2175 pletiffimo
428 2135 456 2160 et
472 2121 620 2166 scholiis,
647 2125 760 2172 quibus
777 2122 1004 2170 castigationes
1027 2126 1060 2158 in
1083 2125 1132 2158 his
1149 2124 1432 2171 explanationibus
1447 2125 1655 2172 explicantur.
1683 2126 1796 2159 Venet.
1814 2135 1898 2170 1534.
1918 2130 1948 2166 8.

237 2192 255 2213 a
281 2177 322 2212 ud
336 2179 443 2212 luntas
465 2188 542 2220 1554.
560 2183 591 2215 8.
605 2176 623 2195 ⁸³
650 2174 754 2222 Lugd.
773 2187 852 2219 1550.
869 2182 898 2214 8.
927 2182 1007 2221 1558.
1025 2183 1054 2215 8.
1079 2188 1155 2210 cum
1176 2175 1291 2210 medic.
1309 2179 1406 2225 antiq.
1423 2178 1545 2224 graecis
1569 2175 1724 2210 latinitate
1740 2175 1869 2211 donatis
1892 2188 1950 2225 pet
2010 2200 2013 2210 2

236 2227 405 2270 Lraffum,
428 2226 518 2262 Balil.
535 2235 611 2272 1531.
627 2238 656 2269 4.
683 2224 786 2274 Lugd.
803 2237 875 2272 1555.
894 2234 923 2266 8.
941 2238 959 2256 ³
1013 2227 1093 2261 Sunt
1110 2226 1374 2275 paraphrasticne.
1401 2247 1453 2253 —
1479 2228 1593 2263 Galam·
1612 2226 1653 2262 de
1670 2229 1797 2262 ratione
1815 2226 1949 2263 curandi
1996 2226 2013 2277 Ἰ

237 2281 277 2315 ad
298 2280 504 2315 Glauconem
521 2278 595 2313 libri
612 2279 649 2311 11.
680 2278 783 2311 Mart.
798 2277 921 2311 Arakia
939 2280 1122 2326 interprete,
1136 2291 1212 2313 cum
1228 2277 1375 2313 eiusdem
1388 2280 1646 2314 commentariis.
1674 2276 1766 2314 Paris.
1784 2286 1866 2324 1538.
1885 2291 1915 2322 4.
1929 2282 1950 2306 '⁸‘
1994 2282 2013 2306 Λ

236 2335 351 2368 Venet.
372 2343 455 2375 ¹547-
473 2338 504 2371 8.
520 2333 537 2348 '⁶
559 2327 664 2376 Lugd.
681 2340 762 2372 1547.
780 2331 837 2369 8.*
861 2328 962 2376 Lugd.
980 2340 1051 2372 1551.
1071 2332 1117 2365 16.
1144 2327 1236 2365 Paris.
1255 2338 1336 2375 1587-
1355 2338 1384 2370 8.
1439 2332 1487 2368 Io,
1504 2331 1603 2375 Bapt.
1622 2331 1776 2365 Montani
1795 2333 1828 2364 in
1849 2331 1949 2366 libros

238 2384 354 2418 Galeni
377 2382 416 2417 de
444 2392 510 2416 arte
533 2379 667 2415 curandi
687 2379 727 2414 ad
749 2380 957 2414 Glauconem
978 2380 1230 2427 explanationes.
1253 2384 1369 2417 Venet.
1386 2393 1466 2426 1554.
1484 2388 1513 2421 8.
1529 2386 1547 2404 *³²
1575 2382 1679 2430 Lugd.
1698 2385 1781 2427 1556.
1798 2389 1872 2416 12.st
1900 2401 1950 2409 —-

238 2433 372 2476 Referri,
387 2433 504 2469 debent
520 2435 617 2468 etiam
638 2429 679 2467 ad
699 2433 955 2467 commentarios
970 2431 1011 2466 ad
1023 2434 1111 2469 hunc
1123 2432 1246 2469 librum
1263 2435 1314 2468 Io.
1329 2434 1401 2469 Caii
1416 2432 1455 2469 de
1469 2432 1623 2469 medendi
1645 2432 1805 2469 methodo
1821 2434 1894 2470 libri
1911 2434 1952 2468 Π.

1911 2495 1954 2521 ex
1988 2496 1989 2500 ,
