2049 2720
67 166 280 201 vol.1v.p.2t
617 163 804 202 MARCVS
838 162 1106 202 ANTONINVS
1140 166 1230 202 IMP.
1332 166 1405 203 Lib.
1417 166 1486 203 IV.
1504 180 1527 203 c.
1541 166 1630 204 XX.

70 203 278 219 *-

1725 178 1782 214 501

70 264 239 300 Antonino
266 263 323 296 Pio
345 259 557 310 adoptatum,
589 257 847 309 defundiumque
872 270 1023 296 extremo
1045 262 1213 308 ann0169.
1231 259 1260 309 ')
1311 259 1393 296 Inde
1417 258 1504 297 solus
1527 263 1576 297 M.
1597 263 1780 298 Antoninus

68 316 160 351 rebus
172 311 332 363 praefuit,
358 312 464 348 donec
481 322 511 348 et
529 309 594 360 ipse
610 311 653 347 est
675 313 845 348 exstinctus
863 315 991 355 Sirmii,
1017 311 1101 354 siue,
1129 323 1162 347 vt
1183 315 1299 348 Victor
1322 323 1455 362 vterque
1477 314 1592 349 audior
1612 313 1673 356 est,
1697 315 1784 349 Veri·

67 366 219 402 dobonae
242 365 405 407 Austriae,
431 365 500 400 filio
517 363 712 399 Commodo
735 362 913 400 successore
937 377 1042 413 prauo
1062 365 1197 406 relidio,
1223 366 1307 399 XVI.
1326 365 1396 401 Cal.
1420 365 1525 414 April.
1550 368 1587 400 A.
1609 368 1646 401 C.
1670 373 1735 410 ¹78·
1750 364 1781 410 ⁶)

67 417 255 464 Philosophi
271 419 297 462 ⁶)
313 429 503 465 cognomen
519 426 605 450 vetus
623 415 754 451 historia
772 420 917 465 ignorat,
944 429 1050 464 neque
1067 413 1292 465 inscriptiones
1305 416 1356 451 vel
1374 419 1467 452 numi
1488 415 1593 451 eidem
1618 416 1781 458 tribuunt3

66 466 120 505 sed
134 468 280 516 elogium
296 467 327 503 id
347 482 395 504 res
413 466 479 518 ipsa
499 467 698 515 iampridem
716 467 893 504 incredibili
909 466 1101 517 scriptorum
1119 465 1275 503 consensu
1293 467 1464 504 vindicauit
1481 470 1576 510 huic,
1603 478 1636 504 vt
1651 479 1724 502 vert:
1741 467 1781 502 de

67 519 126 556 illo
145 521 244 555 lulius
260 520 467 569 Capitolinus
483 532 555 567 cap.
574 531 598 555 ι.
615 520 681 563 (vbi
706 521 767 555 vid.
784 518 918 556 casaub.
937 531 965 555 et
984 519 1100 566 Salm.)
1127 522 1161 554 in
1184 522 1265 555 omni
1290 521 1359 554 vita
1377 520 1613 566 philosophanti
1634 521 1722 557 vii-o,
1750 526 1780 554 et

67 570 299 621 quisanffltate
313 574 398 607 vitae
412 572 556 607 omnibus
565 573 768 619 principibus
782 572 929 620 anteceffit
939 568 987 618 f).
1040 574 1150 608 Vitam
1174 581 1205 608 et
1225 583 1273 608 res
1295 570 1397 619 gestas
1418 569 1625 608 laudatissimi
1646 570 1734 606 issius
1751 580 1782 606 et

926 625 1005 661 Rrr
1029 636 1047 668 3
1632 622 1781 672 deplora·

107 715 140 756 ε)
160 715 248 748 Conf-
264 710 396 758 Eutrop.
411 718 490 749 vm.
505 726 531 754 ς.
552 717 602 756 (al.
618 718 664 758 9.)
697 717 802 749 Aurel.
819 716 898 751 Viff.
985 722 1012 752 e)
1048 717 1156 749 Auidio
1179 717 1271 749 Caffio
1301 728 1354 759 per
1390 723 1569 748 contemtum
1603 713 1782 757 philosopha

67 761 135 800 epit.
151 770 210 800 cap.
221 764 261 790 16.
276 769 363 801 atque
377 763 550 802 interpretes
565 762 600 791 ad
613 769 769 802 vtrumque
784 761 899 794 locum}
941 762 1073 792 anicula.
1119 761 1280 794 Vulcatius
1296 764 1326 790 in
1342 762 1427 791 Caffii
1446 763 1505 790 vita
1527 771 1586 801 cap.
1606 767 1632 789 2.

65 804 136 833 item
144 802 322 834 Reimarum
335 804 370 833 ad
385 806 509 834 Dionem
519 805 642 835 Caffium
656 812 726 838 tom.
736 805 774 835 11.
791 816 818 847 p.
827 808 901 839 1168.

67 846 201 888 inprimis
219 856 285 888 pag.
303 850 369 885 1176
383 846 422 889 sq.
446 847 541 879 Harl.

107 929 144 970 d)
176 933 220 961 De
239 941 338 966 anno,
372 943 433 973 quo
454 934 590 963 mortuus
612 935 670 970 est,
709 940 736 963 et
760 932 899 974 quamdiu

66 974 192 1009 vixerit,
230 973 400 1005 dissentiunt
429 977 571 1006 mekotes.
629 977 800 1016 Eutropius
820 977 900 1005 v111.

65 1020 90 1047 8.
107 1023 127 1044 1.
143 1015 162 1046 s.
179 1016 245 1046 se&
262 1018 341 1047 XIV.
358 1019 388 1047 in
404 1027 448 1047 ex.
465 1019 614 1053 Verheyk.
630 1021 730 1056 (euius
746 1026 806 1048 not.
822 1018 900 1056 adi,)

65 1058 172 1094 tradit,
196 1061 332 1089 Antonin.
348 1059 449 1100 philos.
469 1060 571 1090 obiisse
586 1063 692 1091 XVIII.
716 1062 832 1101 imperii
853 1071 901 1089 an·

65 1111 123 1137 no,
145 1102 222 1131 vitae
241 1103 314 1131 LXI.
336 1102 514 1142 xiphilinus
528 1115 619 1138 vero,
641 1112 692 1134 aut
710 1103 771 1134 Dio
790 1103 902 1144 Cafflus

65 1142 116 1176 lib.
133 1153 178 1181 71.
200 1154 260 1185 cap.
277 1154 322 1180 34.
346 1145 410 1182 (cui
425 1148 540 1176 Gruner
555 1147 591 1176 ad
607 1148 740 1187 Eutropii
756 1140 852 1175 locum
873 1152 901 1174 et

66 1187 194 1216 Reimar.
210 1187 245 1216 ad
261 1189 386 1217 Dionem
401 1199 464 1229 pag.
481 1195 551 1225 1¹98·
565 1189 756 1226 adsentiunt‚)
779 1189 900 1218 Antoni-

66 1240 146 1266 num,
156 1230 266 1271 prodit,
283 1231 386 1261 LVIII.
402 1240 493 1261 annos
509 1231 618 1261 menses
636 1234 671 1261 X.
685 1242 716 1260 ac
733 1231 792 1260 dies
806 1232 901 1260 XXII.

65 1273 134 1310 (aut
149 1273 229 1312 XX.)
245 1271 361 1302 vixisse:
384 1281 466 1303 natus
488 1275 565 1303 enim
582 1276 622 1304 est
645 1274 671 1303 d.
688 1275 791 1304 XXVI.
809 1271 902 1313 April.

66 1326 90 1344 a.
109 1317 142 1343 V.
158 1317 190 1345 C.
207 1322 275 1352 874.
298 1315 417 1346 denatus
432 1324 528 1346 autem
549 1327 573 1346 a.
590 1319 625 1346 V.
643 1318 674 1347 C.
690 1326 749 1353 933.
763 1316 790 1345 d.
808 1317 901 1346 XVII.

65 1359 176 1390 Martii.
221 1359 277 1388 Hic
292 1368 363 1389 vero
378 1369 469 1388 annus
484 1361 618 1398 congruit
633 1369 699 1389 eum
713 1370 738 1389 a.
754 1360 822 1389 Chr.
840 1364 899 1391 ¹80·

66 1411 152 1442 quem
175 1402 263 1431 etiam
284 1403 430 1442 accipiunt
448 1402 611 1434 Reimarus
632 1405 664 1432 in
685 1402 819 1433 chronol.
842 1401 860 1430 l.
876 1412 899 1430 c.

64 1455 128 1486 pag.
144 1447 218 1481 1176.
240 1451 267 1473 et
280 1444 398 1475 Saxius
413 1447 445 1474 in
460 1447 565 1475 Onom.
583 1448 604 1475 1.
619 1457 683 1487 pag.
701 1455 755 1480 313.
800 1448 898 1481 Qan-

65 1487 104 1517 do
131 1494 227 1516 autem
252 1489 377 1517 Reimar.
399 1499 424 1517 a.
443 1490 474 1517 V.
499 1490 529 1518 C.
547 1498 613 1525 933.
635 1488 765 1518 consules
787 1489 817 1517 L.
835 1486 898 1517 Ful-

66 1531 147 1560 vium
174 1531 320 1560 Bruttium
347 1530 527 1561 Praesentem
549 1533 587 1561 11.
624 1540 652 1562 et
679 1534 740 1562 Sex.
764 1531 898 1568 Quineti-

31 1601 35 1605 .
66 1573 138 1603 lium
161 1572 366 1609 Condianum,
397 1573 449 1613 (al.
474 1574 687 1612 Gordianum,)
715 1577 814 1615 ponit,
847 1574 900 1604 Al-

62 1615 210 1647 meloueen
224 1617 304 1657 (pag.
319 1616 387 1656 9¹-)
402 1625 430 1646 et
444 1616 597 1648 Relandus
610 1623 687 1658 (pag.
706 1618 756 1655 53.)
772 1619 802 1646 in
816 1618 902 1646 Fastis

64 1658 171 1688 consul.
195 1657 261 1687 illos
293 1659 353 1689 duo
377 1659 450 1689 Coss.
475 1660 607 1690 referunt
628 1660 664 1690 ad
684 1671 709 1689 a.
736 1663 770 1690 V.
786 1662 818 1691 C.
835 1668 898 1696 932.

64 1711 88 1732 a.
105 1703 175 1732 Chr:
194 1707 251 1733 180.
298 1704 382 1732 Prior
401 1710 496 1732 tamen
521 1706 551 1732 in
576 1711 657 1744 parte
680 1703 772 1732 altera
792 1713 820 1743 p.
838 1712 900 1732 211.

64 1754 130 1774 eum
146 1745 266 1775 Norifio
289 1747 406 1786 reponit
422 1756 447 1774 a.
463 1749 497 1775 V.
514 1748 546 1776 C.
564 1756 623 1782 933.
645 1757 670 1775 a.
686 1747 754 1776 Chr.
774 1751 838 1777 180.
858 1761 902 1767 —

62 1787 146 1828 Apud
164 1788 195 1819 V
195 1787 380 1818 endobonam
400 1787 505 1818 morbo
526 1787 710 1829 consicmtum
732 1786 785 1829 effe
804 1786 901 1817 Aurel.

63 1832 259 1866 Antoninum,
299 1830 396 1860 scribit
428 1831 531 1862 Aurel.
554 1831 666 1863 [sistor.
693 1834 723 1861 in
754 1833 900 1871 Epitome,

64 1883 123 1913 cap.
147 1874 223 1902 XVI.
254 1872 346 1912 §.12.
383 1872 430 1902 sed
454 1883 515 1915 cap.
534 1876 611 1904 XVI.
644 1874 680 1904 de
708 1875 819 1904 Caesar.
851 1875 899 1903 fin.

63 1915 180 1956 prodit,
214 1925 281 1944 eum
307 1915 507 1946 Veniiobonae
529 1915 681 1957 interitſjb.
743 1919 798 1946 Hic
826 1926 899 1946 vero

62 1959 191 1999 primum
211 1959 242 1987 fit
262 1960 372 1987 mentio
394 1956 472 1987 illius
490 1959 586 1988 vrbis:
609 1958 669 1988 vid.
687 1959 793 1988 Franz
809 1959 898 1996 frey-

63 1999 158 2031 herrn
180 2009 240 2030 von
267 2000 414 2030 Prandau
440 2000 581 2030 Kritische
603 2000 774 2030 Geschichte
797 2003 898 2030 Wiens

63 2050 116 2073 etc.
140 2051 212 2083 part.
228 2044 249 2075 Ι,
273 2043 443 2072 Vindobou.
464 2050 540 2080 1789.
559 2050 586 2076 8.
632 2042 708 2072 Male
723 2052 820 2072 autem
835 2052 898 2073 nar-

64 2096 109 2116 rat
132 2086 221 2116 Paull
245 2085 371 2115 Diacon.
395 2089 423 2115 in
449 2087 502 2115 hist
536 2085 611 2115 mise.
640 2097 707 2116 eum
737 2085 839 2115 obiisse
867 2086 900 2115 in

63 2128 234 2167 Campania
257 2129 342 2166 apud
360 2129 501 2167 oppidum
521 2128 745 2159 Vendoboizam.
791 2130 900 2158 Contra

64 2170 127 2202 Dio
148 2170 222 2212 Caſjss
246 2171 294 2200 lib.
313 2173 414 2200 LXXI.
437 2181 466 2206 33
495 2173 542 2204 fin.
572 2172 637 2206 (vbi
670 2171 745 2201 conf.
774 2173 900 2201 Reimar.

65 2224 128 2255 pag.
147 2223 219 2252 ¹¹97·
242 2216 366 2253 §.1397
392 2213 436 2248 se,
461 2225 514 2254 pro
537 2222 615 2244 certo
637 2214 790 2256 accepisse,
813 2214 897 2244 adfir-

65 2266 142 2292 mat,
164 2259 340 2286 Antoninum
364 2257 505 2286 dcccilifl'e
527 2268 585 2286 non
609 2258 730 2293 inorbo,
755 2268 815 2297 quo
837 2266 899 2287 tum

67 2309 182 2340 quoque
204 2299 373 2334 laborabat3
397 2300 443 2328 sed
465 2309 627 2341 permitiixii
651 2311 666 2328 a
688 2302 824 2335 medicis,
847 2303 899 2341 qui

65 2343 229 2371 Commodo
253 2344 502 2380 granficabamur:
527 2354 555 2372 et
579 2342 728 2373 Geir-muts
749 2355 777 2383 p.
796 2353 851 2379 23¹-
868 2345 898 2373 B.

65 2384 168 2414 diserte
191 2385 303 2424 scribit,
327 2396 394 2415 eum
419 2396 535 2416 venenu
556 2396 689 2416 necatum
711 2387 766 2416 esse
786 2397 802 2416 a
824 2386 896 2417 filio.

66 2426 157 2460 Harl.

977 803 1021 845 f)
1044 804 1128 834 Plura
1150 803 1244 842 elogia
1266 804 1328 834 vid.
1343 803 1421 845 apud
1438 803 1568 845 Ionfium
1591 802 1626 832 de
1649 800 1782 841 scriptor.

942 849 1006 879 hist.
1028 846 1132 889 philos.
1149 849 1200 877 111.
1219 857 1258 876 ιο,
1274 858 1339 888 pag.
1359 851 1420 876 261.
1444 849 1523 887 [pag.
1540 855 1575 882 54
1590 845 1629 886 sq.
1645 844 1690 874 ed.
1707 846 1781 874 Dor-

945 892 1007 926 nii,
1030 897 1059 921 et
1080 890 1155 931 apud
1179 889 1280 921 Thom.
1297 891 1382 929 Pope
1395 889 1511 919 Blount
1533 890 1561 918 in
1585 887 1711 918 Censura
1737 896 1781 916 ce-

944 933 1017 964 lebr.
1039 935 1157 963 author.
1181 943 1246 973 pag.
1263 937 1311 969 169
1330 932 1369 973 sq.
1392 933 1460 962 edit.
1478 934 1603 968 Generi]
1635 933 1782 960 Rornano-

944 987 1010 1006 rum
1034 976 1219 1007 Salomonem
1250 983 1336 1006 vocat
1364 986 1431 1005 eum
1455 975 1581 1016 lVitfius
1605 976 1636 1004 in
1660 970 1781 1003 Miscell.

944 1019 1045 1054 sacris,
1081 1026 1152 1048 tom.
1168 1020 1205 1047 11.
1233 1020 1350 1048 exercit.
1370 1021 1420 1048 VI.
1449 1017 1513 1056 §.7
1538 1028 1603 1057 pag.
1620 1020 1680 1052 169.
1739 1017 1781 1043 An

944 1062 994 1091 alii
1011 1064 1097 1091 etiam
1113 1064 1304 1100 imperatores
1328 1060 1495 1101 philosophi
1510 1059 1637 1095 fuerint,
1661 1057 1709 1088 vel
1729 1057 1782 1086 sint

944 1105 1030 1139 dieii,
1055 1108 1215 1145 quaeritur.
1258 1106 1301 1134 Ita
1319 1105 1367 1134 est.
1413 1105 1598 1133 Domitianus
1628 1104 1706 1131 enim
1726 1102 1783 1129 im-

944 1156 1062 1188 perator
1089 1147 1196 1176 dicitur
1219 1145 1411 1187 philosophus
1433 1148 1463 1175 in
1485 1149 1526 1176 Io.
1547 1144 1670 1175 Malalae
1687 1144 1780 1173 Chro-

944 1192 1010 1219 nico
1025 1200 1087 1230 pag.
1106 1199 1170 1225 340.
1186 1192 1251 1224 346.
1273 1191 1333 1218 Leo
1348 1190 1464 1229 Sapiens
1475 1209 1483 1222 ‚
1507 1190 1668 1228 imperator
1684 1188 1782 1216 orien-

944 1234 997 1262 tis:
1038 1231 1167 1261 Iulianus
1201 1233 1379 1271 imperator,
1417 1231 1452 1259 de
1482 1233 1563 1259 cuius
1592 1229 1782 1270 philosophia

946 1274 1006 1305 vid.
1022 1275 1132 1304 Fabric.
1150 1275 1180 1303 B.
1194 1275 1243 1302 Gr.
1261 1276 1297 1303 V.
1313 1279 1338 1306 8.
1364 1284 1392 1314 p.
1407 1279 1454 1310 78.
1476 1280 1536 1304 not.
1553 1284 1580 1313 p.
1606 1272 1716 1302 Heum.
1738 1287 1782 1294 —

944 1315 1051 1348 Adam
1068 1316 1163 1346 Henr.
1179 1314 1372 1352 Lachmann,
1402 1316 1499 1347 histor.
1524 1315 1601 1346 Prof.
1632 1313 1781 1355 quondam

943 1361 972 1389 in
998 1360 1182 1389 vniuersitate
1205 1357 1381 1394 Kilonienfi‚
1406 1361 1436 1388 in
1458 1358 1530 1400 disp,
1548 1358 1583 1388 de
1597 1359 1780 1395 cognomine

943 1402 1112 1443 philosophi
1122 1404 1329 1438 Antoniniano,
1345 1400 1456 1432 Kuonii
1476 1411 1560 1439 ¹750,
1577 1411 1605 1436 4.
1621 1412 1686 1430 cum
1705 1400 1779 1430 mul·

942 1453 987 1475 tus
1011 1445 1067 1474 fuit
1087 1445 1122 1474 de
1143 1447 1309 1480 Antonino,
1332 1453 1393 1474 tum
1415 1447 1550 1486 inprimis
1573 1444 1679 1474 studuit
1697 1445 1778 1472 euin-

941 1499 1025 1524 cere,
1055 1490 1155 1518 Marco
1178 1487 1298 1517 Aurelio
1324 1490 1452 1529 primum
1484 1486 1612 1517 delatum
1634 1486 1690 1517 esse
1711 1488 1784 1516 tim«

945 1530 1006 1560 lum
1027 1529 1214 1572 philosophi,
1244 1538 1272 1560 et
1294 1538 1392 1560 contra
1415 1530 1602 1565 Salmafinm,
1636 1529 1781 1560 Casaubo-

946 1585 1016 1603 num
1047 1574 1083 1603 ad
1110 1573 1269 1614 Capitolini
1291 1573 1407 1609 locuni,
1450 1574 1697 1612 Olearui'iii,2giii
1719 1574 1780 1612 epi-

945 1616 1016 1646 stola
1046 1617 1082 1646 ad
1107 1618 1159 1646 Ge.
1176 1615 1286 1653 Wolfg.
1304 1616 1471 1646 Wedelium
1499 1617 1533 1646 de
1564 1626 1685 1645 nummo
1714 1626 1781 1644 con-

945 1662 1075 1690 torniato
1097 1662 1139 1689 M.
1156 1658 1267 1689 Aurelii
1291 1662 1450 1693 Antonini,
1481 1671 1508 1700 p.
1527 1659 1584 1696 21.)
1615 1659 1782 1688 Fabricium

943 1704 1073 1732 nostrum
1093 1701 1225 1742 aliosque
1249 1703 1346 1731 multis
1370 1702 1453 1743 saepe
1471 1702 1640 1739 ambagibus
1661 1701 1782 1730 demon-

944 1747 1050 1781 strare,
1093 1752 1239 1785 quotquot
1272 1747 1404 1775 Marcum
1439 1744 1626 1785 adpellaffent
1652 1743 1783 1784 philoso-

943 1788 1056 1828 phum,
1079 1799 1128 1817 eos
1144 1798 1201 1817 non
1219 1789 1366 1824 ἐπιθέτω,
1390 1788 1436 1818 sed
1452 1786 1590 1824 ἐπωνύμως
1607 1786 1662 1818 effe
1677 1787 1783 1828 loquu-

943 1838 998 1860 «ος.
1051 1833 1183 1861 Nomine
1204 1831 1322 1871 quidem
1350 1831 1518 1872 philosophi
1548 1841 1633 1864 curn,
1672 1831 1689 1860 fi
1717 1831 1782 1870 quis

942 1873 1027 1909 alim,
1043 1874 1162 1911 dignum
1178 1874 1243 1909 ess'e,
1268 1884 1355 1903 nenio
1370 1875 1565 1908 inficiabitur3
1587 1872 1635 1902 sed
1650 1883 1720 1902 num
1737 1874 1782 1902 vi-

943 1927 996 1946 vus
1016 1919 1046 1945 in
1069 1916 1192 1956 publicis
1213 1920 1410 1947 monumentis
1426 1924 1455 1946 et
1473 1917 1645 1946 auctoritate
1665 1914 1781 1957 publiea

942 1959 971 1987 id
993 1960 1135 1998 acceperit
1156 1968 1335 1995 cognomen,
1356 1961 1386 1988 in
1402 1969 1504 1996 magna
1521 1960 1561 1988 est
1576 1958 1781 1988 controuersia.

943 2003 1020 2031 Nam
1039 2000 1118 2041 quod
1142 2002 1264 2030 Iustinus
1281 2003 1402 2037 Martyr‚
1420 2003 1615 2040 Athenagoras
1632 2001 1683 2038 (ad
1700 2002 1782 2029 cuius

943 2042 1119 2080 legationem
1134 2044 1193 2072 vid.
1210 2042 1428 2084 Reclienbergii
1447 2051 1505 2074 not.
1521 2054 1547 2073 2.
1569 2055 1634 2084 pag.
1653 2054 1680 2073 2.
1702 2051 1730 2074 et
1751 2044 1782 2073 in

944 2085 1082 2116 Dechair
1102 2086 1171 2116 edit.
1192 2088 1223 2115 in
1244 2085 1321 2115 calce
1338 2086 1467 2128 Suffrid.
1488 2087 1613 2117 Petrum
1633 2097 1697 2126 pag.
1713 2096 1725 2121 3
1741 2085 1782 2126 sq.

944 2137 971 2157 et
1000 2139 1062 2169 pag.
1082 2138 1145 2158 102.
1172 2137 1306 2169 excerpta
1333 2140 1367 2159 ex
1395 2131 1513 2159 Baronii
1541 2128 1717 2164 annalibus)
1754 2136 1783 2159 et

945 2171 1049 2201 Melito
1071 2182 1137 2201 eum
1158 2171 1340 2212 adpellarunt
1350 2171 1575 2212 philosophum,
1599 2172 1633 2202 de
1647 2183 1682 2202 eo
1701 2179 1728 2202 et
1745 2171 1781 2208 de

944 2213 1131 2254 inscriptione
1155 2217 1185 2244 in
1208 2214 1373 2252 Capitolini
1402 2217 1570 2245 narratione
1593 2215 1629 2244 de
1651 2218 1693 2245 M.
1709 2218 1779 2244 Aur.

942 2259 1109 2293 Antonino,
1133 2259 1178 2293 (in
1193 2257 1300 2297 quibus
1316 2266 1411 2288 tamen
1426 2260 1604 2297 argumentis
1621 2259 1779 2288 Lackman-

942 2311 994 2329 nus
1012 2299 1136 2329 multum
1152 2299 1276 2330 collocat
1290 2302 1457 2341 ponderis‚)
1480 2304 1538 2331 iam
1560 2301 1717 2341 prudenter
1735 2302 1780 2330 iu-

942 2342 1051 2373 dicauit
1071 2344 1266 2374 casaubonus.
1310 2347 1372 2374 Nec
1394 2345 1502 2380 barba,
1527 2354 1583 2384 qua
1607 2346 1636 2373 in
1654 2345 1778 2372 nummis

940 2387 1090 2424 insignitus
1106 2386 1290 2427 conspicitur,
1313 2388 1510 2417 testimonium
1527 2386 1624 2415 videri
1639 2393 1668 2415 et
1682 2387 1778 2415 existi-

940 2432 1015 2461 mari
1045 2431 1138 2472 potest
1163 2429 1313 2471 publicum
1325 2453 1335 2468 ‚
1372 2440 1457 2469 eum,
1495 2431 1615 2465 viuum,
1650 2428 1777 2469 philoso-

1686 2472 1778 2512 phum
