2013 2725
206 144 272 184 23⁶
334 109 486 177 mm.
505 137 649 176 exta.
753 135 893 173 com).
926 134 1067 173 MssTr
1097 134 1369 173 TETRAmBLt

206 251 280 285 pag.
302 245 367 281 582.
392 235 422 282 §.
441 239 523 278 183.)
549 254 598 261 ---
626 234 712 268 Inter
732 215 886 286 coddrde
902 231 1040 270 Mesmc,
1069 230 1156 266 Ptol.
1175 229 1373 276 astronomia.
1396 229 1455 276 (id.
1472 242 1546 279 pag.
1565 237 1637 278 584.
1652 227 1690 280 ξ.
1707 231 1797 281 189.)
1819 251 1869 261 -·
1892 234 1929 269 in

205 290 281 328 bibl,
299 289 483 329 Muzmn‘ni,
510 286 599 321 Ptol.
623 286 769 334 expsfitio
789 285 1021 329 proprietatum
1039 283 1280 328 parallelorum.
1306 282 1364 328 (id.
1387 281 1464 318 ibid.
1487 284 1616 328 §.188.)

308 358 346 391 In
367 355 440 390 bibl.
457 353 656 397 Bodleiano,
684 352 771 386 Ptol.
795 349 988 387 tetrabiblos.
1022 350 1159 394 (HciIbr.
1182 362 1257 399 pag.
1274 361 1342 396 592.
1364 351 1393 397 §.
1412 351 1496 393 223.)
1523 371 1573 377 —-
1598 348 1796 398 hypotheses
1818 349 1929 400 plane-
1998 367 2005 370 -

205 419 315 444 tarum
336 418 365 442 et
382 408 518 441 Theon.
542 408 574 440 in
598 404 679 439 tabb.
699 400 887 452 vrgaoxeiqef
907 401 963 438 bis,
986 399 1047 449 (id.
1064 413 1139 450 pag.
1154 413 1220 447 595.
1240 402 1272 449 ᾗ.
1290 404 1375 446 236.)
1397 401 1450 436 lib.
1473 400 1512 436 de
1535 401 1777 450 compositione
1798 401 1930 437 astrola-

207 462 269 503 bii,
297 457 464 495 translatus
488 469 526 491 ex
552 453 702 491 sermone
724 455 809 489 arab.
834 457 867 488 in
891 452 1048 488 latinum:
1074 465 1147 488 aera
1164 459 1244 498 1¹85-
1271 452 1329 498 (id.
1350 465 1424 501 pag.
1441 456 1520 488 600.
1547 454 1579 501 §.
1598 456 1682 500 256.)
1709 473 1758 481 -
1783 452 1930 489 Centilo-

207 515 324 561 quium
353 523 429 544 cum
456 519 562 543 vetere
593 508 854 544 commentario,
891 507 924 540 it.
949 503 1252 554 Qadripartitum,
1289 504 1378 552 Haly
1399 508 1433 539 in
1457 504 1729 554 quadripartitum
1751 503 1835 541 Ptol.
1863 502 1930 551 (id.

206 577 282 612 pag.
303 564 379 597 602.
405 561 434 608 ς’.
451 567 521 604 258.
551 572 624 608 pag.
640 560 715 601 603.
736 559 768 605 ᾗ.
784 559 859 592 260.
891 568 966 605 pag.
988 562 1066 600 604.
1089 554 1119 605 §.
1138 555 1234 600 264.)
1266 575 1318 582 -—
1352 556 1611 606 cenffloquium,
1653 556 1746 601 Haly
1769 554 1930 605 expolitio

205 617 291 652 illius
313 625 341 648 et
357 609 480 661 gloil‘ae
496 613 528 645 in
547 609 847 660 Qadripartitum‚
875 608 957 643 Ptol.
973 607 1158 650 inssrudfio,
1186 609 1274 655 (pag.
1293 609 1368 651 607.
1387 613 1417 653 §.
1434 620 1505 655 275.
1521 617 1583 652 278
1603 617 1633 644 et
1651 609 1739 655 279)
1766 626 1815 634 —-
1843 606 1932 642 Ριοις

205 668 345 715 liypoth.
370 665 592 713 planetarum,
621 660 765 697 eiusdem
791 659 954 696 ordinatio
975 661 1040 697 τῶν
1061 657 1250 710 προχεᾶξων
1275 656 1417 698 κανίνων
1443 669 1474 695 et
1495 661 1650 695 Theonis
1672 662 1706 695 in
1727 657 1859 694 eosdem
1881 671 1933 692 ca-

207 732 310 755 nones
342 727 438 765 atque
466 712 588 760 λογική
613 708 753 761 §modom
787 715 876 761 (pag.
896 713 964 757 609
983 721 1012 747 et
1027 713 1097 746 610.
1127 713 1158 759 §
1177 709 1273 758 r89.)
1304 733 1355 740 —-
1387 711 1470 747 Ptol.
1493 725 1612 762 opera,
1643 707 1933 761 planispliaerium,

206 775 298 820 (pag.
314 772 380 805 612.
405 768 436 815 ᾗ.
455 770 530 812 296.
554 779 628 814 pag.
645 769 712 808 613.
738 765 768 812 ᾗ.
784 762 880 811 300.)
907 783 959 790 —-
993 760 1106 812 phases
1133 762 1298 798 stellarum
1322 763 1483 806 fixarum,
1521 766 1611 813 (pag.
1627 766 1695 807 614.
1718 763 1749 810 §.
1767 762 1859 806 307.)
1883 777 1934 788 —-

207 822 457 869 Centiloquium
475 831 552 854 cum
569 825 749 853 comment.
768 825 796 850 et
811 815 924 850 tabulis
939 812 1086 857 Hosein‚
1113 826 1185 862 pars
1202 813 1398 863 Almagessi,
1425 815 1559 852 arabice.
1587 817 1633 863 (p.
1651 817 1722 850 616.
1741 813 1771 860 §.
1790 811 1869 860 313.)
1882 830 1934 838 --

207 869 418 922 Hypotheses
439 870 663 918 planetarum,
691 879 833 902 canones
858 878 935 901 cum
959 866 1093 901 Theonis
1116 875 1296 902 comment.
1318 876 1349 902 et
1371 869 1495 913 λογικῇ·
1515 861 1644 917 ἐφ’ἔὸῳ,
1667 863 1860 901 ΐεέὶίοῃὶδυε
1875 864 1934 900 IV.
1995 898 2002 902 ,

206 939 256 974 gr.
285 925 343 968 (ib.
366 924 393 969 ᾧ
411 925 492 963 316.)
520 941 566 948 —-
597 924 794 965 Anonymus
809 921 842 952 in
861 917 941 952 Ptol.
963 916 1002 952 de
1022 917 1148 951 iudiciis
1163 916 1327 952 astrorum
1341 928 1372 952 et
1389 919 1570 966 Porphyrii
1591 916 1811 953 introductio:
1837 913 1936 963 adpa-

206 978 328 1012 rentiae
350 972 512 1008 stellarum
535 971 675 1005 fixarum
689 997 698 1011 ,
726 979 757 1003 et
780 967 980 1016 prognostic.
1003 967 1081 1002 coll.
1099 980 1175 1002 cum
1198 969 1377 1016 exemplari
1394 972 1564 1004 Vaticano.
1591 969 1682 1005 Ptol.
1696 964 1817 1003 introd.
1831 967 1864 1001 in
1884 979 1936 1001 ca-

207 1039 330 1070 nona,
364 1025 516 1065 initium3
557 1023 646 1057 Ptol.
670 1018 900 1070 Qadripartit.
931 1019 1026 1067 (pag.
1045 1020 1269 1062 616—618.)
1297 1039 1345 1046 —
1372 1020 1463 1055 Ptol.
1491 1022 1681 1068 opticorum
1708 1016 1875 1054 sermones
1890 1019 1935 1054 V.

208 1094 248 1116 ex
273 1078 403 1113 arabico
427 1076 525 1112 latine
552 1072 686 1116 redditi3
719 1072 833 1107 Sauilii
855 1068 960 1106 versio
982 1070 1037 1106 lat.
1061 1073 1156 1118 partis
1179 1069 1375 1118 Almagesti‚
1402 1081 1433 1106 et
1454 1074 1775 1107 commentariorum
1797 1069 1936 1104 Theonis

210 1143 240 1167 et
258 1129 435 1177 Cabastlae,
460 1125 538 1161 voll.
555 1127 608 1160 111.
632 1126 720 1173 (pag.
737 1126 823 1169 619.)
850 1143 898 1148 —-
925 1123 1015 1158 Ptol.
1031 1121 1071 1157 de
1089 1121 1323 1170 hypothesibus
1343 1122 1400 1158 lat.
1427 1125 1515 1173 (pag.
1534 1126 1623 1169 620.)
1649 1143 1700 1150 -—-
1736 1121 1867 1158 Theonis
1881 1133 1936 1171 pa.
2010 1163 2011 1175 ἵ

206 1181 330 1218 radofis
351 1183 385 1215 in
399 1191 542 1214 canones
558 1176 639 1213 Ptol.
663 1188 740 1211 cum
762 1173 910 1214 scholiis,
936 1186 1063 1222 graece.
1092 1175 1232 1220 (Heilbr.
1249 1186 1324 1222 pag.
1342 1175 1428 1220 621.)

315 1248 438 1284 Oxonii
461 1248 493 1281 in
516 1244 590 1280 bibl.
611 1242 701 1278 acad.
729 1243 815 1277 Ptol.
836 1239 1062 1289 Almages’cum
1087 1255 1126 1276 ex
1150 1242 1277 1276 arabica
1296 1240 1410 1290 lingua
1434 1243 1467 1275 in
1492 1239 1629 1277 latinam
1650 1238 1798 1283 versum,
1822 1244 1855 1278 it.
1879 1222 1939 1278 lat?

212 1316 290 1338 cum
313 1301 393 1349 sugg.
421 1319 472 1325 —
500 1297 590 1343 Haly
611 1292 742 1331 Gloss'ae
764 1297 796 1328 in
822 1292 1052 1341 Qxadrx'partit.
1081 1314 1131 1320 -—
1167 1294 1257 1328 Ptol.
1281 1306 1364 1341 opus
1388 1291 1608 1342 quadripartit.
1634 1301 1664 1327 et
1686 1293 1936 1342 Centiloquium

212 1367 290 1389 cum
318 1358 499 1387 comment.
522 1352 554 1383 in
581 1347 657 1382 illos
683 1345 793 1384 libros.
828 1346 1010 1388 (Heilbron.
1042 1358 1115 1394 pag.
1137 1347 1198 1388 624
1215 1345 1346 1388 et625.)
1379 1365 1427 1372 —
1465 1345 1568 1379 Grim-
1589 1347 1622 1379 in
1644 1345 1735 1380 Ptol.
1758 1347 1845 1393 (pag.
1861 1347 1937 1382 626.
2007 1333 2009 1351 ‘¹

212 1408 240 1454 §,
260 1406 349 1450 339.)
377 1401 541 1436 ——ptot
566 1411 725 1439 canones,
749 1410 798 1446 gr.
828 1396 918 1441 (ibid.
938 1398 967 1443 §.
986 1399 1067 1441 343.)
1093 1417 1144 1423 —
1173 1396 1398 1444 Cantabrigiae
1417 1397 1450 1431 in
1476 1396 1548 1431 bibl.
1573 1395 1662 1431 acad.
1688 1397 1781 1432 Ptol.
1799 1395 1937 1446 Qadri-
2006 1406 2007 1428 1

238 1459 317 1492 zirtit.
341 1467 417 1489 cum
440 1460 619 1487 comment.
642 1450 750 1497 Haly,·
781 1447 1017 1496 centiloquium
1038 1461 1114 1483 cum
1135 1447 1281 1483 eiusdem
1306 1461 1430 1483 comm.
1453 1449 1542 1496 (pag.
1561 1450 1629 1492 632.
1654 1445 1686 1494 ᾗ.
1707 1450 1794 1495 376.)
1820 1468 1872 1475 -
1898 1449 1938 1484 tn

209 1509 279 1544 aliis
301 1506 377 1542 bibl.
403 1508 434 1540 in
454 1504 600 1550 Anglia,
638 1502 727 1535 Ptol.
753 1512 870 1535 canon.
902 1513 978 1534 cum
1003 1501 1138 1534 Theonis
1164 1499 1283 1534 introd.
1312 1499 1440 1548 logica,
1479 1503 1559 1534 item
1583 1499 1728 1534 Heraclii
1750 1513 1876 1536 comm.
1901 1503 1938 1535 in.

210 1560 294 1596 Ptol.
311 1569 451 1593 canones
467 1568 514 1603 gr.
531 1567 653 1588 comm.
672 1554 739 1601 (qui
757 1551 837 1586 liber
852 1551 1022 1587 emendate
1038 1550 1190 1599 scriptus,
1218 1564 1307 1586 rarus
1324 1562 1354 1586 et
1370 1549 1506 1586 ineditus
1521 1550 1654 1592 dicitur,
1681 1550 1803 1587 Heilbr.
1819 1565 1849 1601 p.
1864 1555 1937 1598 656.

215 1613 245 1660 ᾗ,
265 1610 361 1654 409.)
389 1627 440 1635 —-
467 1607 598 1641 Bredon
623 1603 781 1651 expolitio
803 1601 896 1650 super
918 1602 1076 1651 quaedam
1099 1603 1239 1651 capitula
1265 1602 1459 1651 Almagesli3
1485 1623 1537 1628 —-
1568 1603 1659 1636 Ptol.
1689 1601 1730 1637 de
1753 1602 1937 1654 eclipsibus,

213 1659 500 1698 coniunfflonibus
522 1657 746 1706 planetarum,
773 1664 803 1690 et
824 1665 904 1690 orat.
924 1654 964 1689 de
981 1655 1063 1690 Ptol.
1082 1653 1319 1703 hypothesibus
1335 1666 1395 1691 etc.
1423 1657 1513 1703 (pag.
1531 1656 1593 1697 642
1611 1664 1640 1689 et
1659 1656 1746 1701 643.)
1773 1676 1822 1685 -—
1848 1656 1937 1692 Ptol.
1965 1695 1969 1701 Ι

214 1712 328 1764 phrases
345 1722 403 1747 etc.
430 1722 478 1760 gr.
504 1713 592 1758 (pag.
611 1707 707 1751 644.)

314 1788 498 1824 Florentiae
519 1788 551 1820 in
569 1783 644 1818 bibl.
663 1785 814 1818 Laurent.
832 1781 953 1817 Medic.
963 1780 1062 1828 (teste
1080 1783 1216 1817 Bandin.
1232 1792 1290 1817 cat.
1309 1779 1404 1818 codd.
1423 1781 1549 1830 graec.)
1571 1790 1652 1817 tom.
1673 1782 1712 1816 Π.
1732 1782 1794 1819 col.
1815 1795 1852 1818 1ο
1869 1781 1937 1834 sqq.

215 1841 288 1878 cod.
304 1842 327 1875 l.
351 1840 431 1887 plut.
449 1845 500 1879 28.
528 1837 618 1871 Ptol.
641 1833 832 1882 hypothesis
855 1832 1020 1869 stellarum
1042 1837 1226 1869 errantium.
1252 1854 1303 1860 —
1329 1833 1427 1870 eiusd.
1444 1832 1650 1881 adparentiae
1669 1833 1834 1870 stellarum
1858 1835 1939 1872 fixa.

214 1907 289 1929 rum
312 1902 488 1938 earumque
511 1887 773 1936 significationes,
798 1906 848 1911 —
873 1885 973 1920 eiusd.
996 1883 1035 1920 de
1055 1885 1217 1920 iudicandi
1236 1883 1397 1920 facultate.
1423 1884 1594 1933 (polirem.
1613 1898 1668 1933 op.
1684 1885 1728 1921 est
1750 1899 1883 1934 quoque
1903 1890 1938 1923 in

215 1944 290 1981 cod·
307 1945 376 1980 χιι,
398 1954 445 1977 ns,
459 1953 488 1984 4„
514 1943 601 1989 (pag.
618 1939 681 1981 ²3·)
701 1946 733 1972 et
747 1935 822 1971 cod.
838 1938 966 1972 XLVll.
984 1938 1013 1984 ᾗ
1031 1949 1060 1981 4.
1080 1939 1168 1985 (pag.
1185 1938 1257 1982 70.)
1283 1957 1333 1963 ——
1359 1935 1433 1971 cod.
1452 1938 1522 1970 Vll.
1539 1936 1617 1981 (col.
1634 1939 1669 1972 16
1688 1934 1768 1986 sqq.)
1803 1937 1939 1974 Theonis

216 1994 376 2044 expositio
398 1995 430 2028 in
455 1991 537 2027 Ptol.
561 2002 718 2031 calmum,
747 1986 815 2035 (vbi
833 1987 965 2023 Bandin.
990 1988 1142 2030 adnotat,
1169 1998 1200 2023 et
1226 2001 1264 2023 ex
1287 1989 1452 2037 prooemii
1479 1989 1642 2036 principio
1662 1989 1782 2031 efficit,
1807 1991 1870 2025 duo
1887 2003 1939 2027 ex.

218 2047 298 2083 flare
311 2047 465 2080 Theonis
489 2041 693 2089 syntagmata
718 2038 764 2077 εἰς
788 2038 851 2078 τὲς
872 2036 1056 2090 προχεὶξες
1078 2043 1188 2078 Πτολ-
1213 2037 1369 2078 κοίνονοις.
1425 2041 1512 2074 Prius
1533 2039 1658 2075 constat
1676 2039 1765 2076 libris
1779 2043 1818 2076 V.
1841 2050 1872 2077 et
1884 2044 1940 2078 has

219 2102 311 2135 betur
334 2099 367 2132 in
391 2094 463 2131 cod.
488 2094 602 2129 medie.
621 2093 690 2127 ΧΠ.
714 2090 858 2127 eiusdem
882 2093 1002 2139 plutei3
1027 2091 1183 2141 posterius
1205 2090 1240 2136 (s.
1257 2088 1378 2138 λογικῆ
1399 2087 1538 2140 ἔφοδος)
1561 2093 1594 2126 in
1611 2092 1677 2126 hoc
1694 2091 1767 2128 cod.
1785 2091 1938 2142 septimo,

222 2162 253 2187 et
276 2153 309 2184 in
331 2147 404 2183 eod.
421 2149 550 2181 Veneto
567 2146 606 2179 D.
624 2144 732 2178 Marci
755 2142 828 2178 cod.
843 2144 1006 2180 CCCXV.
1031 2144 1123 2179 catal.
1147 2156 1223 2192 pag.
1242 2145 1307 2186 146.
1335 2144 1387 2178 vbi
1410 2140 1590 2178 accensetur
1612 2142 1758 2184 ineditis,
1785 2157 1847 2180 nec
1868 2159 1939 2183 nou

222 2206 256 2238 in
273 2200 398 2236 duobus
422 2195 516 2232 codd.
535 2193 725 2229 vindobon.
745 2204 775 2228 et
793 2193 885 2234 alibi„
912 2197 956 2229 vti
981 2197 1045 2229 iam
1067 2196 1142 2230 hinc
1168 2194 1242 2230 inde
1261 2193 1401 2230 vidimus
1423 2196 1456 2230 in
1475 2195 1537 2229 hac
1559 2193 1653 2231 codd.
1679 2198 1938 2242 enumeratione,

223 2252 305 2290 adde
329 2250 367 2286 :id
392 2250 492 2298 §.VL
515 2247 553 2283 de
573 2246 644 2282 cod.
660 2247 757 2290 Ven.)
785 2264 835 2272 —
861 2246 951 2280 Ptol.
970 2246 1147 2283 declaratio
1171 2256 1202 2281 et
1224 2245 1389 2282 ordinatio
1411 2255 1621 2293 promtorum
1646 2245 1865 2283 astronomiae
1888 2249 1938 2286 ca}

221 2316 348 2341 nonum
368 2311 397 2336 et
418 2297 607 2349 hypothesis
630 2296 743 2332 stellas.
767 2299 962 2341 errantium3
987 2297 1100 2334 eadem
1120 2295 1229 2346 opusc.
1250 2301 1284 2333 in
1303 2297 1376 2334 cod.
1391 2299 1461 2334 ΧΗ.
1483 2296 1575 2346 (pag.
1594 2310 1628 2343 17
1648 2295 1712 2348 sqq.
1730 2311 1806 2348 pag.
1821 2311 1858 2345 23
1877 2298 1938 2350 sq.)

224 2356 297 2392 eod.
317 2355 428 2389 XLVI.
445 2355 536 2401 (pag.
555 2351 624 2395 68.)
641 2347 714 2383 cod.
731 2349 860 2402 XLVII.
881 2353 971 2397 (pag.
990 2353 1062 2393 70.)
1085 2369 1134 2377 —
1161 2349 1234 2384 cod.
1249 2351 1316 2385 ΧΠ.
1333 2352 1421 2397 (pag.
1437 2348 1499 2395 21.)
1532 2350 1668 2384 Theonis
1683 2364 1825 2387 memor.
1846 2363 1938 2389 comi

225 2415 325 2445 ment.
342 2408 377 2442 in
394 2404 475 2442 Ptol.
499 2414 638 2441 canones
658 2397 679 2437 s.
699 2408 820 2448 λογικη
837 2397 974 2449 wodor:
998 2401 1055 2445 (de
1072 2415 1139 2453 quo
1157 2401 1245 2439 libro
1262 2399 1413 2452 copiosus
1422 2399 1474 2453 ‘est
1488 2399 1639 2444 Bandin.)
1655 2412 1686 2439 et
1698 2415 1746 2439 nr.
1763 2405 1821 2440 VI.
1843 2406 1888 2440 vti
1904 2406 1938 2445 in

726 2466 729 2468 ’
1730 2453 1804 2493 cod.
1819 2456 1936 2495 XXVI.
