2013 2725
244 155 301 201 51⁶
403 150 477 187 Lib.
491 149 564 187 JV.
579 162 602 186 c.
615 150 702 187 XX.
932 147 1058 185 VARn
1091 147 1268 186 MAX1M1
1679 147 1797 176 νοιῐν.
1814 156 1839 182 p.
1855 149 1962 198 ³³22
2010 117 2012 133 ²

242 245 372 285 Eusebii
394 248 428 282 in
443 246 614 282 Chronico
637 244 760 287 verbis,
787 245 842 283 ita,
862 251 897 279 vt
911 244 1068 292 interpres
1085 245 1315 290 Hieronymus
1331 241 1520 278 Maximum
1537 242 1682 288 Tyrium
1698 245 1793 278 etiam
1812 242 1964 280 distinxe-

241 303 285 336 rit
303 299 348 344 ¹¹¹⁸)
371 313 390 333 a
410 297 670 347 praeceptoribus
692 293 878 334 Verissimi,
906 308 989 344 quos
1012 293 1106 331 suiffe
1129 299 1173 331 ait
1193 293 1413 345 philosophos
1437 294 1572 330 illustres
1589 294 1806 345 Apollonium
1823 296 1964 331 stoicum

240 353 347 403 patria
369 349 678 394 Chalcedonium“)
700 358 732 384 et
753 345 924 383 Bafilidem
951 347 1277 396 Scythopolitanum.
1328 346 1479 382 Libenter
1501 349 1598 382 etiam
1621 344 1785 382 adsentior
1800 347 1881 382 Tho.
1898 348 1967 382 Ga-

243 404 368 440 tati-ero
384 412 414 438 et
431 402 555 436 Merito
575 400 776 448 Cqsaubono,
804 402 879 449 qui,
905 401 939 434 in
960 402 1045 435 notis
1068 399 1108 435 ad
1129 401 1235 435 Marci
1253 400 1410 434 Antonini
1427 398 1479 433 lib.
1493 399 1517 433 I.
1537 395 1668 443 secl.15.
1691 411 1816 440 errare,
1841 407 1966 446 putant,

243 468 322 497 eos,
348 457 403 502 qui
428 451 606 489 Claudium
622 454 810 488 Maximum
834 449 991 492 stoicum,
1023 453 1130 487 Marci
1144 453 1302 486 Antonini
1331 461 1596 499 praeceptorem,
1627 463 1701 485 cum
1726 452 1880 486 Maximo
1891 450 1966 494 Ty-

243 510 295 542 rio
319 505 488 554 platonico
508 502 740 544 confundunt‚
779 512 813 540 vt
841 512 968 552 praeter
990 502 1193 551 Scaligerum
1220 501 1261 538 ad
1286 499 1402 542 Euseb.
1428 501 1571 537 lonfium
1589 503 1644 537 111.
1663 515 1694 548 9.
1712 515 1785 550 pag.
1804 504 1874 547 256,
1902 501 1966 535 Iac.

244 557 446 606 cappellum
461 559 494 591 in
508 555 578 592 hist.
595 554 706 592 eccles.
724 558 809 592 Dan.
825 553 998 590 Heinfium
1015 557 1048 590 in
1065 552 1152 590 Obss‘.
1168 553 1208 590 ad
1226 555 1366 589 Maxim.
1382 567 1413 603 p.
1434 565 1475 597 13.
1490 563 1521 589 et
1538 563 1620 589 tom.
1638 554 1674 587 ll.
1692 553 1762 588 hist.
1776 556 1967 600 imperator.

244 610 525 651 Tillemonfium,
555 605 634 644 facit
658 606 785 655 Caspar
799 607 982 647 Bao-thius,
1009 609 1099 642 cuius
1125 608 1206 642 haec
1226 603 1301 641 sunt
1324 606 1419 641 verba
1440 605 1493 641 lib.
1512 608 1535 640 1.
1560 602 1716 641 adversar.
1738 618 1806 653 cap.
1821 605 1877 640 ΧΙ.
1913 603 1968 638 De

245 663 394 698 Maximo
417 661 504 708 quod
524 662 571 694 ait
585 661 774 695 Antoninus
790 659 991 706 philosophus·
1012 661 1046 694 ia
1061 658 1215 705 Eclogis‚
1241 670 1309 693 eum
1327 657 1508 706 gratiosum
1532 657 1796 703 diffisfabiisquc
1818 659 1856 691 ab
1871 656 1968 690 omni.

245 716 304 749 bus
313 712 408 761 fniffi
419 713 595 752 amabilem,
622 711 745 759 idfime
762 711 851 745 hodie
866 723 989 758 quoque
1006 723 1044 746 ex
1059 712 1126 744 eius
1145 709 1414 757 dissertationibus
1437 710 1556 744 clarum
1577 709 1633 755 est,
1659 710 1773 757 quibus
1790 707 1873 743 nibil
1887 717 1966 753 gra-

245 769 314 802 tius
328 764 420 811 fingi
438 763 558 812 potest,
578 763 770 812 praesertim
792 763 885 797 talem
908 762 1008 797 nablis
1031 764 1246 807 inttrpretcm.
1299 762 1531 796 Vehementius
1553 763 1651 796 etiam
1675 757 1782 809 lapsus
1803 759 1847 795 est
1870 759 1968 794 Fede-

244 819 329 854 ricus
345 815 516 857 Morellvs,
543 818 599 863 qui
618 817 651 850 in
668 814 891 854 lemmatibus,
913 826 995 862 quae
1012 813 1214 861 marginibus
1227 814 1357 849 Libanii
1374 811 1420 846 sui
1438 811 1589 860 adspersit
1604 822 1685 847 tom.
1702 814 1740 847 11.
1757 809 1796 846 ad
1813 820 1894 846 orat.
1911 810 1967 844 lv.

245 882 322 919 pag.
341 880 401 911 ¹75·
429 877 461 902 et
481 867 552 901 vn.
570 878 643 914 pag.
658 872 723 907 218.
758 867 952 899 Maximum
969 866 1120 908 Tyrium
1148 863 1301 899 eumdem
1332 861 1409 898 facit
1433 878 1509 899 cnm
1535 864 1637 911 longe
1661 865 1789 897 iuniore
1810 862 1966 898 Maximo

245 917 409 966 Ephesio,
435 917 572 954 dodiore
587 917 703 952 Iuliani
722 917 771 955 τέ
786 913 1015 965 mexssa'ra,
1043 917 1129 951 redle
1150 913 1363 962 reprehensus
1384 927 1424 949 eo
1444 917 1583 949 nomine
1599 928 1618 949 a
1635 912 1779 949 Dauisso.
1831 914 1883 947 De
1904 910 1967 946 illo

245 973 420 1011 Maximo,
447 971 537 1004 cuius
562 981 683 1017 poema
704 968 941 1015 astrologicum
965 967 1043 1017 περὶ
1064 967 1261 1016 καταςχῶν
1281 980 1298 1001 e
1312 967 1414 1002 MSto
1429 964 1582 1001 Mediceo
1599 963 1763 1000 editurum
1785 976 1840 999 me
1858 963 1968 1010 recepi

245 1023 302 1059 lib.
319 1023 372 1056 111.
395 1034 464 1070 cap.
480 1033 531 1056 20.
559 1020 654 1070 plura
675 1017 803 1054 dicendi
826 1020 920 1054 locus
946 1020 1006 1053 erit
1029 1018 1068 1053 ad
1088 1020 1289 1066 Eunapium.
1317 1014 1386 1064 [sed
1407 1016 1480 1052 edit.
1496 1019 1634 1065 Eunapii
1648 1017 1834 1052 Fabriciana
1857 1014 1968 1050 lucem

246 1088 319 1110 non
340 1071 446 1119 vidit.]
501 1074 597 1108 Nunc
617 1071 698 1106 alios
720 1068 883 1120 quosdam
909 1071 1073 1104 Maximo:
1103 1068 1223 1105 addere
1252 1071 1359 1111 iuuat,
1388 1078 1421 1103 vt
1439 1070 1620 1104 Maximum
1641 1070 1839 1117 Byzantium
1859 1065 1968 1102 Eucli-

246 1125 297 1162 dis
313 1133 494 1175 parentem,
516 1123 644 1158 Iuliano
664 1120 884 1163 familiarem,
912 1134 1010 1170 quem
1034 1121 1073 1156 ab
1094 1119 1238 1170 Ephesio
1257 1120 1427 1169 distinguit
1447 1122 1593 1156 Socrates
1609 1120 1664 1155 111.
1681 1133 1706 1155 1.
1722 1118 1792 1156 hist.
1810 1115 1920 1154 eccles.
1936 1125 1969 1153 et

246 1178 456 1225 Nicephorus
473 1176 512 1211 X.
525 1187 546 1211 1.
575 1175 759 1209 Maximum
775 1176 954 1208 Romanum
971 1175 1004 1207 in
1021 1175 1119 1208 veteri
1139 1185 1310 1208 marmore
1328 1171 1414 1222 apud
1433 1172 1586 1208 Fuluium
1604 1171 1756 1208 Vrfinum
1772 1184 1800 1218 p.
1814 1183 1863 1214 71.
1881 1168 1968 1216 elog.

246 1233 514 1269 ΜΑΞΙΜΟΣ
545 1231 834 1265 ΣΕΟΎΙ-ΙΡΟΎ
865 1231 1129 1263 ΡΩΜΑΙΟΣ.
1181 1226 1365 1259 Maximum
1380 1224 1623 1271 pbilrfiiphum,
1648 1222 1689 1259 de
1713 1235 1780 1272 quo
1800 1218 1968 1268 inscriptio

179 1315 183 1317 .
246 1282 383 1317 Athenis
402 1288 547 1327 reperta,
573 1290 656 1326 quae
677 1275 778 1311 exstat
799 1276 886 1324 apud
913 1277 972 1310 lac.
987 1278 1150 1324 Sponium
1176 1288 1208 1322 p.
1227 1288 1292 1319 127.
1308 1273 1402 1310 Misc.
1437 1282 1678 1315 ΜΛΞῙΜΩ,
1696 1288 1755 1301 ⁴—-
1779 1294 1831 1302 -
1862 1277 1967 1311 TIA-

247 1338 350 1377 ΝΩ,
385 1333 699 1369 ΦΙΛΟΣΟΦΩ,
754 1328 938 1361 Maximum
957 1327 1231 1366 Alexandrinum,
1263 1324 1500 1375 philosophum
1523 1330 1707 1370 Cynicum,
1747 1324 1788 1359 de
1809 1335 1878 1371 quo
1900 1322 1966 1357 dixi

245 1383 301 1418 lib.
321 1384 375 1417 111.
397 1393 465 1428 cap.
483 1392 527 1415 12.
565 1381 750 1414 Maximum
765 1378 938 1426 sophistam
955 1378 1230 1420 Alexandrinum,
1262 1382 1350 1413 cuius
1364 1379 1522 1427 μελέτας
1541 1375 1651 1425 legisse
1668 1374 1698 1412 se
1714 1373 1811 1411 refert
1830 1375 1968 1409 Photius

246 1437 282 1470 in
301 1433 456 1470 Biblioth.
477 1431 532 1478 [If]
558 1431 672 1465 codice
687 1430 851 1467 CXXXV.
885 1430 1068 1464 Maximum
1087 1431 1163 1466 item
1181 1430 1385 1477 Aegimfim,
1412 1433 1467 1478 qui
1484 1430 1653 1478 Apollonii
1668 1425 1853 1473 Tyanenfis
1867 1428 1968 1461 vitain

245 1482 392 1533 scripsit,
419 1481 495 1518 teste
512 1482 709 1527 Philostrato
727 1482 779 1518 lib.
797 1484 818 1516 l.
837 1494 909 1529 cap.
922 1496 949 1527 3.
976 1493 1007 1517 et
1030 1482 1172 1516 Hierocle
1192 1481 1279 1530 apud
1302 1479 1476 1516 Eusebium
1493 1495 1562 1529 cap.
1577 1493 1606 1516 2.
1657 1481 1812 1516 Meminit
1835 1489 1968 1528 quoque

250 1538 394 1573 Tzetzes
410 1537 485 1570 chil.
503 1547 533 1570 2.
555 1535 625 1569 hist.
641 1537 698 1570 60.
717 1536 766 1570 61.
790 1531 844 1569 sed
868 1544 900 1569 et
922 1534 996 1570 chil.
1012 1547 1045 1580 9.
1068 1533 1140 1570 hist.
1155 1546 1227 1579 291.
1255 1543 1287 1569 vt
1309 1533 1421 1582 pulcre
1444 1532 1484 1569 ad
1504 1531 1734 1569 Philostratum
1754 1533 1840 1567 notis
1860 1527 1968 1565 obser·

245 1599 360 1624 vatum
383 1583 552 1622 Godfrido
571 1585 718 1623 Oleario.

350 1690 408 1723 IX.
433 1691 577 1730 Verum,
603 1698 637 1724 vt
657 1687 757 1724 missis
782 1689 917 1724 infinitis
943 1687 1014 1723 aliis
1037 1689 1217 1730 Maximis,
1246 1699 1388 1735 quorum
1414 1690 1449 1723 in
1472 1696 1618 1724 veterum
1639 1684 1764 1734 scriptis
1786 1699 1825 1721 ac
1847 1695 1967 1721 monu-

245 1742 365 1778 meniis
381 1741 416 1775 fit
432 1743 557 1777 mentio
569 1765 579 1779 ‚
606 1739 645 1776 ad
660 1743 810 1785 Tyrium
831 1739 978 1775 nostrum
1000 1753 1158 1781 reuertar,
1185 1740 1342 1774 aufi‘orem
1358 1742 1504 1786 inprimis
1519 1740 1691 1786 elegantem
1707 1741 1738 1772 in
1753 1737 1965 1784 philosophia,

244 1807 283 1829 ac
295 1794 448 1840 disertum
457 1791 513 1837 ¹¹¹⁶),
532 1803 565 1827 vt
579 1805 656 1827 cum
670 1793 770 1828 Petro
782 1793 893 1827 Petito
906 1792 1023 1840 loquar
1036 1791 1091 1826 lib.
1109 1794 1133 1827 Ι.
1150 1793 1240 1826 mic.
1256 1790 1525 1826 obseura-ionum
1544 1804 1613 1838 cap.
1631 1802 1683 1825 20.
1699 1789 1860 1824 habebunt
1874 1799 1964 1830 eum,

243 1857 376 1886 omnes‚
399 1846 454 1892 qui
471 1844 632 1891 legerunt.
661 1845 752 1879 Vivio
770 1845 800 1876 ei
817 1844 896 1879 verti
914 1844 1010 1877 video
1025 1844 1064 1878 ab
1081 1842 1295 1878 eruditillimo
1309 1844 1434 1878 editore
1452 1840 1599 1883 Dauffio,
1615 1839 1703 1890 quod
1721 1838 1790 1876 diff.
1802 1840 1963 1874 xxxvn.

242 1910 321 1945 pag.
339 1900 409 1939 386.
436 1894 519 1942 [diff.
536 1897 605 1930 Vll.
621 1892 694 1931 seii.
711 1897 743 1930 6.
760 1897 794 1929 in
812 1894 911 1929 altera
925 1893 1050 1928 Dauilii
1064 1894 1155 1940 edin]
1178 1896 1277 1928 nimis
1301 1893 1430 1941 putide,
1452 1907 1514 1928 nee
1533 1907 1590 1935 ea,
1616 1905 1678 1941 qua
1694 1904 1752 1940 par
1768 1890 1824 1931 est,
1848 1888 1962 1926 mode·
1992 1932 1995 1933 ⁷

242 1949 312 1990 flia,
330 1948 552 1996 eloquentiam
569 1943 659 1981 suam
674 1960 712 1981 ac
728 1945 947 1995 multiplicem
965 1945 1187 1980 eruditionem
1203 1947 1298 1980 iadtet
1313 1956 1340 1980 et
1358 1943 1487 1986 effen-at,
1512 1945 1602 1979 velut
1616 1957 1656 1979 eo
1676 1942 1825 1984 confluo,
1838 1952 1872 1978 vt
1889 1941 1962 1990 plu-

241 2012 293 2034 res
308 1997 484 2046 discipulos
504 1998 541 2033 ad
559 1996 589 2033 se
604 2000 822 2046 perri-aberet,
847 1998 1008 2043 xeniaque
1022 1997 1062 2031 ab
1077 1999 1115 2030 iis
1127 2025 1137 2038 .,
1165 2010 1246 2046 quos
1262 1998 1326 2031 iam
1342 1997 1454 2031 naclus
1471 2005 1557 2032 erat,
1583 1995 1726 2043 largiora
1751 1992 1858 2029 ferret.
1903 1994 1960 2028 At-

241 2053 359 2088 tentius
371 2061 481 2086 tamen
497 2051 621 2098 legenti
636 2050 729 2086 illam
741 2048 945 2100 praeclaram
961 2046 1217 2085 differtationem
1233 2046 1400 2098 adparebit
1414 2049 1518 2096 longe
1538 2045 1627 2082 aliud
1651 2059 1692 2082 eo
1714 2048 1749 2081 in
1770 2044 1848 2081 loco
1864 2041 1961 2080 fuisse

1812 2096 1957 2132 Maximi

284 2203 339 2240 hh)
358 2205 453 2235 Locus
466 2203 644 2237 Hieronymi
659 2203 699 2232 ita
712 2201 860 2231 distin&us
876 2200 992 2239 legitur.
1014 2199 1079 2232 Ar·-
1163 2201 1199 2236 ι’ῐ)
1229 2200 1249 2230 s.
1263 2208 1295 2231 vt
1313 2199 1422 2238 legitur
1442 2197 1520 2239 apud
1540 2199 1776 2234 Hieronymum,
1805 2195 1957 2229 Chalcidi.

237 2248 349 2281 rianus
367 2244 560 2288 philosophus
577 2244 806 2285 Nicomediensis
830 2243 1022 2286 agnoscitur,
1044 2248 1075 2274 et
1116 2254 1199 2280 cum,
1219 2243 1299 2284 quod
1324 2254 1432 2272 nomen
1454 2241 1531 2271 haud
1553 2240 1723 2269 mutandum
1745 2241 1839 2271 censet
1856 2239 1955 2272 nauis.

237 2293 403 2324 Maximus
432 2290 550 2328 Dyr-ius.
594 2287 773 2327 Apollonius
801 2287 922 2317 Stoicus
950 2288 1075 2317 nafione
1116 2290 1148 2318 in
1163 2287 1251 2327 praef.
1266 2287 1301 2316 ad
1317 2286 1398 2316 alter.
1415 2285 1483 2314 edit.
1503 2295 1567 2325 pag.
1582 2287 1610 2315 6.
1634 2282 1725 2313 Harl.

239 2333 427 2366 chalcidicus
451 2336 479 2362 et
503 2329 648 2370 Basilides
668 2330 955 2370 Scytlzopolitanus,
975 2330 1073 2370 philo·
1160 2329 1212 2369 kk)
1235 2330 1439 2359 Disertiffimus
1464 2326 1655 2366 philosophus
1675 2326 1782 2355 dicitur
1801 2326 1836 2355 ab
1860 2325 1952 2356 Hem·

231 2376 322 2418 sophi
353 2375 476 2416 iffiuflres
504 2373 672 2407 habentur,
709 2373 760 2412 qui
785 2372 932 2413 Veriffimi
958 2382 1075 2414 quoque
1109 2372 1236 2415 stet-lius.
1252 2372 1288 2402 ad
1306 2372 1403 2400 Polluc
1435 2371 1483 2399 lib.
1500 2371 1547 2399 [x.
1567 2380 1625 2408 cap.
1643 2378 1665 2401 7.
1691 2370 1718 2407 ᾗ.
1736 2378 1793 2400 uo.
1813 2368 1879 2399 add.
1895 2370 1951 2400 D·-

238 2417 376 2462 Caqsaris
386 2421 599 2459 praeceptores
606 2414 749 2457 suerunt.
771 2415 865 2447 Harl.
1118 2415 1171 2448 vis.
1184 2415 1276 2458 praef.
1290 2415 1327 2445 ad
1339 2415 1377 2446 11.
1395 2414 1464 2444 edit.
1483 2423 1546 2455 pag.
1563 2422 1587 2448 ς.
1607 2411 1704 2443 Harl.
