2049 2720
55 34 179 62 V01.1V-
211 42 238 66 p*
257 37 306 66 577
701 31 1017 68 THEOLOGICA.
1162 66 1171 79 ,
1228 33 1301 70 Lib.
1314 34 1381 71 IV.
1399 46 1424 71 e.
1440 34 1655 72 XXXVIII.
1707 47 1767 83 229

49 126 137 162 edito
162 127 276 168 habet,
304 127 386 161 libro
404 128 456 161 Ill.
479 138 555 175 pag.
569 138 619 170 72.
635 128 661 170 ¹)
688 124 777 172 quod
802 139 842 160 eo
866 129 971 174 magis
995 127 1139 168 mireris.
1167 130 1323 176 quoniam
1343 125 1409 177 ipse
1423 141 1494 188 pag.
1511 140 1557 173 73.
1584 130 1673 176 [pag.
1692 137 1762 172 198.

47 177 97 214 ed.
124 167 284 225 Kollarii]
312 176 391 213 facit
412 180 496 213 illius
523 180 668 213 luminae
685 176 838 221 Dionysii
854 178 1005 213 editionis
1023 182 1240 215 mentionem.
1292 181 1427 229 Incipit:
1454 177 1649 228 αγοὶμενος,
1674 180 1763 218 Sao»

46 359 126 379 voce.
144 346 255 379 difficil.
273 348 303 376 in
320 346 398 377 illius
414 357 482 388 opp.
505 348 674 377 obuiorum.
702 363 745 370 ——·
786 347 882 388 Expli-

984 227 1076 272 ΠΒ·

1622 228 1758 281 μέσοις,

927 349 1140 378 MMDCXVII.
1163 359 1206 380 nr.
1225 358 1250 380 2.
1273 352 1413 385 anonymi
1432 350 1565 386 lexicon,
1593 361 1652 392 quo
1675 360 1757 381 voce.

11 396 14 397 ⁷
47 393 122 420 tatio
138 401 217 421 voce.
235 390 428 431 quorumdam
451 389 559 419 difficil.
583 401 655 430 quae
683 392 712 419 in
735 390 882 429 Gregorii
926 392 1096 420 (Id-“inteuc'ni
1113 391 1224 421 difficil.
1240 392 1428 432 explicantur.
1447 405 1487 422 nr.
1500 404 1524 428 3.
1540 396 1610 423 item
1626 395 1656 422 in
1673 393 1758 423 codd.

44 433 246 465 Nazianzbni
268 433 443 462 carminibus
458 442 632 467 occurrunt,
654 434 692 462 cst
708 435 737 461 in
756 433 818 462 coil.
831 435 880 462 Pa-

42 475 93 506 ris.
112 477 356 506 MMCCCCVIII.
378 486 421 504 nr.
434 479 459 505 6.
475 477 543 504 item
558 478 586 504 iu
602 475 665 504 cod.
677 477 878 505 MMDCXIX.

43 529 90 548 nr.
107 528 132 548 2.
165 528 216 547 nec
240 529 297 547 non
320 520 352 546 in
375 518 438 546 cod.
465 517 586 548 Coislin.
611 519 787 547 CCCXCIV.
809 519 878 548 teste

43 559 234 592 Montfaucon
249 560 320 591 bibl.
336 559 455 590 Coislin.
480 570 542 599 pag.
559 563 625 595 603.
655 560 748 589 Harl.

87 605 117 641 e)
139 605 206 633 Siue
223 603 276 633 col.
297 612 353 638 ¹93-
370 602 407 642 sq.
424 603 468 631 ed.
481 601 621 636 Kollarii,
644 605 723 631 cuius
739 610 799 633 not.
809 613 876 632 con-

43 644 129 676 feres.
173 647 206 675 ln
222 644 282 675 vol.
299 646 363 675 VII.
381 645 435 675 col.
447 654 508 679 532.
523 645 585 674 cod.
601 647 758 674 CXXXIII.
776 656 818 675 nr.
837 656 876 680 ¹9·

43 689 83 718 est
101 690 239 722 anonymi
263 688 392 717 Lexicon
415 687 553 717 biblicum
579 697 745 727 graeciam,
785 690 876 717 conti-

42 741 113 760 nens
129 732 398 771 interpretationem
417 729 584 759 succinchm
608 730 799 760 obscurorum
824 742 874 760 vo-

41 772 233 809 tabularum,
257 784 330 813 quac
351 774 460 802 exstant
478 775 505 801 in
525 774 655 802 versione
674 784 774 810 graeca
790 776 824 804 V.
849 782 876 803 et

41 818 82 847 N.
104 817 274 845 testamenti.
301 826 344 845 nr.
366 825 414 845 20.
438 817 642 855 interpretatio
670 816 875 845 hebraicorum

41 861 194 888 nominum
214 867 242 888 et
257 857 489 894 vocabulorum,
508 860 536 887 iu
554 860 597 888 SS.
613 857 705 898 script.
719 869 875 888 occurren-

41 904 133 936 tium,
162 901 265 931 ordine
285 900 487 941 alphabetico,
518 909 546 930 ct
567 911 610 930 nr.
627 910 667 931 21.
689 900 874 942 alphabetum

38 945 240 973 Hebraeorum
258 954 323 973 cum
348 943 540 984 explicatione
561 953 672 981 graeca.
695 954 738 974 nr.
756 954 798 979 23.
822 955 874 973 no-

39 989 118 1016 mina
135 986 287 1016 duod-:cim
307 986 506 1025 apostolorum
524 995 551 1015 et
572 995 699 1026 quatuor
719 988 873 1024 archange-

38 1028 137 1059 lorum
152 1040 216 1058 cum
237 1028 438 1068 explicatione.
468 1046 510 1050 —
552 1031 584 1057 In
606 1028 675 1059 bibl.
699 1028 814 1059 Veneta
838 1032 873 1058 D.

38 1073 151 1107 Marci,
172 1071 238 1101 cod.
261 1066 444 1101 DLXxvuI.
468 1069 622 1110 explicatio
646 1082 725 1102 vocc,
747 1071 872 1100 hebraic.

39 1125 93 1156 per
112 1115 308 1155 alphabetum.
337 1112 441 1149 (catal.
466 1123 529 1154 pag.
545 1118 625 1148 303.)
652 1130 694 1135 -—
737 1114 873 1145 Venetiis

38 1159 114 1188 inter
133 1156 218 1187 codd.
236 1157 417 1189 Nonianos,
437 1158 466 1184 in
483 1156 723 1185 cod.CCXCV11.
741 1154 780 1195 sq.
800 1158 869 1194 (cat.

33 1209 102 1241 pag.
119 1205 186 1234 498.
209 1199 268 1240 sqx)
295 1210 321 1228 n.
339 1209 365 1228 2.
408 1200 535 1228 Lexicon
557 1200 587 1227 in
612 1198 754 1233 Psalmos,
783 1210 826 1227 nr.
844 1209 870 1234 3.

27 1247 125 1284 'parua
142 1242 230 1272 lexica
247 1244 275 1271 in
292 1251 394 1270 onmes
411 1239 523 1270 feress.
539 1240 640 1271 libros.
659 1257 701 1263 -—-
722 1243 753 1270 in
769 1241 870 1271 codice

39 1286 190 1320 (CXCIV.
214 1284 306 1319 (catal.
325 1295 388 1325 pag.
405 1288 488 1321 497.)
512 1282 633 1323 ἑρμηνεία
655 1285 752 1318 λέξεων
776 1286 824 1312 τίὲν
845 1285 869 1312 ἓν

37 1329 76 1364 *ᾗ
91 1325 217 1364 αἶπος-ὅλῳ
234 1325 337 1362 Παύλῳ
352 1329 545 1366 ἐμφερομένων.
569 1343 612 1348 ——-
641 1329 671 1355 in
688 1326 750 1356 cod.
769 1327 867 1357 CCCI.

37 1368 107 1412 (eat.
123 1381 186 1411 pag.
208 1374 288 1407 505.)
314 1372 441 1399 Lexicon
456 1372 486 1399 in
501 1372 564 1399 XII.
579 1371 747 1410 prophetas,
771 1386 812 1392 —
836 1371 868 1398 in

38 1413 102 1445 eod.
119 1415 245 1444 CCCIII.
269 1424 312 1442 nr.
330 1415 354 1442 11
367 1433 373 1436 -
386 1413 437 1442 IX.
461 1411 557 1451 (catal.
575 1422 629 1452 pag
655 1412 739 1451 507.)
762 1414 869 1442 Lexica

37 1458 69 1487 in
90 1455 229 1491 Psalmos,
263 1458 390 1490 cantica,
420 1456 640 1489 oc‘iarwdmm,
671 1457 752 1490 (bina
775 1465 868 1484 exem-

38 1498 128 1542 plaria
148 1498 260 1528 diuersa
271 1500 299 1537 ,)
328 1501 358 1527 in
382 1499 556 1538 prophetas,
580 1499 641 1526 afta
657 1497 869 1538 apostolorum,

38 1543 117 1584 epist.
132 1541 167 1571 ad
183 1542 351 1576 Hebraeos,
376 1551 440 1569 cum
463 1540 527 1569 aliis
541 1540 677 1569 breuibus
700 1541 870 1570 huiusmodi

38 1583 146 1616 lexicis,
170 1601 212 1607 —
254 1583 425 1614 Florentiae
446 1586 476 1613 in
496 1582 566 1612 bibl.
583 1585 766 1619 monasterii,
792 1583 870 1620 (vid.

37 1626 213 1667 Montfauc.
237 1626 308 1656 diat.
331 1625 391 1657 ital.
421 1636 484 1666 pag.
507 1628 591 1662 363.)
614 1626 678 1656 cod.
702 1625 771 1656 saec.
790 1628 869 1657 XIII.

38 1671 199 1701 membran.
221 1671 348 1698 Lexicon
361 1679 402 1706 gr.
413 1671 442 1697 in
459 1670 539 1696 cuius
554 1670 609 1697 sinc
623 1668 779 1709 explicatio
788 1679 868 1707 grae-

38 1724 71 1751 §⁸³
86 1715 237 1742 nominum
249 1711 451 1744 hebraicorum
462 1712 487 1741 S,
499 1713 576 1740 S.—-
602 1711 737 1752 Parisiis,
755 1714 785 1740 in
796 1711 867 1742 bibl.

38 1749 120 1797 publ.
135 1754 288 1784 secundum
313 1753 394 1783 catal.
417 1753 498 1783 codd.
520 1752 579 1782 vol.
598 1755 634 1782 11.
657 1753 720 1783 cod.
737 1756 867 1783 XXXIX.

37 1809 79 1828 ur.
97 1807 140 1833 14.
165 1795 395 1837 explicatevocc.
410 1794 632 1831 nonnullorum,
647 1806 720 1834 quae
734 1798 763 1824 in
779 1799 814 1825 V.
839 1807 869 1825 ac

37 1839 80 1872 N.
96 1842 137 1869 T.
157 1838 302 1877 leguntur.
323 1855 367 1861 -
397 1838 460 1867 cod.
478 1839 672 1868 CCCCLXIV.
697 1849 738 1867 nr.
755 1849 777 1872 3,
800 1849 869 1867 ano-

37 1879 120 1917 v{tymi
134 1882 249 1911 lexicon
265 1883 290 1911 S.
302 1883 328 1912 S.
353 1891 368 1909 e
385 1881 529 1921 Stephano
540 1901 548 1914 ‚
571 1880 693 1920 altisque
708 1880 868 1918 lexicogra-

38 1927 102 1968 'phis
115 1925 320 1965 depromitun3
340 1934 383 1952 nr.
400 1934 429 1959 4.
450 1925 586 1957 anonymi
603 1922 726 1952 lexicon.
751 1940 791 1946 —-
821 1934 865 1953 co-

0 1985 1 1993 1
38 1967 91 1998 dex
113 1969 277 1997 Decccu.
300 1978 325 1995 n.
342 1970 367 1996 6.
397 1966 511 1995 lexicon
537 1976 551 1994 e
573 1966 760 2005 scriptoribus
781 1966 867 1996 sacris

37 2019 66 2041 et
81 2009 209 2051 profanis
223 2009 394 2043 collefiuin,
425 2009 474 2037 vbi
495 2016 608 2049 praeter
630 2008 768 2037 nonnulla
790 2018 866 2038 vete-

37 2052 102 2084 rum
117 2054 290 2086 testimonia,
313 2051 367 2080 alia
386 2050 475 2081 multa
491 2051 559 2079 scitu
577 2061 634 2079 non
649 2054 768 2088 indigua
783 2061 865 2091 repe-

37 2097 89 2126 riri
105 2095 255 2125 dicuntur:
277 2094 323 2123 sed
341 2094 464 2123 litteram
481 2096 512 2123 A.
531 2102 640 2122 tantum
662 2096 797 2122 continet.
829 2108 863 2115 —

38 2138 180 2168 eiu-modi
199 2136 260 2166 fere
282 2136 395 2166 lexicon
421 2138 458 2164 est
488 2139 518 2165 in
537 2136 600 2164 cod.
617 2137 864 2165 MMCCCCVIH.

36 2190 80 2210 nr.
102 2189 127 2215 3.
152 2196 195 2202 -
227 2179 290 2208 cod.
316 2180 462 2209 MCXLII.
487 2181 623 2214 anonymi
646 2177 780 2213 lexicon,
815 2179 864 2208 vbi

37 2230 149 2264 praeter
169 2222 319 2263 scriptores
341 2222 450 2256 sacros,
482 2224 566 2262 pauci
587 2220 657 2255 alii,
689 2221 863 2256 Damascius,

36 2265 199 2299 Homems,
221 2265 384 2294 laudantur.
408 2281 446 2286 -
471 2266 502 2293 In
518 2263 580 2293 cod.
602 2266 754 2293 MMDCX.
770 2264 862 2293 lexica

925 435 1106 464 MMDCLV.
1130 436 1325 466 MMDCLVI.
1354 438 1547 466 MMDCLIX.
1574 437 1758 466 MMDCLX.

925 478 1120 507 MMDCLXI.
1145 479 1383 509 MMDCLXXII.
1416 480 1663 508 MMDCLXXIII.
1687 489 1758 508 ano-

922 522 1002 551 nymi
1017 518 1128 555 lexica,
1151 520 1256 559 quibus
1281 520 1443 561 complures
1459 524 1494 551 V.
1519 529 1547 549 et
1570 524 1608 551 N.
1623 522 1664 550 Τ.
1688 520 1757 550 libri

921 570 1115 601 exponuntur.
1161 564 1192 591 In
1214 562 1277 593 cod.
1303 566 1372 603 (qui
1397 574 1430 592 cx
1454 566 1565 592 vetusto
1587 564 1758 604 exemplari,

921 604 1000 643 quod
1016 606 1047 633 in
1063 603 1133 633 bibl.
1152 607 1293 646 Principis
1306 605 1461 637 Valachiae
1475 606 1691 641 adseruabatur,
1709 606 1757 635 de·
1806 626 1814 631 -

920 646 1039 687 scriptus
1057 646 1111 676 css'e
1121 648 1322 688 perhibetur,)
1338 650 1565 678 MMDCXVIII.
1584 659 1628 679 nr.
1639 659 1668 683 4.
1685 659 1757 678 ano-

920 691 1000 722 nymi
1025 691 1170 724 Lexiwn,
1206 691 1257 720 vbi
1279 690 1460 731 explicantur
1482 701 1562 720 voce.
1587 690 1755 720 difficiliora

920 734 954 761 V.
967 740 995 760 et
1013 734 1053 762 N.
1070 733 1112 761 T.
1156 734 1264 762 AuGtor
1284 744 1355 763 vero
1379 733 1583 773 Stephanum,
1621 733 1754 763 Theodo-

918 779 1034 810 retztm‚
1059 775 1224 816 Caffianum
1241 784 1269 805 et
1286 776 1458 816 Longinum
1475 776 1680 817 philosophum
1702 776 1754 804 du-

919 827 964 845 ces
979 817 1130 857 sequutum
1147 818 1175 848 se
1190 818 1244 848 esse
1266 820 1428 859 profitetur.
1480 821 1561 859 Opus
1583 818 1655 848 illud
1680 818 1754 848 dici-

919 868 967 889 tur
982 860 1110 889 nondum
1127 860 1271 900 publicam
1287 861 1378 890 lucem
1402 861 1568 901 adspexisse.
1614 863 1658 890 Sic
1679 872 1754 901 quo-

919 912 974 942 que
990 913 1032 933 nr.
1050 912 1073 937 ς.
1097 905 1135 932 est
1152 907 1289 937 anonymi
1311 904 1423 933 lexicon
1449 905 1584 933 hebraico
1606 914 1752 941 graccum,

919 945 1055 974 hac‘ienus
1078 945 1238 981 ineditum,
1269 949 1348 975 cuius
1370 957 1427 986 ope
1450 947 1591 986 quaedam
1614 946 1755 980 Hesychii

917 986 998 1022 loca,
1021 987 1142 1026 (glossae
1159 988 1269 1024 sacrae,
1300 991 1328 1018 ni
1346 989 1467 1026 fallor,)
1498 990 1600 1030 possint
1619 989 1754 1018 emenda-

917 1032 951 1060 ri.
970 1047 1011 1052 —
1031 1032 1062 1059 In
1075 1031 1139 1061 cod.
1152 1033 1394 1062 MMDCXXXII.
1420 1034 1545 1061 Lexicon
1563 1034 1590 1060 in
1606 1031 1702 1071 plures
1718 1031 1754 1060 liae

917 1073 983 1101 bros
994 1075 1028 1102 V.
1039 1075 1078 1102 Τ.
1089 1076 1172 1102 -In
1183 1074 1247 1105 cod.
1259 1076 1514 1103 MMDCXXXHI.
1526 1075 1752 1104 MMDCLXIH.

916 1117 1138 1145 MMDchlV.
1158 1118 1410 1146 MMDCLXVIII.
1421 1119 1559 1149 anonymi
1574 1116 1700 1150 lexicon,
1716 1125 1753 1146 ex

915 1156 1103 1197 scriptoribus
1130 1165 1192 1186 tum
1214 1157 1403 1187 ecclesiasticis
1425 1167 1486 1188 tum
1508 1158 1639 1198 profanis
1663 1157 1751 1187 colle·

914 1201 1003 1229 ctum.
1056 1201 1089 1228 In
1110 1200 1172 1229 cod⁴
1194 1202 1420 1231 MMDCLVIII.
1449 1201 1653 1232 hebraicorum
1678 1211 1752 1241 quo·

914 1242 1046 1270 rumdam
1073 1245 1107 1272 V.
1125 1244 1165 1273 T.
1187 1243 1396 1273 vocabulorum
1427 1243 1591 1284 explicatio.
1627 1259 1670 1266 —--
1715 1245 1751 1273 In

913 1285 977 1315 cod.
995 1287 1205 1315 MMDCLXV.
1221 1297 1306 1316 anon.
1321 1286 1435 1315 lexicon
1450 1289 1479 1315 in
1496 1286 1636 1326 quosdam
1653 1290 1688 1316 V.
1705 1287 1750 1316 T.

912 1326 1013 1357 libros.
1038 1344 1079 1350 —
1102 1330 1133 1357 Iu
1154 1328 1220 1360 bibi.
1241 1328 1427 1359 Coistiiziana
1444 1329 1508 1358 sunt
1532 1328 1620 1358 multa
1645 1329 1750 1364 lexica,

912 1371 952 1404 (v,
972 1369 1065 1410 ipsum
1080 1370 1201 1402 Fabric.
1223 1371 1316 1405 infra,
1341 1370 1391 1401 lib.
1403 1374 1438 1401 V.
1453 1382 1572 1411 cap.40.
1591 1371 1747 1402 se&.VIII.

913 1420 970 1442 vet.
992 1413 1073 1447 edit.)
1096 1415 1125 1441 in
1144 1414 1187 1442 his
1207 1414 1267 1442 cod.
1285 1416 1457 1443 CCCXCIV.
1480 1414 1536 1444 lex.
1560 1416 1589 1443 in
1605 1413 1694 1442 libros
1709 1417 1747 1444 V.

914 1463 940 1484 ct
958 1457 997 1485 N.
1015 1458 1056 1485 T.
1076 1457 1139 1486 cod.
1160 1458 1339 1486 CLXXVIII.
1357 1456 1410 1485 lex.
1433 1458 1462 1485 in
1487 1456 1572 1497 script
1604 1456 1696 1485 sacros
1718 1463 1748 1486 et

914 1498 1063 1537 profanos.
1078 1499 1141 1529 cod.
1155 1500 1331 1529 CCCXLVI.
1349 1500 1432 1533 λέξας
1441 1501 1503 1529 XII.
1514 1499 1647 1539 prophet.
1660 1507 1687 1529 et
1696 1501 1747 1528 1v.

913 1540 979 1571 libr.
993 1543 1101 1579 Regum
1137 1541 1244 1571 Montf.
1256 1540 1325 1571 bibl.
1339 1541 1426 1571 Coisl.
1443 1553 1470 1582 p.
1482 1546 1547 1572 602.
1558 1542 1596 1582 sq.
1606 1552 1670 1582 pag.
1683 1548 1745 1576 238.

912 1594 940 1624 p.
955 1587 1035 1619 502.)
1051 1601 1094 1606 —
1107 1584 1275 1613 Intercodd.
1289 1583 1380 1614 Tltom
1401 1584 1477 1614 Gale
1489 1584 1554 1615 cod.
1572 1586 1632 1614 LV.
1648 1585 1747 1614 fiuein

913 1634 964 1655 cat.
972 1626 1141 1664 codd-Angl.
1151 1635 1177 1656 et
1186 1627 1254 1656 Hib.
1263 1638 1303 1656 nr.
1314 1627 1746 1657 MMMMMDCCCLXXXIX.

912 1669 1146 1698 difflo11ums.s.
1164 1669 1252 1698 index
1268 1669 1474 1709 alphabeticus,
1499 1686 1541 1692 -—
1586 1669 1747 1710 Augustae

915 1711 1034 1742 Vindel.
1057 1714 1088 1739 in
1103 1711 1165 1740 cod.
1180 1711 1248 1742 bibl.
1268 1711 1346 1751 publ.
1373 1712 1525 1742 diflionar.
1547 1722 1624 1742 voce.
1649 1721 1743 1749 graec.

912 1753 1064 1783 collectum
1078 1764 1113 1782 cx
1128 1757 1216 1783 variis
1231 1756 1340 1783 auc'ior.
1356 1762 1413 1783 tam
1435 1754 1517 1784 sacris
1530 1778 1538 1790 ,
1567 1765 1653 1794 quam
1675 1764 1745 1794 pro-¹

912 1796 1003 1830 fanis,
1032 1805 1061 1825 et
1084 1797 1226 1836 expositio
1247 1807 1326 1827 vocc.
1351 1799 1381 1825 in
1405 1796 1530 1837 epistolis
1546 1796 1657 1830 Paulli,
1679 1797 1746 1827 XII.

913 1839 1122 1878 prophetarum
1139 1849 1169 1867 ac
1185 1839 1265 1868 libris
1285 1850 1384 1876 regum
1396 1862 1404 1875 ,
1428 1840 1548 1873 (Reiser.
1566 1848 1618 1869 cat.
1633 1850 1661 1879 p.
1677 1841 1746 1873 80.)

912 1881 1059 1917 Qacdam
1079 1882 1222 1910 eiusmodi
1245 1885 1358 1919 generis
1380 1883 1573 1922 expositiones
1596 1890 1623 1912 et
1650 1882 1743 1910 lexica

912 1923 975 1952 sunt
991 1926 1020 1952 in
1037 1924 1106 1953 bibl.
1123 1924 1257 1953 Escorial.
1281 1936 1309 1955 v.
1329 1925 1429 1955 Fliie·²·‡
1443 1928 1539 1955 itiner.
1559 1935 1610 1966 per
1621 1923 1742 1965 Hispan.

911 1977 973 2006 pag.
993 1965 1054 2001 1953.
1073 1967 1111 2006 sq.
1134 1982 1174 1988 ——
1214 1968 1291 1995 Haec
1314 1967 1463 1998 sufficiant.
1492 1985 1536 1990 —-—
1568 1968 1743 1998 Notandum

910 2010 1004 2037 adhuc
1020 2010 1057 2037 est
1076 2006 1258 2049 Gtoſj'arium
1270 2019 1416 2049 graecum
1435 2010 1580 2050 insacros
1598 2011 1636 2040 N.
1660 2011 1690 2040 T.
1707 2010 1742 2039 li-

910 2051 992 2085 bros,
1010 2061 1044 2080 cx
1056 2054 1115 2081 MS.
1132 2054 1242 2092 primus
1260 2053 1351 2081 edidit
1366 2057 1501 2093 notisque
1518 2053 1670 2083 illustrauit
1697 2053 1741 2082 [ο.

909 2094 1039 2124 Alba-ti.
1084 2098 1144 2124 Ace.
1161 2096 1288 2124 eiusdem
1304 2095 1484 2125 miscellanea
1505 2099 1602 2125 critica
1620 2098 1648 2124 in
1662 2093 1741 2135 glos·

899 2135 953 2177 sits
970 2137 1122 2170 uomicas,
1152 2138 1287 2172 Suidam,
1316 2139 1492 2172 Hesychium
1512 2148 1539 2168 et
1554 2140 1639 2167 index
1657 2147 1742 2166 auto-

908 2189 972 2207 rum
990 2189 1024 2207 ex
1044 2178 1146 2209 photii
1160 2179 1254 2209 lexico
1271 2181 1391 2210 inedito.
1416 2182 1521 2210 Leidae
1541 2190 1614 2218 1735.
1628 2183 1695 2209 mai.
1713 2186 1738 2212 8.

906 2221 966 2252 Cel.
982 2230 1077 2251 autem
1093 2222 1265 2258 Matthaei,
1288 2227 1317 2252 in
1339 2224 1478 2264 praesenti
1502 2224 1644 2253 Professor
1662 2225 1737 2252 Wit-

905 2265 1013 2302 teberg.
1030 2275 1063 2293 ex
1079 2266 1142 2295 cod.
1160 2268 1333 2306 typograph.
1349 2266 1446 2300 synod.
1463 2267 1626 2306 Mosquens.
1644 2266 1739 2295 edidit

35 2307 67 2338 in
79 2307 175 2349 plures
195 2307 286 2338 libros
301 2310 333 2341 V.
355 2314 384 2338 et
396 2309 438 2338 N.
454 2308 648 2338 Testamenti.
670 2323 712 2330 --
738 2309 774 2338 ln
794 2307 859 2339 cod.
902 2308 934 2337 iu
942 2306 1379 2350 LeffionibusMosquenfibus,
1393 2308 1739 2352 vol.lI.tLips.1779.8·)

1670 2361 1735 2393 pag.
