2049 2720
82 158 145 186 voi.
154 157 203 185 111.
216 164 242 191 p.
251 154 331 188 3361·
340 156 390 186 337
731 150 922 190 SCRIPTA
952 150 1161 189 MORAUA
1327 153 1401 191 Lib.
1414 155 1484 192 IV.
1497 169 1520 192 c.
1534 155 1644 194 XIII.

1747 170 1800 209 185

181 254 239 297 89)
266 250 345 300 Περὶ
361 244 478 297 φθένε
492 243 550 297 ἱρῇ
561 247 681 299 μία-ες,
708 245 749 284 de
767 244 850 284 odio
863 256 895 284 et
913 246 1036 284 inuidia
1051 256 1083 284 et
1101 249 1265 297 vtriusque
1281 245 1480 293 differentia,
1507 264 1582 302 pag.
1599 254 1665 299 536.
1719 256 1799 291 Ver.

18 345 26 349 ,
79 305 116 340 tit
140 313 172 339 et
193 304 241 339 H.
257 303 447 350 Stephanus.
1511 341 1516 344 Ι

179 370 246 415 9ο)
269 370 348 420 Περὶ
364 371 411 409 v&
426 366 546 407 ἔαυτδν
560 368 704 406 ἐπαινέἱν
719 365 980 416 οἰνεπιφθόνως,
1006 366 1073 403 flue
1087 364 1127 402 ad
1142 366 1370 405 Herculauum
1385 368 1485 411 liber,
1513 382 1576 419 qua
1590 373 1659 419 quis
1676 376 1799 409 ratione

76 419 109 458 se
124 419 230 470 ipsum
248 425 326 457 citra
341 423 374 468 ²)
390 420 547 457 inuidiam
561 419 694 456 laudare
706 418 819 470 posili,
845 433 921 470 pag.
938 431 1005 468 539.
1031 421 1200 469 Lamprias
1222 433 1273 457 nr.
1289 427 1342 464 84.
1369 423 1464 458 vertit
1486 432 1518 458 et
1537 423 1694 459 Thomas
1710 426 1800 462 Nao.

23 472 26 474 ’
75 486 229 523 georgus-
258 474 315 520 [t]

178 541 233 587 9¹)
265 540 344 591 Περὶ
369 542 435 579 τῶν
463 537 528 580 6πό
564 541 610 580 τὲ
634 536 713 580 ,θέε
734 536 892 590 βραδέως
912 541 1156 591 τιμωςεμένων.
1214 541 1353 589 Sopater
1371 541 1457 590 apud
1478 543 1573 579 Phot.
1594 542 1668 580 cod.
1687 545 1799 582 CLXI.

73 592 246 642 Lamprias
266 606 315 628 nr.
334 605 390 638 90.
441 594 493 628 De
509 589 577 628 sera
590 594 743 628 Numinis
760 591 902 628 vinditsta
928 591 1091 641 dialogus,
1114 594 1229 638 Cynio
1246 591 1418 642 inscriptus
1432 604 1463 630 et
1481 597 1576 630 initio
1591 597 1725 633 mutilus
1740 599 1800 641 Ν),

73 646 110 680 in
134 656 202 692 quo
226 644 463 694 colloquuntur
483 643 663 687 Patrocles,
697 644 849 687 Timon,
884 643 1107 694 Olympianus
1132 654 1162 680 et
1186 644 1376 681 Plutarchus
1398 659 1473 695 pag.
1490 653 1560 691 548.
1612 648 1711 686 Initio
1736 662 1799 697 pro

74 694 91 734 ὁ
116 696 271 745 ἔπίκερος
294 695 412 732 malim
435 695 543 744 legere
566 692 792 745 ὅέπικέρειος.
846 696 1022 742 [Erasmus
1043 695 1130 731 Chil.
1145 697 1170 732 Ι.
1192 707 1276 732 cent.
1297 699 1328 732 6.
1352 710 1400 732 nr.
1417 709 1469 741 42.
1494 695 1688 747 suspicatur,
1711 703 1799 737 hunc

72 747 194 783 librum
213 761 283 784 non
307 745 370 784 esse
388 747 569 795 Plutarchi,
605 748 648 783 ob
669 747 730 784 stili
754 746 983 784 diuerfitatetn.
1016 747 1150 794 Heum]
1170 789 1173 790 ⁷
1213 751 1371 784 Ceterum
1395 751 1430 785 in
1453 750 1518 786 hoc
1547 749 1701 800 dialogo,
1730 750 1798 787 fiue

20 830 24 832 ,
57 797 170 841 libro,
195 797 220 835 fi
236 812 300 848 pro
321 799 381 835 diis
397 798 494 835 deum
517 798 680 842 rescribas,
695 800 841 849 plurima
863 802 1023 840 inuenies,
1040 799 1149 848 digna,
1167 813 1248 849 quae
1265 815 1283 835 a
1298 800 1484 837 Christiano
1507 800 1673 847 dicantur,
1702 814 1736 840 vt
1752 807 1798 840 ait

73 851 208 886 Grotius
230 863 305 900 pag.
322 858 386 892 128.
410 850 450 887 de
470 849 687 888 satisfactione
704 851 821 887 Christi
836 849 988 887 aduersus
1013 853 1180 887 Socinum.
1234 854 1340 889 Vertit
1363 863 1394 888 et
1414 851 1588 889 Bilibaldus
1602 856 1798 892 Pirckeime-

70 914 137 938 rus.
187 903 240 938 De
261 901 380 939 eodem
399 913 602 952 argumento
624 901 791 947 conferes,
818 904 871 939 vbi
886 903 1018 948 iubebit,
1039 900 1188 954 Casparis
1204 904 1326 940 Barthii
1345 902 1527 942 aduersaria
1547 919 1625 956 pag.
1642 910 1733 955 2906
1748 904 1795 957 sq.

71 963 104 990 et
116 955 226 990 Aeacii
240 954 410 990 Enenkelii
423 957 588 992 Seianum.

166 1025 230 1069 92)
255 1023 334 1072 Περὶ
354 1021 570 1072 εἱμαρμένης,
598 1022 664 1059 flue
685 1022 725 1059 de
745 1021 815 1058 fato
834 1022 934 1062 liber,
961 1022 1122 1065 (extrema
1141 1031 1231 1070 parte
1252 1021 1417 1068 mutilus)
1442 1023 1483 1059 ad
1498 1021 1669 1071 Pisonem,
1695 1038 1795 1078 quem

71 1073 248 1117 φίλτατον
268 1084 364 1109 vocat
387 1087 458 1122 pag.
475 1078 544 1120 568.
595 1073 726 1110 Differit
751 1084 859 1110 autem
885 1073 924 1109 de
944 1071 1014 1108 fato
1033 1086 1074 1108 ex
1095 1084 1207 1108 mente
1231 1073 1395 1117 Platonis,
1429 1089 1497 1110 non
1519 1070 1676 1125 quatenus
1699 1079 1793 1121 ἐσίω,

69 1121 123 1159 sed
146 1136 304 1174 quatenus
325 1127 473 1176 ἐνέργεια
498 1127 561 1166 est,
595 1136 626 1161 et
647 1140 697 1161 res
723 1139 792 1161 non
818 1124 1058 1173 particulatim,
1087 1121 1140 1158 sed
1164 1122 1308 1164 καθόλε
1331 1127 1428 1161 inssar
1450 1126 1532 1175 legis
1551 1125 1662 1176 ‘dirigit
1684 1143 1716 1167 et
1735 1128 1793 1165 sub

69 1179 162 1211 certis
184 1174 425 1211 conditionibus
448 1176 580 1217 definit,
601 1180 656 1220 ita,
678 1187 712 1212 vt
732 1176 997 1224 contingentibus
1020 1186 1051 1210 et
1073 1175 1178 1211 libero
1200 1176 1333 1212 arbitrio
1351 1178 1465 1214 locum
1487 1178 1649 1228 relinquat
1663 1193 1695 1218 et
1707 1179 1796 1218 casui

68 1224 304 1276 fortunaeque:
346 1236 414 1262 tota
443 1240 522 1263 vero
543 1227 674 1263 diuinae
695 1225 791 1263 subiit
811 1227 1048 1275 prouidentiae.
1099 1227 1126 1260 E
1153 1226 1302 1262 verfione
1325 1230 1480 1276 Hugonis
1501 1232 1613 1265 Grotii
1635 1232 1689 1269 hie
1713 1234 1795 1271 liber

68 1277 168 1314 exstat
185 1281 216 1314 iu
233 1276 512 1328 philosophorum
527 1278 688 1316 sententiis
702 1278 743 1315 de
760 1277 849 1322 fato,
877 1292 955 1329 quas
976 1291 1118 1326 magnus
1142 1280 1194 1313 hic
1213 1281 1261 1314 vir
1278 1279 1447 1330 congessit.
1499 1282 1616 1317 Libros
1633 1283 1674 1320 11.
1697 1287 1795 1323 huius

30 1346 38 1347 ff
67 1333 255 1379 argumenti
276 1341 443 1367 memorat
466 1333 646 1382 LampriaS.
672 1344 721 1367 nr.
741 1335 790 1377 56.
819 1333 882 1379 [nr.
898 1343 960 1367 112.
979 1329 1053 1366 cod.
1068 1330 1167 1376 Ven.]

167 1401 225 1444 93)
251 1399 330 1448 Περὶ
353 1398 400 1439 τὲ
421 1397 609 1450 Σωκράτες
635 1395 784 1447 impiavi&
800 1396 860 1444 ω),
886 1397 1036 1446 dialogus
1050 1396 1090 1433 de
1111 1400 1212 1446 genio
1228 1398 1368 1434 Socratis
1386 1412 1419 1448 p.
1437 1411 1500 1445 575.
1515 1407 1576 1445 580
1591 1397 1635 1449 sq.
1661 1400 1794 1453 Lampr.

67 1459 116 1484 nr.
132 1451 186 1494 67.
215 1451 263 1497 [in
279 1450 352 1486 cod.
371 1454 452 1489 Ven.
467 1464 519 1488 nr.
538 1462 597 1496 123.
618 1450 747 1486 additur
762 1449 848 1502 πρὸς
862 1446 1155 1499 Ἀλκιδάμαντα]
1209 1451 1314 1486 Vertit
1331 1461 1460 1500 praeter
1474 1451 1683 1500 Xylandrum
1698 1455 1794 1492 Tho-

66 1513 136 1535 mas
154 1503 380 1551 Naogeorgus.

168 1569 228 1613 94)
261 1570 340 1619 Περὶ
360 1571 494 1618 φυγῆς,
521 1568 563 1606 de
583 1569 694 1607 exsilio
716 1583 820 1620 aequa
836 1579 947 1608 mente
967 1567 1160 1616 tolerando,
1181 1567 1220 1604 ad
1242 1572 1404 1613 amicum,
1432 1574 1490 1619 qui
1505 1569 1668 1613 Sardibus,
1690 1576 1793 1620 patria

67 1614 142 1663 sua,
163 1616 336 1657 exsulabat.
367 1635 446 1672 pag.
465 1634 536 1668 599.
562 1624 694 1673 Lampr.
709 1636 758 1660 nr.
776 1636 833 1670 99.
885 1624 993 1658 Vertit
1009 1631 1039 1657 et
1055 1622 1200 1671 Angelus
1211 1620 1377 1675 Barbatus.
1401 1623 1459 1670 [if]

1591 1701 1645 1748 95)
1673 1706 1792 1751 1129oe-

109 1796 148 1832 z)
184 1795 286 1828 Cicero
315 1795 350 1826 de
378 1796 567 1839 haruspicum
595 1797 752 1839 responfis:
799 1796 902 1840 Potest

68 1837 228 1877 quisquam
241 1838 304 1874 vir,
319 1840 350 1869 in
365 1839 456 1871 rebus
470 1842 594 1881 magnis
610 1851 675 1871 cum
693 1840 812 1872 inuidia
835 1850 902 1871 ver-

59 1877 169 1917 satus,
179 1878 264 1919 satis
277 1882 425 1921 grauiter
439 1887 548 1914 contra
562 1884 676 1915 inimici
691 1883 903 1914 contumeliam

61 1919 126 1960 fine
132 1919 192 1959 sua
214 1923 304 1952 laude
326 1923 528 1963 respondere?

112 1965 170 2001 aa)
192 1965 275 1993 Secus
297 1963 382 1995 sentit
404 1973 433 1995 et
453 1968 616 1997 Fabricium
638 1968 747 1997 refutat
764 1967 903 2006 lVytten-

68 2004 146 2036 bach
168 2008 199 2035 in
219 2008 306 2036 initio
327 2016 462 2038 notarum
486 2009 522 2038 ad
542 2009 703 2039 editionem
719 2008 798 2038 suam
814 2011 903 2039 huius

69 2047 217 2089 opusculi3
254 2058 356 2079 contra
383 2061 447 2080 cum
470 2053 591 2082 Rciskio
621 2052 798 2093 suspicatur,
827 2053 903 2082 huuc

69 2090 218 2130 dialogum
251 2091 307 2122 effe
337 2092 458 2123 alterius
488 2095 693 2135 disputationis
722 2094 904 2136 deperditae,

69 2143 145 2175 qua,
166 2136 235 2165 teste
258 2136 395 2177 Lampria
418 2135 499 2173 filio,
529 2140 686 2178 Epicureos
709 2145 903 2178 oppugnant,

71 2179 329 2209 continuationem.
375 2179 456 2209 Idem
477 2182 579 2214 vocab,
595 2179 731 2219 Ἐκίκκρον
753 2182 841 2210 initio
859 2182 902 2210 in-

70 2220 226 2251 commodo
250 2221 391 2262 positum,
424 2224 584 2261 existimat,
612 2223 659 2255 vel
681 2234 744 2254 cum
769 2223 902 2254 Fabricio

53 2263 100 2290 -in
122 2260 136 2290 ὅ
155 2261 312 2302 ’Eri-inipetu
330 2266 501 2296 mutandum
525 2267 599 2303 effe,
635 2266 681 2298 vel
702 2268 799 2308 potius
821 2265 902 2296 aliud

0 2311 5 2339 ι,
39 2313 176 2335 »nomen
198 2309 350 2356 proprium
370 2309 590 2349 requirendum.
611 2310 704 2341 Harl.

112 2346 166 2381 bb)
195 2346 328 2384 ὃααμονιον
350 2360 455 2381 vocant
477 2352 580 2382 itidem
602 2352 672 2389 alii,
709 2359 741 2382 vt
762 2351 901 2382 Aristidess

69 2395 144 2420 tom.
161 2391 212 2419 111.
241 2402 303 2432 pag.
322 2396 363 2426 36.
395 2394 532 2435 Apuleius
551 2395 670 2430 Deum,
693 2394 809 2425 Platone
838 2395 901 2435 ipso

69 2440 239 2475 praeeunte.
296 2438 390 2477 Atque
418 2444 449 2468 vt
477 2437 524 2469 vel
550 2448 565 2469 e
588 2437 705 2469 Polluce
727 2445 831 2468 notum
851 2438 902 2473 est,

115 2481 183 2514 Vol.
199 2481 236 2514 V.

955 1794 1076 1833 δαίμονες
1102 1797 1212 1835 graecis
1244 1796 1435 1838 scriptoribus
1462 1796 1529 1828 sunt
1559 1797 1677 1839 spiritus
1705 1800 1793 1829 etiam

954 1841 1044 1875 boni,
1067 1848 1094 1876 et
1109 1840 1223 1870 Platoni
1237 1839 1365 1870 summus
1382 1840 1452 1870 deus
1464 1843 1577 1877 μίγη-ος
1592 1839 1711 1877 Δαίμων.
1735 1843 1793 1871 Bo-

955 1894 1025 1913 num
1042 1882 1177 1921 angelum
1199 1883 1282 1913 fuisse
1304 1883 1387 1913 illum
1405 1885 1528 1913 Socratis
1546 1886 1682 1921 genium,
1705 1894 1793 1925 prae-

954 1934 999 1955 ter
1021 1925 1222 1960 Plutarchum,
1256 1925 1411 1960 Proclum‚
1449 1926 1582 1966 aliosque
1605 1934 1719 1956 veteres
1740 1929 1791 1957 vix

956 1968 1126 1997 dubitarunt
1144 1977 1159 1996 e
1176 1969 1345 1997 Christianis
1363 1969 1489 2004 Ficinus,
1513 1968 1710 2010 Campanella,
1733 1973 1790 2001 Au-

956 2011 1084 2047 gustinus
1105 2010 1244 2039 Steuchus
1267 2016 1295 2039 et
1317 2011 1347 2039 in
1362 2010 1426 2040 hist.
1442 2010 1657 2053 philosophica,
1680 2012 1791 2051 anglice

956 2052 1044 2087 edita,
1062 2053 1145 2082 Tho.
1155 2051 1307 2088 Stauleius,
1322 2052 1428 2093 quibus
1442 2053 1611 2092 suffragatus
1628 2056 1668 2085 est
1682 2059 1790 2087 amicus

955 2096 1062 2130 noster,
1085 2094 1245 2124 Godfridus
1259 2094 1405 2129 olemus,
1427 2097 1457 2126 in
1473 2097 1642 2138 pererudita
1665 2099 1790 2130 diatriba

955 2137 993 2166 de
1018 2138 1074 2167 hoc
1096 2146 1286 2175 argumento,
1309 2138 1387 2168 edita
1410 2141 1520 2180 Lipsiae
1547 2150 1634 2179 1702.
1685 2144 1790 2173 Fateor

955 2186 1070 2216 tamen,
1108 2180 1348 2211 verisimillimam
1371 2182 1446 2211 mihi
1475 2183 1571 2214 videri
1595 2195 1698 2215 eorum
1726 2184 1788 2215 sen-

954 2224 1093 2259 tentiam,
1119 2224 1224 2264 quibus
1242 2235 1322 2253 mens
1340 2225 1465 2265 prouida
1481 2228 1604 2257 Socratis
1626 2229 1687 2257 eius
1706 2227 1788 2257 fuisse

954 2268 1056 2304 genius
1078 2267 1203 2296 creditus
1225 2265 1291 2297 fuit.
1335 2270 1413 2298 Nam
1436 2276 1468 2298 vt
1492 2269 1572 2299 Plato
1596 2272 1626 2299 in
1646 2272 1789 2305 Timaeo,

952 2307 985 2337 τὲ
1001 2306 1031 2341 δὴ
1051 2310 1112 2349 ττι-ρι’
1133 2311 1167 2337 r}
1187 2308 1337 2350 κυριωτᾶτε
1355 2309 1418 2350 παρ’
1440 2309 1501 2345 ἤμῖν
1522 2314 1611 2347 ψυχῆς
1641 2310 1704 2340 ἔδει·
1731 2310 1786 2339 δὶα-

954 2353 1071 2388 νοᾶσθαᾳ
1094 2349 1130 2380 δέἱ
1149 2350 1229 2387 τῇδε,
1260 2351 1291 2381 ὦς
1309 2350 1362 2393 ἄρα
1385 2352 1451 2381 οπῖτδ
1471 2351 1584 2389 δοιᾶμονοι
1610 2353 1678 2381 Θεός
1698 2351 1787 2388 ἕκεῖἴῳ

954 2391 1046 2422 δέδωκε
1060 2397 1135 2423 viro.
1181 2395 1244 2426 Dio
1262 2394 1408 2437 Chrysost.
1426 2398 1476 2426 1v.
1499 2396 1534 2423 de
1558 2405 1648 2432 regno
1667 2406 1730 2436 pag.
1745 2406 1786 2434 71.

954 2435 968 2465 o‘
985 2434 1012 2465 δὲ
1026 2435 1087 2466 ἴδιος
1109 2435 1195 2474 tuis-ep
1212 2439 1254 2466 vis
1271 2433 1333 2467 {70¹5
1351 2440 1390 2466 ἒςι
1405 2434 1504 2473 δαίμων
1521 2438 1555 2465 τΞ
1569 2437 1676 2473 riken-05
1689 2437 1787 2478 ἄνδράς.

1005 2482 1033 2515 Α
1044 2494 1062 2515 a
1685 2482 1789 2520 [Conf.
