<?xml version="1.0" encoding="UTF-8"?>
<!DOCTYPE html PUBLIC "-//W3C//DTD XHTML 1.0 Transitional//EN"
    "http://www.w3.org/TR/xhtml1/DTD/xhtml1-transitional.dtd">
<html xmlns="http://www.w3.org/1999/xhtml" xml:lang="en" lang="en">
 <head>
  <title>
</title>
<meta http-equiv="Content-Type" content="text/html;charset=utf-8" />
  <meta name='ocr-system' content='tesseract 3.04.00' />
  <meta name='ocr-capabilities' content='ocr_page ocr_carea ocr_par ocr_line ocrx_word'/>
</head>
<body>
  <div class='ocr_page' id='page_1' title='image "./bibliothecagraec05fabruoft_0013.png"; bbox 0 0 2039 2839; ppageno 0'>
   <div class='ocr_carea' id='block_1_1' title="bbox 100 206 1785 264">
    <p class='ocr_par' dir='ltr' id='par_1_1' title="bbox 100 206 1785 264">
     <span class='ocr_line' id='line_1_1' title="bbox 100 206 1785 264; baseline 0 2575"><span class='ocrx_word' id='word_1_1' title='bbox 100 206 1785 264; x_wconf 95' lang='lat' dir='ltr'> </span> 
     </span>
    </p>
   </div>
   <div class='ocr_carea' id='block_1_2' title="bbox 487 562 1398 620">
    <p class='ocr_par' dir='ltr' id='par_1_2' title="bbox 487 562 1398 620">
     <span class='ocr_line' id='line_1_2' title="bbox 487 562 1398 620; baseline -0.002 -3"><span class='ocrx_word' id='word_1_2' title='bbox 487 562 1398 620; x_wconf 81' lang='lat' dir='ltr'>PRAEFATIO</span> 
     </span>
    </p>
   </div>
   <div class='ocr_carea' id='block_1_3' title="bbox 7 813 1843 2573">
    <p class='ocr_par' dir='ltr' id='par_1_3' title="bbox 7 813 1843 2573">
     <span class='ocr_line' id='line_1_3' title="bbox 95 820 1798 869; baseline -0.001 -10"><span class='ocrx_word' id='word_1_3' title='bbox 95 849 98 851; x_wconf 18' lang='grc' dir='ltr'><strong>Α</strong></span> <span class='ocrx_word' id='word_1_4' title='bbox 210 820 258 859; x_wconf 82' lang='lat' dir='ltr'>n!</span> <span class='ocrx_word' id='word_1_5' title='bbox 292 830 471 859; x_wconf 65' lang='lat' dir='ltr'>necron</span> <span class='ocrx_word' id='word_1_6' title='bbox 501 820 771 859; x_wconf 72' lang='lat' dir='ltr'>BENEVOLE!</span> <span class='ocrx_word' id='word_1_7' title='bbox 801 821 982 869; x_wconf 80' lang='lat' dir='ltr'>quintum</span> <span class='ocrx_word' id='word_1_8' title='bbox 1005 820 1257 858; x_wconf 76' lang='lat' dir='ltr'>bibliothecae</span> <span class='ocrx_word' id='word_1_9' title='bbox 1279 831 1433 869; x_wconf 75' lang='lat' dir='ltr'>graecae</span> <span class='ocrx_word' id='word_1_10' title='bbox 1456 821 1703 860; x_wconf 79' lang='lat' dir='ltr'>Fabricianae</span> <span class='ocrx_word' id='word_1_11' title='bbox 1725 835 1798 860; x_wconf 66' lang='lat' dir='ltr'>vo·</span> 
     </span>
     <span class='ocr_line' id='line_1_4' title="bbox 76 813 1800 949; baseline 0.001 -15"><span class='ocrx_word' id='word_1_12' title='bbox 76 813 208 947; x_wconf 77' lang='lat' dir='ltr'>E</span> <span class='ocrx_word' id='word_1_13' title='bbox 239 899 390 949; x_wconf 71' lang='lat' dir='ltr'>lumen,</span> <span class='ocrx_word' id='word_1_14' title='bbox 421 898 529 946; x_wconf 89' lang='lat' dir='ltr'>quod</span> <span class='ocrx_word' id='word_1_15' title='bbox 545 899 718 934; x_wconf 64' lang='lat' dir='ltr'>continet</span> <span class='ocrx_word' id='word_1_16' title='bbox 733 897 919 944; x_wconf 83' lang='lat' dir='ltr'>reliquam</span> <span class='ocrx_word' id='word_1_17' title='bbox 940 908 1098 944; x_wconf 89' lang='lat' dir='ltr'>eamque</span> <span class='ocrx_word' id='word_1_18' title='bbox 1120 897 1328 933; x_wconf 72' lang='lat' dir='ltr'>maximam</span> <span class='ocrx_word' id='word_1_19' title='bbox 1353 897 1563 934; x_wconf 81' lang='lat' dir='ltr'>voluminis</span> <span class='ocrx_word' id='word_1_20' title='bbox 1589 899 1688 934; x_wconf 85' lang='lat' dir='ltr'>tertii</span> <span class='ocrx_word' id='word_1_21' title='bbox 1713 911 1800 947; x_wconf 83' lang='lat' dir='ltr'>par-</span> 
     </span>
     <span class='ocr_line' id='line_1_5' title="bbox 76 971 1796 1022; baseline 0.001 -13"><span class='ocrx_word' id='word_1_22' title='bbox 76 977 173 1014; x_wconf 84' lang='lat' dir='ltr'>tem,</span> <span class='ocrx_word' id='word_1_23' title='bbox 200 981 237 1010; x_wconf 77' lang='lat' dir='ltr'>et</span> <span class='ocrx_word' id='word_1_24' title='bbox 258 973 390 1022; x_wconf 73' lang='lat' dir='ltr'>priora</span> <span class='ocrx_word' id='word_1_25' title='bbox 413 974 538 1022; x_wconf 82' lang='lat' dir='ltr'>capita</span> <span class='ocrx_word' id='word_1_26' title='bbox 562 973 640 1010; x_wconf 85' lang='lat' dir='ltr'>vol.</span> <span class='ocrx_word' id='word_1_27' title='bbox 657 972 729 1010; x_wconf 87' lang='lat' dir='ltr'>IV.</span> <span class='ocrx_word' id='word_1_28' title='bbox 757 972 843 1008; x_wconf 87' lang='lat' dir='ltr'>edit.</span> <span class='ocrx_word' id='word_1_29' title='bbox 869 979 945 1008; x_wconf 85' lang='lat' dir='ltr'>vet.</span> <span class='ocrx_word' id='word_1_30' title='bbox 1007 972 1054 1007; x_wconf 84' lang='lat' dir='ltr'>In</span> <span class='ocrx_word' id='word_1_31' title='bbox 1076 971 1151 1006; x_wconf 88' lang='lat' dir='ltr'>hoc</span> <span class='ocrx_word' id='word_1_32' title='bbox 1174 979 1302 1014; x_wconf 75' lang='lat' dir='ltr'>antem</span> <span class='ocrx_word' id='word_1_33' title='bbox 1327 972 1530 1008; x_wconf 87' lang='lat' dir='ltr'>volumine</span> <span class='ocrx_word' id='word_1_34' title='bbox 1560 973 1796 1022; x_wconf 79' lang='lat' dir='ltr'>locupletan-</span> 
     </span>
     <span class='ocr_line' id='line_1_6' title="bbox 44 1046 1798 1093; baseline 0.001 -10"><span class='ocrx_word' id='word_1_35' title='bbox 44 1056 47 1059; x_wconf 77' lang='grc'>’</span> <span class='ocrx_word' id='word_1_36' title='bbox 74 1046 128 1084; x_wconf 89' lang='lat' dir='ltr'>do</span> <span class='ocrx_word' id='word_1_37' title='bbox 146 1047 378 1085; x_wconf 86' lang='lat' dir='ltr'>adiuuerunt</span> <span class='ocrx_word' id='word_1_38' title='bbox 396 1061 453 1085; x_wconf 85' lang='lat' dir='ltr'>me</span> <span class='ocrx_word' id='word_1_39' title='bbox 472 1061 558 1086; x_wconf 82' lang='lat' dir='ltr'>ven.</span> <span class='ocrx_word' id='word_1_40' title='bbox 577 1051 817 1085; x_wconf 70' lang='lat' dir='ltr'>OBERTHUR</span> <span class='ocrx_word' id='word_1_41' title='bbox 847 1056 882 1082; x_wconf 85' lang='lat' dir='ltr'>et</span> <span class='ocrx_word' id='word_1_42' title='bbox 898 1046 978 1083; x_wconf 87' lang='lat' dir='ltr'>cell.</span> <span class='ocrx_word' id='word_1_43' title='bbox 996 1056 1280 1081; x_wconf 74' lang='lat' dir='ltr'>ACKERMANN</span> <span class='ocrx_word' id='word_1_44' title='bbox 1307 1053 1421 1093; x_wconf 87' lang='lat' dir='ltr'>atque</span> <span class='ocrx_word' id='word_1_45' title='bbox 1455 1057 1658 1084; x_wconf 68' lang='lat' dir='ltr'>Bacmvs.</span> <span class='ocrx_word' id='word_1_46' title='bbox 1713 1049 1798 1084; x_wconf 89' lang='lat' dir='ltr'>Pri-</span> 
     </span>
     <span class='ocr_line' id='line_1_7' title="bbox 73 1121 1798 1161; baseline 0 -3"><span class='ocrx_word' id='word_1_47' title='bbox 73 1131 142 1157; x_wconf 83' lang='lat' dir='ltr'>mo</span> <span class='ocrx_word' id='word_1_48' title='bbox 167 1130 293 1157; x_wconf 87' lang='lat' dir='ltr'>autem</span> <span class='ocrx_word' id='word_1_49' title='bbox 317 1122 429 1158; x_wconf 86' lang='lat' dir='ltr'>debes</span> <span class='ocrx_word' id='word_1_50' title='bbox 454 1121 670 1157; x_wconf 82' lang='lat' dir='ltr'>vberiorern</span> <span class='ocrx_word' id='word_1_51' title='bbox 696 1122 743 1156; x_wconf 85' lang='lat' dir='ltr'>de</span> <span class='ocrx_word' id='word_1_52' title='bbox 772 1130 942 1155; x_wconf 58' lang='lat' dir='ltr'>FLavro</span> <span class='ocrx_word' id='word_1_53' title='bbox 972 1129 1168 1155; x_wconf 73' lang='lat' dir='ltr'>roSEPno</span> <span class='ocrx_word' id='word_1_54' title='bbox 1196 1121 1466 1155; x_wconf 84' lang='lat' dir='ltr'>narrationem.</span> <span class='ocrx_word' id='word_1_55' title='bbox 1526 1121 1633 1157; x_wconf 85' lang='lat' dir='ltr'>Alter</span> <span class='ocrx_word' id='word_1_56' title='bbox 1657 1122 1798 1161; x_wconf 86' lang='lat' dir='ltr'>suetam</span> 
     </span>
     <span class='ocr_line' id='line_1_8' title="bbox 74 1193 1798 1245; baseline 0.001 -15"><span class='ocrx_word' id='word_1_57' title='bbox 74 1194 236 1243; x_wconf 82' lang='lat' dir='ltr'>satisque</span> <span class='ocrx_word' id='word_1_58' title='bbox 254 1196 479 1245; x_wconf 81' lang='lat' dir='ltr'>celebratam</span> <span class='ocrx_word' id='word_1_59' title='bbox 497 1196 754 1234; x_wconf 87' lang='lat' dir='ltr'>eruditionem</span> <span class='ocrx_word' id='word_1_60' title='bbox 778 1203 890 1241; x_wconf 84' lang='lat' dir='ltr'>atque</span> <span class='ocrx_word' id='word_1_61' title='bbox 916 1194 1151 1243; x_wconf 81' lang='lat' dir='ltr'>diligentiam</span> <span class='ocrx_word' id='word_1_62' title='bbox 1175 1193 1215 1228; x_wconf 86' lang='lat' dir='ltr'>in</span> <span class='ocrx_word' id='word_1_63' title='bbox 1243 1193 1475 1229; x_wconf 81' lang='lat' dir='ltr'>elaborando</span> <span class='ocrx_word' id='word_1_64' title='bbox 1501 1196 1622 1242; x_wconf 82' lang='lat' dir='ltr'>capite</span> <span class='ocrx_word' id='word_1_65' title='bbox 1647 1196 1694 1231; x_wconf 87' lang='lat' dir='ltr'>de</span> <span class='ocrx_word' id='word_1_66' title='bbox 1717 1196 1798 1233; x_wconf 88' lang='lat' dir='ltr'>Ga-</span> 
     </span>
     <span class='ocr_line' id='line_1_9' title="bbox 72 1266 1797 1321; baseline 0.001 -16"><span class='ocrx_word' id='word_1_67' title='bbox 72 1267 163 1306; x_wconf 90' lang='lat' dir='ltr'>leno</span> <span class='ocrx_word' id='word_1_68' title='bbox 182 1271 371 1319; x_wconf 71' lang='lat' dir='ltr'>praestitit.</span> <span class='ocrx_word' id='word_1_69' title='bbox 432 1271 550 1321; x_wconf 68' lang='lat' dir='ltr'>Quod</span> <span class='ocrx_word' id='word_1_70' title='bbox 567 1281 660 1306; x_wconf 71' lang='lat' dir='ltr'>vero</span> <span class='ocrx_word' id='word_1_71' title='bbox 679 1271 738 1305; x_wconf 85' lang='lat' dir='ltr'>vir</span> <span class='ocrx_word' id='word_1_72' title='bbox 761 1271 930 1317; x_wconf 77' lang='lat' dir='ltr'>optimus</span> <span class='ocrx_word' id='word_1_73' title='bbox 953 1269 1123 1317; x_wconf 85' lang='lat' dir='ltr'>mihique</span> <span class='ocrx_word' id='word_1_74' title='bbox 1149 1266 1390 1303; x_wconf 82' lang='lat' dir='ltr'>amiciffimus</span> <span class='ocrx_word' id='word_1_75' title='bbox 1411 1270 1595 1317; x_wconf 78' lang='lat' dir='ltr'>temporis</span> <span class='ocrx_word' id='word_1_76' title='bbox 1621 1271 1797 1319; x_wconf 81' lang='lat' dir='ltr'>angustiis</span> 
     </span>
     <span class='ocr_line' id='line_1_10' title="bbox 74 1343 1799 1397; baseline 0.001 -18"><span class='ocrx_word' id='word_1_77' title='bbox 74 1343 232 1392; x_wconf 84' lang='lat' dir='ltr'>aliisque</span> <span class='ocrx_word' id='word_1_78' title='bbox 256 1346 453 1385; x_wconf 73' lang='lat' dir='ltr'>laboribus</span> <span class='ocrx_word' id='word_1_79' title='bbox 477 1346 680 1396; x_wconf 86' lang='lat' dir='ltr'>impeditus</span> <span class='ocrx_word' id='word_1_80' title='bbox 702 1346 932 1397; x_wconf 82' lang='lat' dir='ltr'>curatiorem</span> <span class='ocrx_word' id='word_1_81' title='bbox 956 1345 1263 1393; x_wconf 84' lang='lat' dir='ltr'>plenioremque,</span> <span class='ocrx_word' id='word_1_82' title='bbox 1300 1355 1416 1391; x_wconf 87' lang='lat' dir='ltr'>quam</span> <span class='ocrx_word' id='word_1_83' title='bbox 1442 1343 1640 1381; x_wconf 81' lang='lat' dir='ltr'>Fabricius</span> <span class='ocrx_word' id='word_1_84' title='bbox 1668 1344 1799 1382; x_wconf 84' lang='lat' dir='ltr'>confe-</span> 
     </span>
     <span class='ocr_line' id='line_1_11' title="bbox 74 1418 1796 1470; baseline 0.002 -16"><span class='ocrx_word' id='word_1_85' title='bbox 74 1427 196 1465; x_wconf 85' lang='lat' dir='ltr'>cerat,</span> <span class='ocrx_word' id='word_1_86' title='bbox 233 1422 450 1470; x_wconf 81' lang='lat' dir='ltr'>catalogum</span> <span class='ocrx_word' id='word_1_87' title='bbox 482 1423 733 1470; x_wconf 62' lang='lat' dir='ltr'>scriptorum,‚</span> <span class='ocrx_word' id='word_1_88' title='bbox 763 1433 786 1457; x_wconf 85' lang='lat' dir='ltr'>a</span> <span class='ocrx_word' id='word_1_89' title='bbox 809 1420 961 1458; x_wconf 79' lang='lat' dir='ltr'>Galerio</span> <span class='ocrx_word' id='word_1_90' title='bbox 987 1421 1215 1465; x_wconf 77' lang='lat' dir='ltr'>citatorum,</span> <span class='ocrx_word' id='word_1_91' title='bbox 1253 1418 1430 1454; x_wconf 72' lang='lat' dir='ltr'>nondum</span> <span class='ocrx_word' id='word_1_92' title='bbox 1450 1420 1578 1467; x_wconf 87' lang='lat' dir='ltr'>potuit</span> <span class='ocrx_word' id='word_1_93' title='bbox 1602 1419 1796 1463; x_wconf 84' lang='lat' dir='ltr'>absoluere</span> 
     </span>
     <span class='ocr_line' id='line_1_12' title="bbox 72 1494 1796 1545; baseline 0.001 -16"><span class='ocrx_word' id='word_1_94' title='bbox 72 1501 186 1541; x_wconf 81' lang='lat' dir='ltr'>atque</span> <span class='ocrx_word' id='word_1_95' title='bbox 203 1494 386 1543; x_wconf 84' lang='lat' dir='ltr'>digerere:</span> <span class='ocrx_word' id='word_1_96' title='bbox 419 1509 504 1533; x_wconf 77' lang='lat' dir='ltr'>eum</span> <span class='ocrx_word' id='word_1_97' title='bbox 521 1497 597 1532; x_wconf 84' lang='lat' dir='ltr'>alio</span> <span class='ocrx_word' id='word_1_98' title='bbox 615 1496 721 1532; x_wconf 85' lang='lat' dir='ltr'>dabit</span> <span class='ocrx_word' id='word_1_99' title='bbox 741 1504 922 1545; x_wconf 78' lang='lat' dir='ltr'>tempore.</span> <span class='ocrx_word' id='word_1_100' title='bbox 981 1496 1059 1533; x_wconf 79' lang='lat' dir='ltr'>Cel.</span> <span class='ocrx_word' id='word_1_101' title='bbox 1075 1495 1239 1542; x_wconf 87' lang='lat' dir='ltr'>denique</span> <span class='ocrx_word' id='word_1_102' title='bbox 1257 1504 1448 1530; x_wconf 68' lang='lat' dir='ltr'>BECKIVS</span> <span class='ocrx_word' id='word_1_103' title='bbox 1466 1506 1546 1530; x_wconf 84' lang='lat' dir='ltr'>non</span> <span class='ocrx_word' id='word_1_104' title='bbox 1563 1494 1682 1530; x_wconf 86' lang='lat' dir='ltr'>modo</span> <span class='ocrx_word' id='word_1_105' title='bbox 1706 1507 1796 1531; x_wconf 88' lang='lat' dir='ltr'>cum</span> 
     </span>
     <span class='ocr_line' id='line_1_13' title="bbox 72 1564 1794 1620; baseline 0.001 -16"><span class='ocrx_word' id='word_1_106' title='bbox 72 1564 139 1604; x_wconf 76' lang='lat' dir='ltr'>cel.</span> <span class='ocrx_word' id='word_1_107' title='bbox 157 1572 388 1609; x_wconf 68' lang='grc' dir='ltr'>ΚῦΝοΕιΑΟ</span> <span class='ocrx_word' id='word_1_108' title='bbox 421 1584 576 1608; x_wconf 88' lang='lat' dir='ltr'>omnem</span> <span class='ocrx_word' id='word_1_109' title='bbox 610 1583 766 1620; x_wconf 87' lang='lat' dir='ltr'>operam</span> <span class='ocrx_word' id='word_1_110' title='bbox 797 1571 994 1617; x_wconf 81' lang='lat' dir='ltr'>adhibuit,</span> <span class='ocrx_word' id='word_1_111' title='bbox 1031 1578 1075 1606; x_wconf 80' lang='lat' dir='ltr'>vt</span> <span class='ocrx_word' id='word_1_112' title='bbox 1105 1569 1278 1618; x_wconf 80' lang='lat' dir='ltr'>plagulae</span> <span class='ocrx_word' id='word_1_113' title='bbox 1313 1581 1334 1604; x_wconf 89' lang='lat' dir='ltr'>a</span> <span class='ocrx_word' id='word_1_114' title='bbox 1362 1569 1464 1605; x_wconf 86' lang='lat' dir='ltr'>vitiis</span> <span class='ocrx_word' id='word_1_115' title='bbox 1497 1569 1794 1617; x_wconf 81' lang='lat' dir='ltr'>typographicis,</span> 
     </span>
     <span class='ocr_line' id='line_1_14' title="bbox 72 1630 1843 1695; baseline 0.002 -18"><span class='ocrx_word' id='word_1_116' title='bbox 72 1652 259 1690; x_wconf 87' lang='lat' dir='ltr'>quantum</span> <span class='ocrx_word' id='word_1_117' title='bbox 284 1644 363 1681; x_wconf 80' lang='lat' dir='ltr'>fieri</span> <span class='ocrx_word' id='word_1_118' title='bbox 385 1648 532 1694; x_wconf 84' lang='lat' dir='ltr'>potuit,</span> <span class='ocrx_word' id='word_1_119' title='bbox 561 1656 838 1695; x_wconf 81' lang='lat' dir='ltr'>purgarentur3</span> <span class='ocrx_word' id='word_1_120' title='bbox 867 1647 929 1682; x_wconf 88' lang='lat' dir='ltr'>sed</span> <span class='ocrx_word' id='word_1_121' title='bbox 951 1646 1063 1681; x_wconf 86' lang='lat' dir='ltr'>etiam</span> <span class='ocrx_word' id='word_1_122' title='bbox 1085 1655 1156 1692; x_wconf 89' lang='lat' dir='ltr'>pro</span> <span class='ocrx_word' id='word_1_123' title='bbox 1181 1655 1242 1684; x_wconf 87' lang='lat' dir='ltr'>ea,</span> <span class='ocrx_word' id='word_1_124' title='bbox 1273 1655 1369 1691; x_wconf 87' lang='lat' dir='ltr'>quae</span> <span class='ocrx_word' id='word_1_125' title='bbox 1393 1645 1432 1679; x_wconf 91' lang='lat' dir='ltr'>in</span> <span class='ocrx_word' id='word_1_126' title='bbox 1456 1645 1524 1680; x_wconf 87' lang='lat' dir='ltr'>illo</span> <span class='ocrx_word' id='word_1_127' title='bbox 1550 1644 1614 1685; x_wconf 78' lang='lat' dir='ltr'>cst,</span> <span class='ocrx_word' id='word_1_128' title='bbox 1645 1643 1796 1681; x_wconf 82' lang='lat' dir='ltr'>infinita</span> <span class='ocrx_word' id='word_1_129' title='bbox 1840 1630 1843 1633; x_wconf 90' lang='lat'>.</span> 
     </span>
     <span class='ocr_line' id='line_1_15' title="bbox 71 1715 1796 1774; baseline 0.002 -23"><span class='ocrx_word' id='word_1_130' title='bbox 71 1715 284 1774; x_wconf 87' lang='lat' dir='ltr'>litterarum</span> <span class='ocrx_word' id='word_1_131' title='bbox 302 1721 412 1769; x_wconf 89' lang='lat' dir='ltr'>copia</span> <span class='ocrx_word' id='word_1_132' title='bbox 431 1722 519 1757; x_wconf 87' lang='lat' dir='ltr'>hinc</span> <span class='ocrx_word' id='word_1_133' title='bbox 534 1723 621 1758; x_wconf 84' lang='lat' dir='ltr'>inde</span> <span class='ocrx_word' id='word_1_134' title='bbox 645 1722 749 1758; x_wconf 81' lang='lat' dir='ltr'>haud</span> <span class='ocrx_word' id='word_1_135' title='bbox 766 1732 904 1770; x_wconf 63' lang='lat' dir='ltr'>pauca,</span> <span class='ocrx_word' id='word_1_136' title='bbox 932 1732 1050 1768; x_wconf 86' lang='lat' dir='ltr'>eaque</span> <span class='ocrx_word' id='word_1_137' title='bbox 1074 1720 1219 1768; x_wconf 82' lang='lat' dir='ltr'>egregia</span> <span class='ocrx_word' id='word_1_138' title='bbox 1243 1719 1337 1754; x_wconf 79' lang='lat' dir='ltr'>varii</span> <span class='ocrx_word' id='word_1_139' title='bbox 1362 1720 1504 1768; x_wconf 79' lang='lat' dir='ltr'>generis</span> <span class='ocrx_word' id='word_1_140' title='bbox 1528 1719 1684 1755; x_wconf 79' lang='lat' dir='ltr'>inseruit</span> <span class='ocrx_word' id='word_1_141' title='bbox 1710 1718 1796 1768; x_wconf 88' lang='lat' dir='ltr'>sup-</span> 
     </span>
     <span class='ocr_line' id='line_1_16' title="bbox 71 1791 1794 1847; baseline 0.002 -20"><span class='ocrx_word' id='word_1_142' title='bbox 71 1791 272 1841; x_wconf 81' lang='lat' dir='ltr'>plementa.</span> <span class='ocrx_word' id='word_1_143' title='bbox 321 1795 503 1847; x_wconf 32' lang='lat' dir='ltr'>‘Reliquis</span> <span class='ocrx_word' id='word_1_144' title='bbox 522 1797 708 1845; x_wconf 78' lang='lat' dir='ltr'>capitibus</span> <span class='ocrx_word' id='word_1_145' title='bbox 726 1808 826 1832; x_wconf 85' lang='lat' dir='ltr'>meas</span> <span class='ocrx_word' id='word_1_146' title='bbox 845 1796 1127 1843; x_wconf 79' lang='lat' dir='ltr'>qualescunque</span> <span class='ocrx_word' id='word_1_147' title='bbox 1144 1794 1276 1830; x_wconf 88' lang='lat' dir='ltr'>addidi</span> <span class='ocrx_word' id='word_1_148' title='bbox 1300 1793 1593 1830; x_wconf 78' lang='lat' dir='ltr'>obseruationes.</span> <span class='ocrx_word' id='word_1_149' title='bbox 1652 1794 1696 1829; x_wconf 89' lang='lat' dir='ltr'>In</span> <span class='ocrx_word' id='word_1_150' title='bbox 1722 1793 1794 1830; x_wconf 82' lang='lat' dir='ltr'>istis</span> 
     </span>
     <span class='ocr_line' id='line_1_17' title="bbox 70 1868 1795 1918; baseline 0.001 -17"><span class='ocrx_word' id='word_1_151' title='bbox 70 1874 199 1903; x_wconf 84' lang='lat' dir='ltr'>autem</span> <span class='ocrx_word' id='word_1_152' title='bbox 226 1869 332 1916; x_wconf 86' lang='lat' dir='ltr'>quod</span> <span class='ocrx_word' id='word_1_153' title='bbox 365 1870 541 1908; x_wconf 83' lang='lat' dir='ltr'>ordinem</span> <span class='ocrx_word' id='word_1_154' title='bbox 564 1872 836 1907; x_wconf 78' lang='lat' dir='ltr'>Fabricianum</span> <span class='ocrx_word' id='word_1_155' title='bbox 862 1869 1063 1918; x_wconf 81' lang='lat' dir='ltr'>aliquoties</span> <span class='ocrx_word' id='word_1_156' title='bbox 1097 1868 1260 1916; x_wconf 81' lang='lat' dir='ltr'>deserui,</span> <span class='ocrx_word' id='word_1_157' title='bbox 1295 1868 1336 1905; x_wconf 72' lang='lat' dir='ltr'>id</span> <span class='ocrx_word' id='word_1_158' title='bbox 1365 1870 1545 1916; x_wconf 86' lang='lat' dir='ltr'>temporis</span> <span class='ocrx_word' id='word_1_159' title='bbox 1576 1868 1795 1915; x_wconf 78' lang='lat' dir='ltr'>aetatisque,</span> 
     </span>
     <span class='ocr_line' id='line_1_18' title="bbox 7 1940 1796 1993; baseline -0.001 -18"><span class='ocrx_word' id='word_1_160' title='bbox 7 1984 12 1987; x_wconf 86' lang='lat'>.</span> <span class='ocrx_word' id='word_1_161' title='bbox 71 1950 147 1987; x_wconf 88' lang='lat' dir='ltr'>qua</span> <span class='ocrx_word' id='word_1_162' title='bbox 160 1940 363 1990; x_wconf 74' lang='lat' dir='ltr'>scriptores</span> <span class='ocrx_word' id='word_1_163' title='bbox 381 1946 588 1993; x_wconf 79' lang='lat' dir='ltr'>vixerunt,</span> <span class='ocrx_word' id='word_1_164' title='bbox 618 1945 832 1983; x_wconf 84' lang='lat' dir='ltr'>rationibus</span> <span class='ocrx_word' id='word_1_165' title='bbox 847 1953 976 1980; x_wconf 85' lang='lat' dir='ltr'>motus</span> <span class='ocrx_word' id='word_1_166' title='bbox 991 1943 1082 1980; x_wconf 90' lang='lat' dir='ltr'>feci:</span> <span class='ocrx_word' id='word_1_167' title='bbox 1112 1952 1245 1993; x_wconf 82' lang='lat' dir='ltr'>atque,</span> <span class='ocrx_word' id='word_1_168' title='bbox 1275 1943 1315 1980; x_wconf 90' lang='lat' dir='ltr'>id</span> <span class='ocrx_word' id='word_1_169' title='bbox 1334 1943 1358 1977; x_wconf 84' lang='lat' dir='ltr'><strong>fi</strong></span> <span class='ocrx_word' id='word_1_170' title='bbox 1376 1941 1578 1977; x_wconf 83' lang='lat' dir='ltr'>commode</span> <span class='ocrx_word' id='word_1_171' title='bbox 1602 1941 1683 1976; x_wconf 83' lang='lat' dir='ltr'>fieri</span> <span class='ocrx_word' id='word_1_172' title='bbox 1705 1942 1796 1977; x_wconf 86' lang='lat' dir='ltr'>sem.</span> 
     </span>
     <span class='ocr_line' id='line_1_19' title="bbox 70 2015 1796 2066; baseline 0 -15"><span class='ocrx_word' id='word_1_173' title='bbox 70 2023 138 2061; x_wconf 83' lang='lat' dir='ltr'>per</span> <span class='ocrx_word' id='word_1_174' title='bbox 166 2016 366 2062; x_wconf 80' lang='lat' dir='ltr'>potuisset,</span> <span class='ocrx_word' id='word_1_175' title='bbox 396 2015 538 2066; x_wconf 63' lang='lat' dir='ltr'>saepius</span> <span class='ocrx_word' id='word_1_176' title='bbox 566 2020 684 2055; x_wconf 83' lang='lat' dir='ltr'>alium</span> <span class='ocrx_word' id='word_1_177' title='bbox 705 2016 940 2055; x_wconf 74' lang='lat' dir='ltr'>instituissem</span> <span class='ocrx_word' id='word_1_178' title='bbox 966 2018 1153 2054; x_wconf 83' lang='lat' dir='ltr'>ordinem.</span> <span class='ocrx_word' id='word_1_179' title='bbox 1213 2019 1260 2052; x_wconf 86' lang='lat' dir='ltr'>In</span> <span class='ocrx_word' id='word_1_180' title='bbox 1284 2015 1454 2063; x_wconf 87' lang='lat' dir='ltr'>sequenti</span> <span class='ocrx_word' id='word_1_181' title='bbox 1477 2023 1603 2051; x_wconf 79' lang='lat' dir='ltr'>tamen</span> <span class='ocrx_word' id='word_1_182' title='bbox 1627 2015 1796 2051; x_wconf 82' lang='lat' dir='ltr'>volumi-</span> 
     </span>
     <span class='ocr_line' id='line_1_20' title="bbox 37 2088 1795 2140; baseline 0 -14"><span class='ocrx_word' id='word_1_183' title='bbox 37 2123 41 2126; x_wconf 18' lang='grc'>1</span> <span class='ocrx_word' id='word_1_184' title='bbox 70 2098 140 2135; x_wconf 87' lang='lat' dir='ltr'>ne,</span> <span class='ocrx_word' id='word_1_185' title='bbox 172 2091 358 2136; x_wconf 75' lang='lat' dir='ltr'>quoniam</span> <span class='ocrx_word' id='word_1_186' title='bbox 374 2092 573 2128; x_wconf 87' lang='lat' dir='ltr'>Fabricius</span> <span class='ocrx_word' id='word_1_187' title='bbox 590 2092 631 2129; x_wconf 83' lang='lat' dir='ltr'>in</span> <span class='ocrx_word' id='word_1_188' title='bbox 653 2094 769 2129; x_wconf 83' lang='lat' dir='ltr'>altera</span> <span class='ocrx_word' id='word_1_189' title='bbox 785 2092 882 2128; x_wconf 87' lang='lat' dir='ltr'>tomi</span> <span class='ocrx_word' id='word_1_190' title='bbox 902 2093 1028 2139; x_wconf 85' lang='lat' dir='ltr'>quarti</span> <span class='ocrx_word' id='word_1_191' title='bbox 1056 2099 1162 2140; x_wconf 88' lang='lat' dir='ltr'>parte</span> <span class='ocrx_word' id='word_1_192' title='bbox 1179 2099 1256 2128; x_wconf 86' lang='lat' dir='ltr'>vet.</span> <span class='ocrx_word' id='word_1_193' title='bbox 1273 2090 1359 2127; x_wconf 88' lang='lat' dir='ltr'>edit.</span> <span class='ocrx_word' id='word_1_194' title='bbox 1382 2089 1429 2126; x_wconf 89' lang='lat' dir='ltr'>de</span> <span class='ocrx_word' id='word_1_195' title='bbox 1446 2088 1715 2125; x_wconf 83' lang='lat' dir='ltr'>Grammaticis</span> <span class='ocrx_word' id='word_1_196' title='bbox 1739 2096 1795 2126; x_wconf 87' lang='lat' dir='ltr'>at-</span> 
     </span>
     <span class='ocr_line' id='line_1_21' title="bbox 71 2151 1795 2216; baseline 0.001 -18"><span class='ocrx_word' id='word_1_197' title='bbox 71 2172 146 2210; x_wconf 87' lang='lat' dir='ltr'>que</span> <span class='ocrx_word' id='word_1_198' title='bbox 168 2163 468 2214; x_wconf 83' lang='lat' dir='ltr'>Lexicographis</span> <span class='ocrx_word' id='word_1_199' title='bbox 492 2168 632 2216; x_wconf 79' lang='lat' dir='ltr'>graecis</span> <span class='ocrx_word' id='word_1_200' title='bbox 659 2178 766 2215; x_wconf 82' lang='lat' dir='ltr'>agere</span> <span class='ocrx_word' id='word_1_201' title='bbox 793 2167 941 2214; x_wconf 81' lang='lat' dir='ltr'>coepit,</span> <span class='ocrx_word' id='word_1_202' title='bbox 970 2178 1058 2214; x_wconf 77' lang='lat' dir='ltr'>ego,</span> <span class='ocrx_word' id='word_1_203' title='bbox 1089 2166 1115 2201; x_wconf 80' lang='lat' dir='ltr'>si</span> <span class='ocrx_word' id='word_1_204' title='bbox 1140 2151 1231 2201; x_wconf 78' lang='lat' dir='ltr'>deus</span> <span class='ocrx_word' id='word_1_205' title='bbox 1255 2166 1377 2202; x_wconf 75' lang='lat' dir='ltr'>vitam</span> <span class='ocrx_word' id='word_1_206' title='bbox 1401 2164 1576 2211; x_wconf 80' lang='lat' dir='ltr'>viresque</span> <span class='ocrx_word' id='word_1_207' title='bbox 1607 2165 1795 2200; x_wconf 81' lang='lat' dir='ltr'>conceffe.</span> 
     </span>
     <span class='ocr_line' id='line_1_22' title="bbox 71 2232 1795 2288; baseline -0.002 -10"><span class='ocrx_word' id='word_1_208' title='bbox 71 2236 142 2278; x_wconf 73' lang='lat' dir='ltr'>Iit,</span> <span class='ocrx_word' id='word_1_209' title='bbox 171 2250 294 2287; x_wconf 89' lang='lat' dir='ltr'>neque</span> <span class='ocrx_word' id='word_1_210' title='bbox 310 2241 502 2288; x_wconf 82' lang='lat' dir='ltr'>ingratum</span> <span class='ocrx_word' id='word_1_211' title='bbox 522 2240 715 2277; x_wconf 74' lang='lat' dir='ltr'>videbitur</span> <span class='ocrx_word' id='word_1_212' title='bbox 732 2241 955 2281; x_wconf 64' lang='lat' dir='ltr'>lectoribus,</span> <span class='ocrx_word' id='word_1_213' title='bbox 987 2241 1132 2278; x_wconf 79' lang='lat' dir='ltr'>maiore</span> <span class='ocrx_word' id='word_1_214' title='bbox 1148 2238 1284 2277; x_wconf 68' lang='lat' dir='ltr'>,vsurus</span> <span class='ocrx_word' id='word_1_215' title='bbox 1307 2239 1477 2275; x_wconf 86' lang='lat' dir='ltr'>libertate</span> <span class='ocrx_word' id='word_1_216' title='bbox 1499 2232 1676 2273; x_wconf 77' lang='lat' dir='ltr'>notitiam</span> <span class='ocrx_word' id='word_1_217' title='bbox 1699 2238 1795 2274; x_wconf 87' lang='lat' dir='ltr'>alio-</span> 
     </span>
     <span class='ocr_line' id='line_1_23' title="bbox 71 2313 1793 2361; baseline 0.001 -16"><span class='ocrx_word' id='word_1_218' title='bbox 71 2321 160 2346; x_wconf 85' lang='lat' dir='ltr'>rum</span> <span class='ocrx_word' id='word_1_219' title='bbox 181 2314 445 2361; x_wconf 86' lang='lat' dir='ltr'>antiquiorum</span> <span class='ocrx_word' id='word_1_220' title='bbox 467 2323 640 2351; x_wconf 80' lang='lat' dir='ltr'>veterum</span> <span class='ocrx_word' id='word_1_221' title='bbox 670 2315 1026 2351; x_wconf 86' lang='lat' dir='ltr'>Grammaticorum</span> <span class='ocrx_word' id='word_1_222' title='bbox 1050 2324 1086 2351; x_wconf 89' lang='lat' dir='ltr'>et</span> <span class='ocrx_word' id='word_1_223' title='bbox 1120 2315 1338 2355; x_wconf 67' lang='lat' dir='ltr'>auctorum,</span> <span class='ocrx_word' id='word_1_224' title='bbox 1376 2313 1444 2361; x_wconf 89' lang='lat' dir='ltr'>qui</span> <span class='ocrx_word' id='word_1_225' title='bbox 1467 2321 1673 2351; x_wconf 71' lang='lat' dir='ltr'>vocantur,</span> <span class='ocrx_word' id='word_1_226' title='bbox 1703 2323 1793 2359; x_wconf 82' lang='lat' dir='ltr'>pro·</span> 
     </span>
     <span class='ocr_line' id='line_1_24' title="bbox 72 2382 1791 2439; baseline 0.001 -18"><span class='ocrx_word' id='word_1_227' title='bbox 72 2382 255 2423; x_wconf 83' lang='lat' dir='ltr'>fanorum</span> <span class='ocrx_word' id='word_1_228' title='bbox 281 2386 400 2423; x_wconf 83' lang='lat' dir='ltr'>statim</span> <span class='ocrx_word' id='word_1_229' title='bbox 426 2388 662 2432; x_wconf 67' lang='lat' dir='ltr'>subnectam3</span> <span class='ocrx_word' id='word_1_230' title='bbox 699 2391 825 2439; x_wconf 84' lang='lat' dir='ltr'>capita</span> <span class='ocrx_word' id='word_1_231' title='bbox 857 2398 986 2426; x_wconf 85' lang='lat' dir='ltr'>autem</span> <span class='ocrx_word' id='word_1_232' title='bbox 1020 2389 1066 2427; x_wconf 87' lang='lat' dir='ltr'>de</span> <span class='ocrx_word' id='word_1_233' title='bbox 1095 2389 1343 2438; x_wconf 81' lang='lat' dir='ltr'>scriptoribus</span> <span class='ocrx_word' id='word_1_234' title='bbox 1374 2385 1619 2423; x_wconf 75' lang='lat' dir='ltr'>ecciesiasticis</span> <span class='ocrx_word' id='word_1_235' title='bbox 1649 2394 1791 2435; x_wconf 72' lang='lat' dir='ltr'>pertra-</span> 
     </span>
     <span class='ocr_line' id='line_1_25' title="bbox 27 2458 582 2509; baseline 0.005 -12"><span class='ocrx_word' id='word_1_236' title='bbox 27 2458 33 2464; x_wconf 83' lang='lat'>&#39;</span> <span class='ocrx_word' id='word_1_237' title='bbox 75 2459 209 2497; x_wconf 57' lang='lat' dir='ltr'>&amp;anda</span> <span class='ocrx_word' id='word_1_238' title='bbox 231 2460 359 2509; x_wconf 79' lang='lat' dir='ltr'>postea</span> <span class='ocrx_word' id='word_1_239' title='bbox 383 2460 582 2500; x_wconf 69' lang='lat' dir='ltr'>resumam</span> 
     </span>
     <span class='ocr_line' id='line_1_26' title="bbox 58 2534 1793 2573; baseline 0.002 -3"><span class='ocrx_word' id='word_1_240' title='bbox 58 2553 62 2556; x_wconf 85' lang='lat'><strong>·</strong></span> <span class='ocrx_word' id='word_1_241' title='bbox 118 2538 240 2573; x_wconf 71' lang='lat' dir='ltr'>VoLV.</span> <span class='ocrx_word' id='word_1_242' title='bbox 968 2537 992 2572; x_wconf 81' lang='lat' dir='ltr'>b</span> <span class='ocrx_word' id='word_1_243' title='bbox 1641 2534 1793 2573; x_wconf 85' lang='lat' dir='ltr'>Praeter</span> 
     </span>
    </p>
   </div>
  </div>
 </body>
</html>
