2013 2725
191 178 234 217 78
312 169 386 204 Lib.
398 166 468 203 IV.
483 178 505 203 c.
521 161 590 198 IX.
666 158 924 195 ENCHIRIDII
957 156 1173 192 EPICTETI
1204 157 1448 194 EDITtoNES

194 263 348 302 Nausiani
372 259 575 308 suppletum:
600 268 667 304 quo
687 252 812 289 fatfiutn
839 251 901 292 est,
930 262 962 286 vt
985 253 1078 286 huius
1103 250 1252 287 editionis
1278 262 1380 289 textus
1404 254 1442 288 ab
1465 266 1526 294 eo,
1551 256 1606 303 qui
1621 263 1714 290 antea
1731 253 1917 303 invulgati:

194 328 279 355 emt,
307 313 400 348 valde
417 309 604 346 dissentiret.
658 306 767 341 Postea
794 303 832 340 ad
854 302 1066 344 Salmffium,
1094 308 1148 352 qui
1172 304 1369 346 absolueret,
1397 310 1569 353 negotium
1596 310 1692 342 venit.
1747 307 1840 341 Vnde
1864 307 1918 342 illa

196 367 298 404 editio
313 380 331 400 a
347 367 422 400 vitis
441 361 570 399 eruditis
591 358 695 394 modo
713 355 910 393 Saltnafiana
924 356 1122 406 adpellatu1·‚
1149 356 1264 404 modo,
1291 357 1388 406 idque
1403 360 1469 393 recl
1485 371 1531 397 us,
1558 358 1741 392 Heintiaua.
1795 358 1922 393 Salma.

197 420 260 456 ssus
283 419 460 467 gloriatur,
489 412 520 449 se
545 413 731 461 Epictetum
753 423 830 444 cum
853 407 975 456 scriptis
999 407 1094 443 codd.
1118 407 1338 456 comparall'e,
1365 421 1396 444 et
1413 413 1524 458 viginti
1550 410 1675 457 aliquot
1696 410 1805 451 locos,
1837 422 1920 444 non-

199 471 281 508 dum
303 469 483 504 intellectos
507 467 620 500 ceteris
646 463 886 510 interpretibus,
913 457 1122 509 explicuisse,
1156 463 1341 510 multosque
1366 462 1458 504 alios,
1480 475 1595 509 parum
1614 463 1768 496 hactenus
1783 461 1922 510 explica·

198 535 268 566 tos,
301 516 525 556 elucidauitt'e:
559 526 591 551 at
613 514 644 550 id
672 517 808 549 minime
831 512 1016 562 praestitum
1037 509 1131 547 fuiffe
1159 514 1196 547 ab
1219 514 1296 555 illo,
1329 511 1517 548 adseuerant
1545 517 1629 548 Mer.
1652 512 1862 557 Casaubonus
1890 521 1922 546 et

199 573 363 611 Berkelius
391 575 422 606 in
446 566 697 618 praefationibus
723 565 763 600 ad
786 564 853 600 suas
873 563 960 600 editt.
1017 568 1056 599 At
1081 577 1169 598 enim
1187 578 1253 600 non
1273 564 1463 607 Salmasius,
1491 563 1542 600 sed
1564 563 1921 612 Heittfius'Epic‘letutu

201 641 239 663 ac
263 625 470 674 Simplicium
494 635 542 669 gr.
566 632 596 654 et
620 621 671 654 lat.
684 622 784 667 ‚typis
806 614 927 652 fecerat
946 613 1099 650 describi:
1135 615 1309 651 Salmasius
1331 627 1455 652 tantum
1481 614 1717 664 praefationem
1744 627 1775 651 et
1793 627 1921 666 partem

202 677 525 714 commentariorum
549 675 581 706 in
595 671 800 718 Simplicium
817 666 1056 717 conscripserat.
1111 667 1283 703 Salmasius
1307 672 1405 717 igitur
1427 667 1538 704 forsan
1561 668 1717 703 intellexit
1740 667 1924 703 adnotatio-

202 743 259 766 nes
277 727 345 764 suas
362 738 457 776 atque
473 723 736 763 emendationes,
762 734 839 770 quas
859 719 913 755 diu
939 720 1092 767 posthaec
1114 720 1277 755 Rel.1ndus
1299 719 1371 756 suae
1390 723 1514 770 primus
1531 718 1662 755 inseruit
1676 721 1824 755 editioni.
1857 717 1925 753 Sal·

204 780 321 818 masius
344 789 453 816 autem
477 775 533 812 sub
554 778 675 810 exitum
700 771 907 821 praefationis
933 772 1104 806 Heinsiutn
1126 775 1266 819 grauiter
1289 770 1407 807 incusat
1431 770 1509 807 furti
1533 772 1689 807 littei-arn.
1742 772 1828 807 Inter
1850 770 1926 813 alia,

206 830 303 877 „Vsus
321 832 384 872 est,
412 831 534 877 inquit,
561 825 725 861 Nanfiano
744 826 874 865 codice,
901 824 940 858 ab
964 821 1035 871 ipso
1051 822 1172 858 Nansio
1192 837 1266 858 cun-i
1294 821 1411 872 scripto
1434 824 1611 871 exemplari
1636 822 1768 858 collato.
1821 824 1927 870 Qae-

207 898 349 933 cumque
371 880 411 918 ad
437 894 531 916 oram
555 875 600 912 sui
625 878 697 912 libri
721 886 890 911 notauerat
914 876 1072 923 Nuustm,
1101 888 1138 909 ea
1165 878 1197 909 in
1219 885 1343 911 textum
1367 875 1552 924 recipienda
1570 877 1695 910 curauit
1712 874 1751 909 cl.
1768 875 1928 924 Haustus,

206 938 325 985 vbiqne
341 934 445 970 deleta
461 928 571 968 Nansii
588 942 707 968 manu,
734 925 836 963 et·sua
859 925 1004 974 reposita.
1055 928 1283 961 Correcliones
1308 938 1338 962 et
1361 930 1562 964 coniecturas
1587 939 1703 962 omnes
1727 925 1837 962 Nanfii
1859 924 1928 960 suas

207 988 286 1025 fecit
306 989 406 1022 bonas
429 985 614 1030 malasque,
641 993 717 1029 quas
742 981 840 1013 textui
862 977 1007 1032 donauit.
1062 978 1268 1024 Aliquando,
1293 977 1346 1014 sed
1370 984 1490 1021 rarius,
1517 993 1591 1014 vere
1609 976 1676 1013 suas
1698 971 1859 1020 itiseruit3*
1874 974 1930 1013 sed

208 1053 324 1076 omnes
351 1035 529 1073 falsiffimas
551 1044 581 1068 et
603 1029 827 1080 inepdssimas,
851 1040 884 1063 vt
909 1030 968 1062 luis
995 1029 1075 1064 locis
1098 1028 1389 1077 significabimusst‘
1413 1041 1472 1065 etc.
1498 1050 1549 1057 —
1574 1032 1700 1065 Contra
1715 1028 1878 1064 Berkelius
1894 1029 1930 1063 in.

208 1089 342 1142 praefat.
367 1087 460 1123 valde
480 1087 579 1133 carpit
607 1083 681 1118 edit.
704 1079 1124 1122 Heinsio-Saltnalianam‚
1159 1091 1188 1115 et
1213 1081 1364 1122 adnotat,
1396 1079 1445 1128 se,
1476 1093 1603 1131 praeter
1634 1084 1804 1116 innumera
1833 1090 1931 1126 typo-

210 1147 373 1180 thetarum
388 1142 476 1181 vitia,
501 1136 604 1171 multa
619 1138 728 1179 etiam,
750 1136 785 1167 in
801 1130 870 1180 ipso
887 1142 975 1167 textu
991 1130 1222 1179 praeter-misia,
1248 1143 1278 1167 et
1295 1134 1360 1169 alio
1377 1133 1579 1181 transposita,
1594 1130 1758 1168 inuenisse.
1781 1152 1832 1160 -—-
1858 1128 1931 1178 lpse

209 1206 322 1231 tamen
338 1189 509 1228 Salmasius
524 1190 557 1222 in
573 1185 746 1234 Simplicio
763 1182 971 1218 emendando
990 1183 1118 1217 adiutus
1140 1183 1183 1218 esl
1206 1185 1400 1219 lectionibus
1419 1186 1541 1220 codicis
1563 1188 1654 1226 msti,
1677 1183 1833 1231 exemplo
1850 1179 1931 1218 Vos-

210 1246 301 1283 siano
316 1242 498 1289 adscriptis,
526 1253 585 1274 nec
602 1251 676 1273 raro
694 1250 732 1272 ex
747 1237 940 1270 coniecluris
958 1232 1019 1269 fuis
1041 1234 1128 1270 dedit
1150 1235 1277 1271 locum.
1332 1238 1369 1271 ln
1387 1238 1555 1285 Epicteto,
1584 1239 1717 1284 opinor,
1740 1236 1932 1274 naotusvcoss

211 1298 311 1342 dieis,
338 1294 501 1332 Nansiario
523 1290 686 1330 melior1s‚
709 1288 865 1322 leeliones
882 1289 1005 1330 vat-ias,
1033 1284 1082 1327 sc,
1107 1287 1283 1335 gloriatus,
1308 1289 1460 1337 pleraque
1481 1289 1520 1323 ab
1544 1286 1682 1323 Heinfio
1704 1282 1822 1322 omissa
1843 1285 1932 1322 addi-

215 1347 312 1390 disse,
340 1347 426 1383 male
441 1345 480 1379 ab
494 1342 612 1377 eodem
631 1341 776 1375 correcta
792 1336 974 1380 restituisse,
1000 1351 1060 1372 nec
1075 1352 1175 1386 pauca
1193 1340 1302 1374 hiulca
1321 1342 1354 1374 in
1369 1342 1494 1375 Veneta
1517 1339 1574 1373 illa
1597 1338 1740 1374 editione
1756 1334 1933 1388 suppleuis-

212 1399 255 1438 se,
308 1402 345 1434 ln
363 1396 477 1444 amplo
491 1394 755 1433 commentario,
780 1404 862 1440 quae
879 1400 989 1425 tamen
1007 1390 1049 1425 est
1066 1400 1191 1425 tantum
1212 1403 1304 1440 pars,
1332 1394 1444 1426 omnia
1460 1394 1568 1426 critice
1591 1389 1809 1440 persequitur,
1835 1387 1935 1425 Wol-

212 1448 295 1489 fium
312 1449 402 1497 saepe
417 1445 545 1486 laudat,
571 1457 631 1479 nec
647 1456 721 1478 raro
738 1443 866 1491 culpat,
893 1453 924 1476 et
945 1441 1146 1491 potifftmutn
1171 1443 1326 1491 dogmata
1348 1445 1534 1478 Stoicorum
1553 1443 1764 1491 aliorumque
1786 1442 1933 1477 veterum

215 1501 496 1555 philosophorum
516 1497 608 1531 latius
624 1494 784 1542 docleque
798 1493 949 1541 explicat.
1002 1494 1173 1542 Rei-'quain
1193 1508 1269 1528 vero
1286 1505 1412 1543 partem
1432 1494 1501 1542 posl
1522 1492 1661 1529 reditum
1679 1508 1719 1529 ex
1733 1493 1846 1530 Galliis
1868 1491 1936 1528 cdi-

215 1568 303 1592 turus
322 1564 388 1590 erat
408 1561 438 1586 et
454 1548 695 1597 prolegomena
710 1548 876 1590 vberima,
904 1544 1001 1579 instar
1016 1546 1283 1580 manuductionis
1298 1545 1338 1580 ad
1357 1544 1601 1595 philosophiam
1627 1545 1759 1581 stoicam
1782 1541 1934 1594 praemis-

214 1605 315 1644 surus.
367 1602 429 1640 Sed
452 1600 552 1635 fidem
580 1613 648 1633 non
673 1597 825 1646 praestitit
850 1595 1040 1635 Salmasius,
1070 1608 1123 1631 aut
1139 1598 1206 1639 illa,
1227 1596 1285 1632 nisi
1304 1601 1414 1645 periit,
1442 1599 1549 1633 adhue
1571 1601 1647 1633 latet
1669 1601 1702 1632 in
1724 1596 1855 1633 feriniis.
1882 1615 1935 1623 —

216 1653 359 1707 Copiose
375 1655 415 1690 de
432 1655 494 1688 hac
509 1650 584 1686 edit.
601 1647 833 1685 disserit-§tolle
849 1652 882 1684 in
898 1651 1014 1684 notitia
1029 1648 1139 1684 libror.
1158 1649 1232 1683 bibl.
1249 1647 1338 1689 suae,
1365 1650 1431 1685 vol.
1448 1652 1470 1684 1.
1488 1662 1560 1697 pag.
1575 1661 1769 1693 337—342.
1794 1668 1846 1675 —
1871 1648 1936 1683 Re-

216 1708 288 1746 cusa
303 1708 346 1744 est
364 1707 419 1742 illa
435 1705 554 1744 editio,
578 1715 655 1737 curn
674 1704 798 1736 Arriani
819 1703 1082 1742 commentariis,
1107 1703 1248 1735 Londini
1270 1705 1362 1744 1670.
1396 1700 1482 1750 apud
1505 1701 1640 1736 Reland.
1662 1704 1692 1736 P.
1711 1699 1823 1736 Pinell.
1839 1699 1937 1735 alios.

216 1774 279 1812 que
296 1763 342 1805 (at
357 1762 451 1803 1679.
475 1755 550 1791 teste
576 1757 732 1796 Heynio,
759 1765 833 1800 pag.
852 1753 1016 1796 ΧΧΧΙΙΙ.)
1043 1758 1073 1793 8.
1099 1773 1149 1779 —
1177 1751 1375 1793 „salmasius
1397 1764 1526 1799 autem,
1553 1763 1585 1787 vt
1611 1756 1737 1788 notauit
1760 1753 1937 1794 Fabricius,

215 1829 234 1850 a
257 1813 424 1861 Stephano
453 1811 574 1843 Ioanne
596 1807 774 1854 Stephanio
789 1815 957 1851 acceperat
977 1803 1198 1850 Simplicium,
1215 1803 1349 1838 Meursti
1364 1817 1462 1839 manu
1479 1805 1519 1839 ad
1536 1806 1673 1839 Mstum
1691 1804 1843 1839 codicem
1866 1803 1936 1838 dili-

216 1875 330 1915 genter
367 1858 598 1897 emendatum,
640 1867 673 1891 vt
703 1869 742 1891 ex
773 1858 842 1890 eius
872 1854 1008 1902 epistola
1031 1855 1070 1890 ad
1094 1854 1242 1890 Vossium
1266 1855 1361 1890 docet
1383 1854 1591 1891 Colomesius
1620 1869 1696 1904 pag.
1715 1868 1782 1902 193.
1809 1855 1941 1899 Galliae*

216 1914 401 1952 Orientalis.
453 1908 654 1956 Honschelius
673 1920 808 1955 quoque
826 1907 999 1942 meliorem
1019 1906 1095 1942 dare
1111 1909 1316 1953 Simplicium
1332 1905 1395 1941 fuit
1416 1908 1570 1949 molum,
1596 1907 1672 1943 tesle
1689 1909 1824 1942 Andrea
1833 1907 1939 1941 Schot-

216 1978 250 2006 ιο
264 1968 374 2003 lib..ll.
391 1961 457 2000 obs.
473 1965 643 1996 humanar.
657 1973 726 2008 cap.
740 1972 772 2004 9.
800 1969 834 1993 vt
850 1961 1001 1993 omittam
1022 1955 1217 1999 Gesnernin,
1247 1962 1300 2008 qui
1326 1961 1358 1993 in
1380 1959 1452 1995 bibl.
1477 1972 1579 2008 quum
1602 1956 1810 1999 memorasset
1824 1958 1939 1993 editio·

216 2033 295 2056 nem
311 2020 470 2052 Venetam
487 2015 562 2048 anni
579 2019 659 2056 1523,
689 2016 877 2059 (perperam
894 2014 925 2044 in
941 2012 1086 2044 Gesnero
1112 2021 1143 2044 et
1164 2014 1230 2045 eius
1259 2011 1527 2058 epitomatorIbus
1552 2009 1705 2046 excusum
1722 2010 1764 2045 esl
1788 2024 1818 2045 a.
1836 2009 1939 2054 1538.)

218 2069 323 2107 addit:
352 2068 413 2102 Sed
428 2067 526 2100 multa
543 2067 574 2097 in
594 2066 647 2096 illa
663 2063 796 2096 editione
810 2069 960 2108 corrupta
971 2062 1055 2109 sunt
1071 2068 1100 2097 et
1117 2074 1290 2106 nonjmuca
1304 2064 1516 2112 dqfidernntm·
1527 2089 1537 2102 ,
1565 2076 1642 2107 qnae
1654 2075 1711 2109 ego
1730 2063 1889 2096 Bononiae
1906 2067 1939 2096 ct

221 2123 260 2158 V
260 2122 367 2157 metis}
381 2119 422 2153 ad
441 2117 590 2152 Pontiani
606 2121 636 2148 et
651 2115 783 2148 alterins
796 2116 957 2148 cuiusdam
971 2113 1054 2148 doffl
1072 2115 1262 2159 exemplaria
1276 2114 1430 2162 cqstigam'
1443 2120 1473 2150 et
1489 2116 1610 2160 explent*
1625 2118 1658 2148 in
1673 2127 1737 2148 mco
1751 2115 1860 2152 codiee,
1883 2113 1940 2160 qui

210 2173 359 2222 fortaffis
373 2169 544 2216 aliquando
562 2167 769 2200 committetur
785 2166 934 2210 p:·ael0.‘·

321 2225 460 2272 Epa-*leti
476 2219 667 2269 Philosophi
683 2221 814 2254 Enchir.
832 2231 861 2253 et
881 2219 1002 2253 Cebetis
1019 2219 1129 2254 Theb.
1143 2218 1263 2255 tabula.
1292 2219 1430 2265 (latine.)
1483 2219 1607 2267 Qibus
1629 2233 1695 2255 acc.
1713 2221 1836 2254 Senecae
1858 2218 1938 2255 liber

218 2293 300 2315 πως
323 2277 363 2313 de
384 2274 615 2324 tranquillitate
635 2273 759 2313 animi,
798 2284 835 2305 ac
861 2268 1034 2305 sententiae
1056 2271 1183 2320 aliquot
1209 2269 1353 2308 seletsttss‘.
1378 2269 1667 2319 philosophorum.
1706 2272 1827 2308 Colon.
1850 2269 1939 2321 aPud

215 2331 323 2368 Wilh.
341 2325 505 2365 Frteffem.
534 2328 625 2367 1642.
654 2321 765 2358 forma
788 2323 934 2357 minima.
1530 2325 1536 2328 -

320 2384 428 2430 Ερὶὲἳ.
449 2383 575 2417 Euchir.
594 2392 642 2427 gr.
661 2391 690 2412 et
712 2377 765 2414 lat.
792 2376 893 2425 Lugd
915 2379 980 2413 Bar.
998 2379 1090 2419 1646.
1110 2389 1162 2422 ²4·
1186 2397 1236 2406 —
1263 2391 1340 2414 cuin
1359 2378 1479 2414 Crbetis
1497 2378 1622 2420 tabula,
1649 2378 1766 2420 latine,
1793 2379 1939 2417 Genuae.

218 2440 305 2488 typis
318 2434 482 2473 Benedicti
498 2429 650 2470 Guaschi.
675 2433 761 2474 1653.
778 2441 830 2473 24.
855 2449 906 2456 —-
933 2430 1063 2465 Enchir.
1083 2441 1133 2477 gr.
1155 2440 1185 2467 et
1206 2431 1261 2466 lat.
1278 2443 1346 2466 cum
1361 2431 1496 2480 vet-stom
1511 2431 1611 2465 latina
1626 2433 1807 2467 accuratius
1819 2428 1938 2476 etfide-

1875 2481 1937 2515 lius
