2049 2720
380 151 591 190 sYsTEMA
622 140 786 191 Gru-Em
817 153 1041 190 MEDICVM
1092 154 1164 191 Lib.
1180 154 1405 192 IV.·c.XJX.
1424 154 1479 204 (ol.
1495 155 1645 203 XVII.)
1690 165 1757 202 ⁷393

45 253 115 293 tes,
142 259 217 286 eum
236 248 384 284 maxima
400 246 554 285 felicitate
570 252 602 285 in
623 251 697 284 artis
715 251 871 284 exercitio
884 247 948 284 effe
961 243 1063 285 vsum.
1110 249 1270 285 'Marcum
1287 251 1512 293 Antoninum,
1536 263 1579 287 vex
1597 247 1650 287 esu
1672 247 1756 285 casei

46 300 305 343 febricitantem,
331 311 499 349 vnguento
513 301 651 336 nardino
663 328 673 344 ‚
700 303 778 336 vino
798 310 829 336 et
852 303 964 349 pipere
983 299 1116 336 sanauit.
1170 301 1400 338 Commodum
1418 301 1518 338 derisa
1533 317 1551 337 a
1568 312 1673 337 matre
1689 315 1759 338 me-

45 352 200 389 dicorum
225 351 494 389 methodicorum
522 352 673 395 diatrito,
712 354 844 388 narium
871 353 1161 400 haemorrhagiam
1187 351 1352 400 pass'urum
1380 353 1539 402 praeuidit
1563 364 1593 388 et
1625 351 1758 389 sanauit.

45 405 180 447 Boethi,
219 402 380 446 consulis,
413 417 572 447 vxorem,
616 403 710 439 fluxu
736 403 893 439 muliebri
922 403 1126 439 laborantem
1155 404 1239 439 nihil
1269 406 1514 452 proficientibus
1540 405 1756 440 celeberrimis

44 455 204 499 medicis,
231 455 405 506 purgando
428 457 572 492 restituit.
623 455 828 497 Eudemum,
851 453 1110 505 philosophum,
1144 466 1299 504 quartana
1322 457 1494 504 multiplici
1517 456 1627 492 media
1648 457 1756 492 hieme

42 507 210 551 liberauit,
250 507 472 558 praedixitque
493 516 657 550 accurate,
697 521 765 556 quo
787 517 939 555 tempore
966 519 1112 557 quaeque
1137 508 1388 544 coniunctarum
1408 505 1550 544 febrium
1577 521 1654 542 eum
1679 505 1756 544 ess'et

41 559 207 595 relistura.
259 559 392 596 Pulsum
408 559 563 595 subtiliter
581 561 684 607 tetigit
701 570 731 595 et
748 572 806 607 per
827 559 984 606 plurimas
1008 558 1183 594 diuifiones
1205 558 1365 602 distinxit,
1392 572 1497 608 eoque
1514 562 1614 595 'etiam
1636 569 1666 595 et
1685 559 1755 594 aliis

42 609 141 657 {ignis
159 608 295 646 medicis
316 610 399 646 adeo
415 612 517 659 perite
532 607 564 645 se
579 607 672 645 vsum
689 608 781 645 fuisse
805 609 863 645 fibi
884 611 968 646 testis
989 610 1053 652 cst,
1079 619 1114 645 vt
1126 608 1333 658 potiffimum
1350 623 1389 646 ex
1403 609 1612 659 agnoscendis
1631 610 1755 645 morbis

44 673 227 710 eorumque
248 662 416 698 euentibus
443 660 667 711 praedicendis
690 661 886 697 inclaruerit.
954 663 1001 697 Ita
1020 662 1139 697 nobilis
1161 660 1306 697 feminae
1330 674 1480 698 amorem
1503 661 1640 700 detexit,
1674 674 1756 710 quae

42 711 222 759 Pyladem,
246 710 453 757 saltatorem,
477 712 663 762 deperibat,
685 723 717 749 et
730 710 873 755 seruum,
898 713 941 749 ob
959 715 1102 749 criminis
1124 712 1238 749 detecti
1254 723 1380 749 metum
1400 713 1699 756 melancholicum,
1725 721 1757 749 et

41 764 159 800 Boethi
180 761 320 801 consulis
341 764 463 804 filiam,
492 764 579 800 clam
597 767 714 801 vetitos
737 765 825 800 cibos
843 775 1037 808 vorantem,
1072 764 1187 814 culpae
1203 763 1391 814 redarguit,
1417 764 1503 801 vnde
1526 767 1554 801 ei
1576 762 1673 800 febris
1699 778 1757 805 no-

40 816 158 852 ssurna
181 815 363 852 accedebat.
423 813 557 853 Pulsum
587 818 686 852 etiam
714 819 983 852 intermittentem
1012 816 1182 852 nonnullis
1198 818 1387 852 naturalem
1406 815 1475 853 ’esse
1499 814 1602 853 senfit.
1664 817 1705 851 In
1727 814 1758 851 se

41 864 132 916 ipso,
158 881 260 917 quum
280 867 403 905 floccos
424 878 588 918 carperet,
616 867 835 918 phrenitidem
858 871 1033 904 imminere
1056 866 1150 904 senfit
1172 878 1203 904 et
1226 867 1266 905 de
1286 867 1432 918 periculo
1452 868 1598 904 medicos
1613 870 1756 909 monuit,

40 920 132 970 iecur
152 917 208 954 fibi
230 917 395 956 adfectum
417 918 480 956 effe
501 921 663 957 continuo
688 923 847 969 agnouit,
886 933 989 970 quum
1019 920 1077 955 alii
1103 919 1226 956 medici
1255 923 1375 956 vitium
1403 922 1438 957 in
1470 921 1634 970 pulmone
1662 931 1757 968 quae*

41 980 154 1007 terent
170 973 243 1016 Μ).

146 1049 185 1082 In
206 1047 371 1095 chirurgia
392 1049 489 1083 etiam
511 1045 573 1082 fuit
598 1044 755 1090 versatus,
782 1057 891 1084 tamen
910 1046 982 1097 post
1005 1046 1226 1096 gladiatorum
1250 1060 1381 1089 curam,
1405 1060 1505 1096 quam
1521 1047 1672 1096 Pergami
1690 1040 1759 1095 ges-

40 1095 142 1142 serat,
168 1098 342 1147 postquam
357 1099 487 1133 Romae
509 1097 619 1134 sedem
637 1099 693 1133 fibi
714 1100 845 1142 fixerat,
871 1103 1071 1141 curationes,
1098 1112 1179 1148 quae
1202 1113 1303 1134 manu
1326 1100 1429 1140 fiunt,
1452 1098 1669 1147 vtplurimum
1694 1100 1760 1134 chi·

41 1153 149 1198 turgis
172 1149 314 1198 reliquit.
378 1152 499 1185 Mitem
526 1154 728 1186 curationem
749 1154 890 1193 amauit,
930 1152 1008 1185 hinc
1035 1148 1214 1185 masculam
1249 1152 1449 1198 chirurgiam
1479 1149 1654 1198 neglexiffe
1674 1149 1759 1186 vide-

40 1210 107 1238 mr.
161 1203 376 1250 Operationes
397 1211 527 1243 tamen,
555 1214 635 1249 quas
654 1212 791 1243 vocant,
819 1204 1035 1249 chirurgicas,
1064 1202 1214 1240 instituit,
1238 1201 1378 1236 ssernum
1401 1199 1603 1250 perforauit,
1629 1201 1669 1236 ad
1691 1215 1760 1236 ma·

42 1255 175 1296 teriam,
209 1251 265 1287 sub
288 1265 329 1287 eo
357 1252 552 1293 collectam,
585 1251 810 1294 educendam,
842 1267 879 1288 ac
901 1252 942 1287 de
966 1253 1184 1288 curationibus
1206 1252 1401 1293 vulnerum,
1432 1252 1664 1302 vlcerumque‚
1699 1262 1760 1288 nec

41 1317 112 1341 non
132 1303 172 1340 de
193 1302 309 1340 offivm
329 1300 512 1339 fraelorum
536 1306 703 1339 curatione
730 1314 825 1352 atque
845 1303 886 1339 de
910 1303 1108 1353 deligatione
1130 1304 1332 1353 vinculisque
1354 1304 1448 1352 plura
1469 1317 1574 1353 eaque
1597 1302 1760 1340 vtiliffima

41 1353 182 1391 tradidit.
232 1352 303 1402 Ipse
324 1354 447 1390 multos
472 1356 607 1391 morbos
630 1357 804 1403 chirurgici
827 1358 953 1403 generis
975 1355 1057 1391 tulit.
1109 1354 1306 1391 Illitionibus
1330 1354 1418 1390 vlcus
1440 1353 1577 1392 femoris
1598 1359 1632 1391 in
1654 1353 1759 1404 seipso

41 1403 185 1449 sanauit,
217 1419 295 1442 cum
319 1408 385 1441 iam
405 1405 566 1442 videretur
587 1406 751 1442 incidendi
774 1405 836 1442 esse
859 1405 1032 1443 necessitas.
1085 1409 1284 1443 Acromium
1303 1405 1361 1442 fibi
1384 1405 1530 1455 elapsum
1553 1417 1583 1442 et
1607 1408 1758 1455 agnouit,

42 1467 75 1494 et
94 1457 182 1493 male
202 1467 372 1494 curantem
391 1458 527 1508 aliptam
547 1461 705 1501 correxit,
737 1468 769 1493 et
789 1456 820 1494 se
845 1456 910 1508 ipse
932 1458 1077 1495 restituit.
1131 1461 1243 1507 Qum
1267 1458 1353 1506 peste
1378 1458 1557 1502 laboraret,
1577 1456 1757 1493 scarificato

44 1522 140 1545 crure
154 1507 186 1544 se
202 1507 351 1545 seruauit.
402 1510 556 1559 Iugulum
576 1509 629 1545 fibi
647 1513 854 1546 incur-uatum
876 1508 990 1554 sensit,
1014 1520 1045 1546 et
1065 1509 1105 1546 ad
1127 1509 1307 1546 humerum
1329 1506 1530 1553 adductum,
1558 1523 1636 1546 cum
1657 1511 1759 1546 maxi-

42 1574 103 1599 mo
125 1559 259 1610 frigoris
283 1557 394 1604 sensu,
420 1572 451 1597 et
470 1560 692 1598 conuulssonis
710 1571 803 1597 motu
822 1563 855 1597 in
876 1564 1008 1598 ceruicis
1032 1560 1182 1598 musculis
1201 1564 1261 1608 Μ’).

144 1639 188 1674 V.
215 1639 367 1674 Maxime
397 1647 508 1674 autem
535 1638 685 1674 inclaruit
706 1637 840 1674 condito
862 1654 880 1673 a
901 1637 933 1674 se
957 1636 1127 1684 systemate
1147 1637 1297 1675 scientiae
1319 1637 1524 1674 medicinalis
1548 1639 1659 1679 nouo,
1688 1633 1761 1685 ple·

45 1686 192 1732 niffimo,
233 1689 323 1739 quod
347 1689 466 1725 medici
482 1694 643 1726 omniurn
672 1693 819 1738 gentium
845 1704 902 1737 per
927 1691 1020 1727 mille
1044 1701 1076 1726 et
1105 1689 1194 1740 quod
1223 1694 1362 1726 excurrit
1387 1702 1491 1725 annos
1519 1692 1612 1724 vnice
1633 1686 1760 1737 sequuti

41 1738 127 1777 sunt.
179 1741 265 1776 Finis
285 1751 394 1776 autem
415 1743 450 1776 in
469 1754 509 1777 eo
530 1740 703 1786 systemate
723 1741 900 1778 condendo
923 1745 954 1778 ei
976 1744 1168 1792 praecipuus
1190 1746 1214 1777 is
1231 1752 1316 1789 erat,
1342 1751 1377 1777 vt
1389 1741 1430 1777 ad
1445 1739 1678 1777 obseruationis
1697 1740 1760 1775 ssu-

43 1790 155 1833 dium‚
182 1805 248 1839 quo
271 1794 490 1841 Hippocrates
514 1796 660 1829 maxime
681 1793 893 1837 inclaruerat,
923 1794 1071 1830 medicos
1092 1793 1279 1837 reduceret,
1306 1804 1340 1829 vt
1363 1807 1420 1829 eos
1441 1793 1595 1832 doceret,
1623 1788 1760 1840 plurimi

43 1841 192 1879 interesse
213 1846 246 1878 in
269 1845 467 1880 morborum
487 1846 707 1881 curationibus
731 1843 880 1888 medico,
911 1856 942 1881 vt
962 1859 1017 1881 eos
1042 1847 1128 1882 redte
1149 1844 1381 1893 cognosceret,
1407 1844 1503 1880 simul
1523 1856 1603 1878 vero
1626 1841 1762 1879 medici·

43 1906 125 1929 nam
151 1895 344 1930 rationalem
368 1896 533 1943 efficeret,
564 1896 630 1931 fiue
651 1910 743 1938 eam,
776 1909 860 1944 quae
881 1896 1090 1945 singulorum
1113 1907 1312 1936 euentuum,
1339 1906 1370 1930 et
1394 1898 1428 1930 in
1448 1893 1527 1930 sano
1548 1903 1580 1929 et
1603 1895 1638 1929 in
1659 1906 1761 1941 aegro

43 1957 206 1992 corpore,
247 1947 411 1981 rationem
436 1948 559 1982 rectam
591 1957 622 1982 et
649 1945 798 1982 subtilem
826 1950 925 1983 etiam
952 1946 1109 1984 redderet.
1173 1949 1262 1982 Hinc
1285 1946 1341 1982 etsi
1362 1945 1634 1995 dogmaticorum
1657 1955 1761 1993 partes

43 1994 246 2045 sequebatur,
266 1999 414 2032 maxime
435 2000 468 2033 in
485 2002 612 2034 ratione
627 1997 668 2034 de
685 2000 838 2034 omnibus
860 1999 951 2034 rebus
974 1998 1217 2035 medicinalibus
1239 1996 1421 2039 reddenda,
1448 2009 1557 2033 tamen
1575 1999 1763 2046 Hippocra-

43 2050 127 2084 ‹icus
149 2046 295 2083 medicus
319 2048 384 2085 dici
406 2052 550 2085 maxime
573 2050 719 2091 amabat,
746 2052 986 2098 Hippocratem
1011 2065 1030 2085 a
1047 2048 1078 2086 se
1098 2053 1246 2100 primum
1271 2052 1354 2086 inter
1379 2063 1495 2085 omnes
1511 2048 1658 2084 medicos
1674 2049 1762 2084 reete

38 2096 110 2135 'esse
136 2099 346 2136 intellectum
376 2112 472 2149 atque
501 2101 702 2150 explicatum
732 2102 941 2150 gloriabatur.
1008 2104 1085 2137 Eius
1113 2115 1191 2137 vero
1215 2102 1316 2137 libros
1346 2101 1557 2137 medicinales
1581 2099 1762 2150 permultos

45 2153 197 2186 maximo
222 2151 329 2187 studio
357 2155 602 2188 commentariis
635 2153 824 2196 illustrauit,
865 2167 1007 2203 quorum
1035 2166 1109 2202 pars
1140 2152 1242 2202 longe
1271 2156 1417 2189 maxima
1446 2152 1486 2188 ad
1514 2166 1575 2188 nos
1602 2153 1762 2200 peruenit.

45 2203 139 2237 Hine
161 2201 216 2238 etfi
232 2217 252 2238 a
275 2204 415 2253 partibus
440 2204 705 2252 dogmaticorum
730 2215 815 2249 erat,
841 2219 912 2242 non
935 2216 1044 2242 tamen
1064 2204 1291 2255 dogmatici-18,
1317 2217 1432 2241 verum
1453 2207 1562 2255 potius
1580 2205 1762 2252 Hippocra-

45 2256 129 2289 tiens
148 2253 293 2290 medicus
317 2266 349 2291 et
373 2255 546 2292 ecletflicus
568 2254 635 2291 dici
657 2256 784 2292 maluit.

1590 2305 1762 2341 Elementa

93 2381 172 2418 mm)
200 2380 302 2411 Haller
323 2381 493 2414 bibliothec.
516 2383 621 2416 medic.
639 2384 758 2427 praffic.
783 2382 849 2415 libr.
863 2384 887 2416 1.
923 2369 927 2372 ⁴
973 2383 1031 2422 nn)
1059 2382 1162 2414 Haller
1190 2383 1365 2416 bibliothec.
1396 2385 1524 2421 chirurg.
1551 2381 1618 2413 libr.
1633 2382 1657 2413 1.
1679 2378 1703 2421 §
1718 2389 1763 2417 39·

51 2421 83 2462 §.
96 2427 134 2455 8¹.
154 2430 225 2452 tom.
240 2425 262 2454 1.
280 2434 344 2467 pag.
361 2434 415 2463 229
429 2424 470 2468 sq.
926 2432 1004 2456 tom.
1021 2429 1045 2456 Ι.
1067 2438 1132 2468 pag.
1148 2433 1180 2464 85
1194 2426 1239 2469 sq.

99 2479 221 2512 Vol-V.
956 2474 1054 2512 Ddd
1098 2483 1102 2487 '
