2049 2720
277 161 620 201 'COMMENTARH
652 160 700 198 IN
728 159 896 199 PLVRES
927 162 1091 198 GALENr
1124 163 1280 200 LIBROS
1329 163 1401 200 Lib.
1413 164 1482 202 IV.
1496 177 1519 201 c.
1530 164 1642 202 XIX.
1691 178 1753 214 49!

33 259 105 300 1115,
130 258 173 296 ob
195 256 337 294 indicem
359 260 392 293 in
417 256 532 293 Galeni
555 269 656 306 opera
677 256 716 292 ab
738 269 779 292 eo
801 254 1004 292 confestum.
1030 277 1082 284 -—
1107 257 1314 306 Augustinus
1327 260 1553 307 Gadaldinus,
1574 261 1617 296 ob
1638 259 1747 298 versos

33 312 136 360 longe
152 311 275 346 multos
291 310 405 345 Galeni
422 309 532 345 libros.
559 329 609 335 —
638 308 736 344 Com.
754 309 936 348 Gesnerus,
959 306 1105 343 summus
1124 312 1188 351 vir,
1212 314 1359 346 maxime
1380 313 1422 347 ob
1445 312 1682 361 prolegomena
1703 314 1745 349 ad

33 363 109 399 edit.
126 362 364 399 Frobenianam
389 363 528 396 tertiam.
557 379 609 388 —-
642 360 833 407 Francuscus
854 361 892 396 V
891 361 1047 399 fluviola,
1081 363 1225 395 maxime
1249 364 1291 397 ob
1312 362 1404 398 locos·
1427 363 1510 399 med.
1535 377 1744 408 communes,

33 417 89 464 qui
105 413 342 462 compendium
357 426 396 448 ex
412 413 538 448 Galeno
555 411 760 447 conststuunt.
784 431 833 438 —
860 412 972 446 Herm.
993 412 1178 458 Crzgserim,
1211 414 1253 448 ob
1277 414 1377 450 libros
1401 415 1517 450 Galeni
1535 415 1575 450 de
1600 415 1742 464 pulsibus

32 468 189 502 omnium
206 468 331 513 optime
346 463 524 514 explicitos,
549 483 597 490 —
624 464 719 500 Hier.
738 465 947 509 Gemzfiieus,
973 463 1016 498 ob
1040 473 1182 498 curatam
1207 465 1246 499 ab
1270 479 1309 500 eo
1331 464 1489 502 secundae
1511 466 1586 503 edit.
1606 481 1742 516 graecae

31 530 171 566 operum
194 517 308 552 Galeni
333 526 457 564 partem
481 517 671 550 maximam.
705 536 756 543 —
788 516 920 549 Iacobus
936 515 1084 561 Systzim,
1113 517 1159 550 vir
1182 519 1333 551 omnium
1355 517 1476 553 iudicio
1501 519 1688 567 eloquentia
1709 528 1741 554 et

31 567 182 606 doclrina
199 566 344 603 summus
355 596 365 610 ‚
393 566 572 602 medicinae
587 581 604 601 a
619 567 759 602 barbarie
774 579 865 602 verus
885 566 1020 608 vindex,
1044 568 1133 601 cuius
1148 579 1247 614 opera
1268 570 1422 617 cuiusque
1446 572 1599 617 exemplo
1613 568 1740 606 factum

30 620 94 662 est,
119 630 152 655 vt
168 617 309 655 Galenux
323 618 460 654 medicis
475 617 696 653 Arabissarum
719 629 751 653 et
772 617 1047 653 Paracelfiliarum
1069 618 1146 653 loeo
1167 617 1252 653 ess‘et.
1276 639 1328 647 —-
1353 623 1457 655 lanus
1473 622 1667 663 Commius,
1694 623 1738 657 ob

27 669 130 720 longe
157 672 315 718 plurimos
338 670 453 705 Galeni
478 669 578 705 libros
601 667 728 711 versos,
762 672 944 711 correc'los,
977 680 1008 705 et
1028 669 1188 719 quosdam
1212 670 1384 706 illustratos
1407 675 1662 707 commentariis.
1689 691 1740 700 —-

27 723 185 759 Nicolaus
201 723 387 770 Rhegium,
409 720 565 763 Calaber,
592 721 634 755 ob
656 718 763 757 versos
786 722 908 757 multos
933 721 1048 756 Galeni
1070 721 1186 762 libros,
1213 732 1243 757 et
1259 718 1330 757 satis
1351 723 1430 758 bene
1452 723 1604 772 quidem,
1630 723 1741 758 barba·

26 776 87 810 riei
104 775 312 822 temporibus.
339 793 389 800 --
417 775 466 808 Io.
483 772 710 820 Argentarius.
738 792 787 800 —
813 775 864 809 Io.
884 775 980 818 Bastt.
998 775 1196 814 Montanus,
1226 775 1281 822 qui
1301 775 1425 823 primus
1445 775 1560 810 Galeni
1581 775 1680 810 libros
1701 777 1738 812 in

26 824 135 861 classes
148 824 284 876 digessit.
309 845 358 852 —
386 825 434 860 Io.
450 826 643 860 Boram-dus
661 825 861 865 Felicianus,
889 827 1045 872 interpres
1068 825 1200 868 Galeni,
1235 835 1266 860 et
1288 826 1481 861 emendator
1500 829 1736 875 interpretatio-

25 890 120 920 num,
143 887 215 913 ante
231 875 262 912 se
277 875 449 911 sanarum.
476 896 524 903 —-
550 878 594 911 Io.
613 878 731 917 Caius,
754 878 943 920 Britannus,
966 879 1015 912 vir
1035 875 1256 920 doc‘iissimus‚
1287 891 1325 912 ac
1347 876 1388 913 de
1409 876 1537 913 Galeno
1560 879 1611 914 vel
1634 892 1671 914 ea
1693 878 1734 914 de

26 926 120 964 causa
135 928 236 977 longe
251 926 487 969 meritissimus,
514 927 601 976 quod
613 955 622 969 ,
649 942 752 976 quum
765 953 774 967 ,
802 933 856 978 qui
873 927 927 964 sua
943 940 1043 965 aetate
1061 929 1222 971 viuebant,
1249 930 1376 965 Galeno
1392 932 1424 964 in
1436 929 1571 965 latinam
1584 930 1735 979 linguam

24 979 184 1016 vertendo
201 993 337 1030 operam
352 978 468 1015 dabant
482 982 684 1024 maximam,
707 983 732 1015 is
746 980 861 1016 Galeni
888 982 996 1029 plures
1015 981 1136 1023 libros,
1158 994 1293 1017 mancos
1313 991 1425 1024 antea,
1449 992 1506 1017 aut
1524 995 1640 1030 graece
1663 994 1733 1018 non

22 1031 222 1082 prestantes,
249 1045 362 1080 graece
384 1035 525 1080 integros
549 1032 658 1068 edidit.
691 1052 742 1059 --
770 1036 816 1069 Io.
836 1034 935 1069 Crato
952 1035 989 1068 cie
1004 1035 1200 1080 Kraftheim,
1233 1035 1282 1069 vir
1304 1047 1374 1069 non
1403 1032 1535 1081 quidem
1566 1032 1733 1082 infigniter

22 1081 158 1126 dou-stus,
184 1094 216 1120 at
233 1097 306 1119 acer
320 1083 501 1125 Galenilla,
528 1087 581 1132 qui
600 1086 790 1120 audloritate
805 1083 858 1120 sua
874 1087 957 1130 (erat
977 1085 1122 1120 medicus
1148 1085 1361 1120 cubicularius
1385 1087 1590 1131 imperatoris
1612 1086 1731 1132 Rom.)

22 1135 148 1172 multos
177 1138 302 1178 mouit,
337 1145 388 1178 vt,
414 1134 583 1182 repudiato
606 1133 790 1179 Paracels0‚
824 1136 987 1172 Galenum
1009 1134 1225 1184 sequerentur.
1262 1156 1313 1163 —
1345 1138 1395 1171 Io.
1410 1137 1638 1175 Guintherius,
1665 1138 1732 1172 An-

20 1184 193 1224 dernacu&
207 1189 318 1231 (lanus
334 1189 547 1226 antoniacus,
562 1191 657 1222 Ianus
674 1187 865 1235 Philologus
880 1188 923 1223 est
941 1190 965 1222 is
984 1187 1226 1235 Guintherius‚)
1240 1189 1289 1221 vir
1306 1189 1340 1221 in
1356 1185 1455 1221 solida
1469 1186 1619 1222 dodrina
1633 1188 1732 1236 plane

19 1237 204 1288 praestans,
226 1239 269 1272 ob
285 1235 392 1272 versos
408 1238 530 1273 multos
545 1237 660 1273 Galeni
676 1237 794 1278 libros,
820 1249 852 1274 et
869 1237 1002 1286 quidem
1022 1241 1172 1286 egregie,
1199 1236 1361 1286 quosdam
1387 1239 1634 1273 commentariis
1658 1238 1733 1273 illu-

18 1286 145 1325 stratos.
180 1308 229 1315 —
263 1288 327 1335 10st
343 1289 528 1329 Strutbim,
553 1290 595 1324 ob
618 1302 753 1337 operam
775 1288 956 1338 impensam
978 1289 1068 1324 libris
1089 1289 1131 1324 de
1153 1288 1312 1336 pulfibuS‚
1338 1289 1453 1336 quibus
1473 1291 1623 1339 a'paucis
1637 1288 1732 1325 labor

8 1340 65 1387 'est
80 1337 262 1389 impensus,
291 1353 358 1388 quo
373 1342 407 1374 in
420 1340 488 1374 aliis
503 1340 620 1375 Galeni
636 1342 722 1376 libris
745 1340 790 1376 est
808 1339 1003 1376 insudatum.
1027 1361 1078 1368 —
1105 1341 1209 1375 Iulius
1225 1341 1416 1375 Martianus
1430 1341 1530 1382 Rota.
1557 1341 1599 1376 ob
1619 1354 1732 1377 corre·

17 1392 86 1428 fias
104 1393 253 1441 priorum
266 1418 275 1433 ,
300 1404 337 1425 ac
356 1389 456 1427 saclas
477 1405 578 1426 nouas
598 1393 879 1440 interpretationes
903 1391 1062 1427 librorum
1086 1392 1212 1428 Galeni.
1244 1411 1295 1418 --
1324 1392 1523 1427 Laurentius
1537 1394 1733 1428 Laurentia-

18 1454 99 1483 nus,
126 1443 168 1479 ob
183 1442 271 1478 idem
289 1445 455 1479 meritum.
481 1463 533 1469 ——
558 1445 674 1478 Leonli.
692 1444 861 1493 Fuclfius,
889 1446 937 1478 vit
951 1443 1061 1491 pulcre
1078 1442 1212 1485 dodim,
1237 1453 1269 1478 at
1289 1441 1530 1482 contentiosus,
1555 1444 1599 1478 ob
1620 1441 1730 1481 versos

18 1505 52 1531 et
65 1492 255 1530 doctissimis
268 1496 511 1530 commentariis
528 1493 702 1531 illustratos
719 1495 841 1530 multos
857 1494 973 1530 Galeni
992 1494 1104 1530 libros.
1129 1515 1177 1521 —
1204 1494 1543 1541 Ludou.Bcllifizrim-.
1559 1497 1731 1533 —Mart.

18 1548 209 1592 Gregorius.
236 1567 286 1573 —
314 1547 388 1581 Nic.
405 1547 615 1588 Leonicenus,
640 1545 680 1581 ad
698 1549 822 1595 primos
841 1548 1065 1594 principesque
1082 1545 1307 1581 instauratores
1321 1544 1507 1581 medicinae
1521 1559 1730 1596 graecorum,

17 1598 169 1645 inprimis
187 1598 375 1643 Galenstae,
402 1594 602 1632 referendus.
627 1617 676 1624 —
708 1599 919 1633 Theodericus
936 1598 1107 1633 Gerardus
1124 1598 1318 1638 Gwdumw,
1341 1597 1579 1633 memorandus
1593 1597 1668 1634 ideo
1683 1601 1731 1635 in-

17 1656 70 1684 ter
92 1651 282 1696 praecipuos
307 1649 422 1684 Galerii
447 1650 651 1697 interpretes,
688 1648 776 1697 quod
799 1651 865 1684 eius
886 1647 1034 1695 inprimis
1056 1648 1158 1684 studio
1182 1647 1423 1684 medicamenta
1444 1648 1620 1698 simplicia,
1659 1649 1731 1698 post

16 1700 165 1736 Arabum
197 1709 228 1734 et
257 1699 476 1735 Arabislarum
507 1698 762 1747 compositiones
793 1698 1001 1743 artificiosas,
1025 1700 1207 1749 vulgatiora
1228 1697 1313 1742 farsia
1334 1697 1417 1736 sunt.
1447 1720 1498 1728 —
1546 1701 1731 1736 Theodorus

19 1751 236 1799 Zmingerus,
263 1748 355 1786 scitus
377 1752 558 1786 tabularum
575 1749 709 1794 artifex,
735 1754 769 1786 in
786 1764 884 1799 quam,
916 1754 959 1786 vti
976 1753 1187 1800 Hippocratis
1202 1751 1303 1786 libros
1321 1751 1524 1799 permultos,
1552 1754 1595 1787 ita
1616 1761 1647 1788 et
1668 1755 1732 1789 Ga-

17 1800 105 1843 leni.,
137 1801 272 1849 redegit.
302 1822 354 1829 -—·
394 1803 533 1836 leomcrs
549 1803 703 1844 Linum,
730 1805 779 1837 vir
795 1801 1015 1841 doeliffimus,
1042 1802 1271 1837 celeberrimus
1291 1811 1322 1837 et
1346 1802 1408 1838 stili
1433 1801 1654 1851 politiffimus.
1678 1824 1730 1831 —

19 1852 137 1889 Viffor
154 1853 385 1893 Trincaucllus‚
401 1851 423 1888 s.
438 1855 681 1891 Trincauelius,
709 1853 826 1893 clarus,
842 1852 930 1901 quod
946 1852 1061 1887 Galeni
1081 1853 1262 1888 editionem
1277 1856 1413 1895 curauit,
1439 1864 1471 1887 et
1486 1853 1611 1901 aliquot
1626 1854 1730 1890 libros

17 1906 123 1940 vertit.
157 1923 205 1930 -
244 1902 370 1949 Caspar
386 1904 611 1947 qumamzus,
643 1902 822 1938 medicinae
845 1902 1008 1951 profeffor
1032 1905 1230 1944 Ahorfinus,
1262 1902 1377 1938 saeculi
1401 1902 1447 1938 sui
1465 1905 1730 1953 Symphorianus

17 1958 116 2003 atque
130 1956 228 1989 Caius
239 1980 249 1995 ,
277 1952 317 1989 de
332 1954 458 1989 Galeno
476 1957 627 1990 omnium
642 1952 711 1988 fere
724 1954 825 2001 longe
841 1953 1070 1989 meritiffimus.
1099 1975 1149 1982 —-—
1175 1955 1301 1989 Daniel
1318 1954 1470 1995 Clericus,
1496 1956 1538 1990 ob
1554 1959 1651 1991 vitam
1667 1959 1731 1992 Ga-

18 2004 85 2042 leni
100 2005 251 2054 scriptam
262 2032 272 2046 ‚
299 2015 330 2040 et
346 2006 413 2039 eius
431 2003 570 2049 systema
586 2006 701 2040 melius
718 2004 893 2052 digestum.
919 2025 971 2032 --
994 2007 1039 2039 Io.
1056 2005 1153 2041 Conr.
1169 2006 1368 2051 Barclucsen,
1395 2007 1438 2041 ob
1455 2005 1614 2054 dogmata
1635 2009 1730 2044 Gale-

18 2059 55 2094 ni
70 2056 185 2092 melius
200 2055 353 2104 exposita.
381 2076 430 2084 —
453 2057 614 2091 Albertus
632 2057 810 2100 Halteras,
835 2057 878 2093 ob
891 2069 947 2101 ea,
974 2069 1056 2105 quae
1076 2055 1117 2092 ad
1129 2069 1203 2093 rem
1220 2056 1398 2095 literariam
1413 2057 1530 2095 Galeni
1552 2061 1729 2108 pertinent,

18 2108 180 2160 praeclare
202 2106 336 2156 digesta.

119 2193 344 2229 commentaris·
369 2194 556 2242 praecipui,
601 2203 728 2243 praeter
755 2193 861 2231 dicios
892 2195 928 2230 in
954 2191 1161 2244 fingulorum
1189 2193 1352 2232 librorum
1380 2194 1498 2233 Galeni
1530 2194 1726 2239 recreatione,

19 2244 56 2282 hi
81 2241 170 2280 sunt:

26 2352 29 2353 ⁷
119 2310 253 2346 Antonii
269 2311 441 2351 Ludouisi,
467 2311 576 2346 medici
593 2311 838 2363 Olgffiponmstm
863 2311 900 2346 de
914 2324 949 2346 re
962 2314 1076 2348 mcdica
1090 2325 1205 2359 opera,
1229 2326 1337 2361 nempe
1357 2314 1387 2359 ι)
1407 2313 1643 2359 Erotcmatum,
1658 2315 1730 2363 flue

20 2364 307 2397 commentariorum
321 2364 354 2396 in
367 2364 466 2397 libros
481 2364 516 2397 de
533 2363 660 2413 crifibus
676 2364 790 2399 Galeni
804 2365 878 2398 libri
892 2371 978 2403 trem
1003 2365 1034 2409 2)
1051 2365 1271 2400 Erotematum
1293 2368 1415 2400 numeri
1434 2368 1566 2400 ternarii
1589 2366 1663 2400 libri
1668 2366 1731 2413 sex

21 2413 57 2458 §u
69 2412 182 2461 quibat
194 2415 343 2462 totasere
357 2427 413 2449 ars
427 2417 543 2451 medica
559 2417 738 2451 coutamur
746 2429 761 2458 ,·
788 2418 819 2462 3)
836 2416 1025 2450 Erntmmta
1042 2418 1078 2452 de
1099 2417 1216 2462 dfflcili
1238 2420 1466 2466 rqpirationm
1491 2419 1535 2465 4)
1545 2416 1730 2453 Erotemata

854 2467 970 2518 „quq
994 2478 1012 2502 a
1694 2468 1733 2504 de
