2013 2725
220 170 266 211 '44
318 165 390 201 Lib.
405 164 475 201 IV.
493 177 516 199 c.
534 163 641 199 VIII.
694 163 775 198 IOS.
806 161 1053 197 EDITIONES
1083 161 1312 204 GRAliCAE,
1347 161 1411 197 ET
1442 161 1831 199 GRAECOLATtNAE

223 273 348 296 nouam
364 258 487 294 addidit
503 258 638 293 latinam
653 255 836 292 verslonem
853 255 1050 297 adcuratnm,
1079 257 1328 305 elegantemque
1342 255 1519 291 Geleninna
1535 255 1634 303 longe
1648 257 1834 297 meliorem,
1852 271 1933 307 quae

221 315 391 348 auctorem
409 308 516 358 prodit
530 312 692 358 vtriusque
708 309 856 356 lingoee,
879 321 1013 356 graecae
1032 319 1062 342 et
1077 309 1206 354 latinae,
1229 310 1375 355 adprime
1397 319 1558 354 gnarum,
1588 306 1631 342 fic
1649 318 1681 343 vt
1702 311 1820 345 latinus
1841 309 1934 344 Hud-

221 361 293 399 soni
314 360 464 411 losephus
480 375 553 397 curn
580 359 699 409 seriptis
722 362 816 395 huius
836 363 964 409 generis
984 358 1254 408 praeliantissimis
1280 363 1395 394 merito
1415 357 1557 393 conferri
1580 358 1687 406 possit.
1739 364 1775 396 ln
1798 360 1932 410 singulis

222 425 332 450 tamen
352 416 431 450 loeis
451 413 697 448 emendationes
717 414 848 459 patitur,
877 425 973 461 quas,
1002 410 1024 445 fi
1049 425 1140 446 meos
1165 415 1197 446 in
1223 414 1308 446 hunc
1331 408 1522 457 scriptorem
1547 415 1806 447 commentarios
1825 410 1932 461 prose-

222 470 275 515 qui
294 477 426 513 potero,
454 462 568 499 censor
583 462 766 505 modestus,
790 462 964 510 aliquando
981 461 1182 512 suggesturus
1199 461 1279 498 suin.
1332 464 1367 497 ln
1392 473 1495 502 notis,
1523 462 1876 503 animaduerfionibus,
1901 474 1933 500 et

220 521 316 553 variis
336 517 524 552 lec'fionibus
539 513 771 550 concinnandis
792 515 953 550 methodo
969 513 1040 549 vsus
1059 515 1115 559 est,
1138 515 1351 550 Bernardinae
1378 527 1518 549 ommno
1536 517 1709 550 contraria.
1797 528 1934 551 uaecun-

221 582 284 619 que
307 570 419 603 habuit
442 566 592 607 subfidia,
621 569 654 602 iu
671 564 763 601 vsum
787 563 881 601 suum
907 565 1070 607 adliibuit;
1094 565 1145 601 sed
1162 565 1345 614 firngalem,
1369 563 1585 613 sobriumque.
1643 568 1932 616 Temperamento

219 621 340 669 vbique
354 619 436 656 iusto
452 619 533 654 nihil
549 622 582 653 in
596 616 709 654 seriem
726 628 878 653 notarum
895 617 1043 659 admisit,
1070 617 1128 653 niti
1144 618 1232 666 quod
1252 619 1370 653 directe
1387 629 1563 666 aperteque
1587 620 1620 652 in
1640 631 1711 652 rem
1740 616 1864 666 losephi
1887 618 1933 654 sa-

219 682 315 708 ceret.
369 671 528 719 Reliquae
544 672 637 705 huius
659 669 808 704 editionis
831 672 1077 718 praerogatiuae
1100 668 1186 704 sunt:
1214 669 1310 718 Qud
1335 666 1510 703 desiderata
1534 682 1574 704 eo
1598 682 1697 718 vsque
1719 672 1752 705 in
1775 668 1845 706 aliis
1867 668 1934 706 edi·

218 725 361 759 tionibus
383 725 613 758 Romanorum
636 735 695 770 pro
721 721 844 756 Iudaeis
866 721 1012 760 decreta,
1039 736 1058 757 a
1082 724 1256 757 Grononio
1281 720 1436 761 collecta,
1472 720 1721 768 publicamque,
1752 718 1812 757 suo
1836 734 1933 772 quae·

219 789 284 825 que
300 775 377 811 loco
394 774 504 810 addita
522 771 655 809 referat:
683 772 782 820 Qod
799 785 937 822 quatuor
957 773 1096 817 indices,
1120 774 1197 809 licet
1214 787 1281 808 non
1298 776 1390 808 omni
1416 784 1556 807 numero
1572 771 1754 816 absolutos,
1781 786 1862 823 quos
1883 775 1932 809 in·

219 837 267 863 ter
291 831 414 869 primus
435 837 466 862 et
488 828 624 862 maximi
651 827 812 860 momenti
830 824 873 860 est
891 828 1019 861 Vocum
1041 827 1238 860 Graecarum
1261 824 1356 859 index
1378 823 1538 872 alphabet.
1563 824 1683 859 multas
1709 825 1933 872 complectens

216 879 386 915 Flauianas
408 876 536 928 phrases
559 880 592 913 in
615 876 746 913 lexicon
766 875 958 913 Flauianum
984 877 1195 927 redigendas,
1221 879 1404 912 contineat:
1435 876 1532 923 Qod
1557 878 1608 910 hic
1629 887 1751 912 retenta
1773 876 1932 913 librorum

217 934 352 980 antiqua
369 941 400 967 et
414 931 544 979 vulgata
559 929 736 973 diuisione,
760 930 842 966 aliae
858 934 1003 980 capitum
1026 941 1057 966 et
1079 933 1362 979 paragraphorum
1387 928 1580 967 diuiiiones,
1608 927 1668 963 sint
1688 928 1865 971 adhibitae,
1889 931 1933 964 ita

216 993 348 1024 tamen,
375 995 408 1018 vt
424 982 463 1018 ad
480 985 666 1031 marginem
690 992 850 1022 veterem,
878 993 974 1031 atque
995 982 1165 1029 vulgatam
1185 980 1379 1016 diuisionem
1400 984 1432 1015 in
1457 979 1677 1015 commodum
1699 994 1817 1016 eorum
1842 981 1933 1016 exhi.

216 1035 309 1076 beat,
337 1037 390 1082 qui
416 1035 586 1080 ittigianae
610 1032 745 1068 editioni
769 1033 874 1068 adhuc
898 1044 989 1069 erant
1011 1033 1141 1069 adsueti.
1197 1035 1379 1067 Communi
1400 1032 1486 1065 orbis
1512 1033 1638 1065 litterati
1660 1030 1771 1079 plausu
1795 1030 1858 1066 fuit
1879 1044 1933 1068 ex·

216 1096 310 1134 cepta
325 1082 542 1120 Hudsoniana
559 1082 688 1132 losephi
703 1083 866 1131 recensio;
899 1082 951 1120 sed
973 1087 1005 1120 in
1029 1096 1146 1120 eorum
1168 1094 1313 1126 tantum,
1342 1086 1394 1129 qui
1419 1096 1491 1117 eam
1507 1082 1684 1117 redemturi
1711 1081 1762 1118 sua
1786 1081 1932 1130 ipsorum

215 1138 357 1175 nomina
377 1135 506 1172 fuerant
526 1134 677 1185 profeffi,
714 1149 831 1171 manus
854 1136 996 1184 perlata,
1030 1149 1091 1171 nec
1111 1134 1205 1170 facile
1228 1136 1266 1169 ab
1289 1135 1360 1169 aliis
1385 1134 1427 1168 ob
1452 1135 1692 1182 exemplarium
1721 1136 1869 1182 inopiam
1899 1144 1934 1171 et
1965 1142 1970 1144 “

215 1191 321 1226 maius
345 1192 484 1237 pretium
506 1186 739 1235 comparanda.
798 1187 876 1222 Inde
892 1189 1076 1234 Sigebertus
1093 1188 1346 1231 Hauercampius
1366 1199 1489 1221 nouam
1515 1185 1692 1220 editionem
1709 1186 1934 1232 Amstelodamz'

216 1242 362 1290 parauit,
389 1254 473 1289 quae
488 1241 586 1274 etiam
605 1243 695 1283 1726.
713 1237 834 1273 ibidem
851 1243 938 1288 typis
955 1239 1226 1280 Wettsteinianis,
1254 1249 1284 1272 et
1300 1235 1454 1272 sumtibus
1468 1236 1723 1284 bibliopolarum
1739 1241 1859 1286 trigae,
1881 1241 1932 1274 ni-

216 1295 341 1328 mirum
366 1289 718 1327 Amsselodamenflum
739 1290 1046 1333 VVettsteiniorum,
1074 1289 1295 1338 Lugdunensis
1309 1290 1467 1324 Samuelis
1495 1291 1712 1329 Luchtmans‚
1740 1300 1771 1325 et
1794 1289 1932 1326 Vltraie-

217 1345 298 1380 dini
316 1343 421 1378 iacobi
438 1341 603 1383 Bredelet,
629 1340 756 1377 duobus
774 1342 854 1377 voll.
869 1344 902 1377 in
921 1340 982 1378 sol.
999 1342 1136 1390 prodiit,
1164 1352 1256 1376 tanto
1273 1344 1378 1388 magis
1399 1341 1439 1376 ab
1456 1339 1585 1375 eruditis
1608 1343 1671 1375 iam
1697 1340 1736 1376 ab
1756 1340 1850 1383 inde,
1877 1341 1932 1377 vbi

218 1398 368 1445 primum
384 1394 618 1436 nunciabatur,
646 1391 841 1435 desiderata,
869 1407 935 1443 quo
951 1397 1059 1429 maior
1074 1404 1145 1429 tum
1163 1390 1268 1429 fuerat
1281 1393 1382 1441 Belgii
1407 1394 1439 1427 in
1463 1390 1662 1427 recensendis
1683 1402 1715 1427 et
1735 1391 1932 1429 illustrandis

219 1448 380 1482 veteribus
397 1444 604 1494 scriptoribus
618 1447 801 1480 auooriras.
854 1445 1001 1495 Collegit
1021 1443 1126 1481 editor
1147 1458 1359 1494 quaecunque
1381 1444 1420 1479 ab
1443 1443 1511 1478 aliis
1537 1446 1571 1478 in
1590 1442 1764 1491 Iot'ephum
1787 1448 1930 1494 cogitata

219 1508 251 1534 et
265 1498 429 1533 elaborata
444 1500 582 1545 reperire
596 1499 721 1546 potuit,
746 1496 949 1544 contulitque
966 1496 1076 1533 denuo
1094 1494 1159 1546 ipse
1174 1495 1274 1539 duos,
1296 1499 1349 1545 qui
1375 1499 1408 1530 in
1426 1496 1619 1530 bibliotheca
1633 1494 1797 1544 Lugduno
1810 1497 1932 1533 Bataua

217 1547 429 1586 adseruamur
443 1547 572 1584 codices
584 1572 594 1586 ,
621 1558 651 1583 et
670 1546 882 1583 Balileensem
897 1548 1087 1589 editionem,
1115 1547 1216 1583 Voffii
1231 1559 1261 1583 et
1279 1548 1412 1583 Cocceii
1430 1557 1520 1582 notas
1535 1548 1573 1582 ad
1591 1548 1775 1596 marginem
1790 1545 1931 1585 reseren-

219 1612 297 1636 tem.
348 1599 479 1637 Codicis
495 1598 681 1635 Hafnienfis
702 1609 734 1634 et
752 1599 1010 1648 ,Rostgardienlis
1032 1600 1244 1636 collationem
1267 1611 1433 1648 acceperat
1449 1614 1467 1633 a
1483 1600 1570 1634 ioan.
1587 1600 1774 1643 Grammio,
1795 1600 1934 1649 linguae

218 1666 357 1701 graecae
373 1655 406 1688 in
423 1651 511 1688 acad.
527 1650 697 1687 Hafuienfi
713 1650 906 1700 profell'ore.
962 1654 1012 1688 De
1034 1654 1094 1688 hac
1115 1654 1401 1699 Hauercampiana
1425 1649 1585 1693 editione,
1614 1648 1717 1699 paene
1739 1661 1772 1686 vt
1796 1649 1930 1687 Hudso-

218 1708 320 1742 niana
334 1717 423 1746 rara,
449 1717 512 1752 ego
527 1703 659 1753 quidem
675 1717 752 1739 cum
770 1705 921 1738 omnibus
937 1707 993 1752 qui
1014 1707 1151 1752 penitius
1172 1713 1310 1743 norunt,
1339 1705 1381 1737 ita
1408 1700 1526 1741 sentio,
1552 1701 1682 1737 editoris
1705 1705 1737 1738 in
1753 1700 1930 1752 Iosephum

219 1756 462 1791 lucubrationes
477 1768 592 1803 parum
609 1753 725 1801 studii,
750 1765 782 1790 et
795 1755 908 1789 iudicii
924 1759 1042 1795 critici..
1069 1755 1150 1791 nihil
1173 1755 1252 1790 iusta
1275 1753 1488 1789 meditatione
1509 1754 1662 1802 elaborati
1684 1766 1760 1802 prae
1780 1751 1811 1789 se
1825 1753 1930 1791 ferre:

221 1809 331 1843 Vnam
347 1809 413 1843 eius
428 1820 540 1842 curam
556 1804 667 1846 fuisse,
695 1817 726 1841 vt
741 1804 906 1854 farragine
921 1818 1076 1842 notarum
1103 1817 1134 1842 et
1149 1806 1351 1847 libellorum,
1372 1807 1569 1840 inconcinne
1585 1818 1625 1840 ex
1642 1805 1824 1842 multorum
1847 1807 1930 1842 alio.

219 1862 295 1895 ium
309 1856 432 1906 scriptis
447 1857 603 1900 colledla,
630 1857 699 1893 duo
713 1858 857 1907 aequalia
872 1860 1023 1907 impleret
1039 1859 1227 1896 volumina,
1256 1856 1345 1905 quod
1369 1855 1436 1906 ipse
1457 1860 1488 1891 in
1511 1855 1646 1905 praefat.
1668 1855 1762 1893 fateri
1785 1870 1855 1893 non
1871 1856 1929 1894 du.

219 1912 316 1946 bitat:
343 1912 422 1959 quin
438 1919 469 1945 et
482 1909 512 1944 id
531 1907 684 1956 refugisse
698 1910 835 1950 laboris,
863 1921 894 1944 vt
915 1913 1057 1958 capitum
1075 1920 1105 1945 et
1120 1911 1400 1958 paragraphorum
1426 1921 1601 1954 numeros,
1624 1921 1707 1956 quos
1731 1909 1787 1944 alii
1811 1908 1850 1945 ad
1876 1923 1929 1946 ve.

218 1973 324 1998 terem
342 1971 372 1996 et
388 1963 421 1996 in
437 1963 574 2010 antiquis
591 1959 786 1996 editionibus
802 1972 970 2010 receptum
986 1962 1135 1997 ordinem
1153 1965 1180 1997 ei
1197 1964 1383 2001 citauerant‚
1405 1960 1444 1995 ad
1462 1957 1723 2001 Hudsoniarmm,
1748 1973 1847 2010 quam
1863 1959 1930 2009 ipse

217 2024 329 2049 tamen
347 2015 494 2053 retinuit,
520 2011 712 2047 diuisionem
728 2010 851 2059 semper
867 2013 1059 2058 refingeret:
1084 2015 1165 2048 vitiis
1190 2014 1434 2062 typographicis
1455 2025 1531 2059 prae
1551 2008 1764 2047 Hudsoniaua
1785 2012 1938 2048 macula:

216 2075 287 2100 tarn
302 2075 332 2099 et
345 2065 422 2099 hinc
437 2063 511 2098 inde
526 2066 656 2111 integris
671 2062 791 2099 omiffis
814 2066 1028 2100 commatibus
1052 2065 1193 2100 hiulcam
1213 2066 1404 2105 editionem,
1428 2065 1459 2097 in
1478 2060 1677 2105 vniuersum,
1704 2076 1788 2112 opus
1809 2062 1928 2100 dedisse

217 2115 491 2158 tumultuarium,
518 2115 607 2164 quod
628 2114 745 2149 nostris
770 2117 970 2161 temporibus
992 2117 1040 2152 nil
1064 2116 1171 2159 aliud,
1199 2128 1297 2164 quam
1312 2114 1519 2158 mercantile,
1542 2113 1690 2164 quaestus
1705 2112 1811 2151 caussa
1826 2113 1926 2153 susce-

214 2169 312 2217 ptum
332 2167 532 2215 bibliopolae
553 2166 738 2206 molimen,
774 2164 890 2201 fuiss-t.
1922 2164 1926 2167 ⁸

319 2220 414 2266 Ego,
443 2231 545 2265 quum
563 2222 626 2253 iam
644 2219 682 2252 ab
701 2231 741 2253 eo
766 2229 932 2266 tempore,
958 2233 1025 2267 quo
1051 2221 1193 2266 primum
1219 2217 1387 2254 docendae
1409 2218 1598 2266 theologiae
1621 2230 1739 2253 munus
1760 2221 1792 2254 in
1814 2218 1926 2256 acade-

216 2273 283 2306 mia
299 2272 398 2315 patria
414 2269 558 2309 adirem,
584 2269 624 2304 de
648 2269 796 2317 parandis
824 2272 987 2310 omnibus,
1017 2273 1128 2318 quibus
1155 2270 1293 2306 instructi
1322 2269 1446 2318 poffent
1470 2268 1593 2305 sacvius
1617 2281 1649 2304 et
1669 2270 1827 2306 liberalius
1844 2273 1926 2307 haec

214 2320 301 2358 satra
319 2321 417 2356 studia
434 2324 587 2362 tradiare,
613 2321 845 2370 tirones‘aeque
864 2336 899 2356 ac
916 2322 1055 2370 ωας-’Μ
1074 2323 1239 2370 theologi,
1266 2324 1364 2357 etiam
1381 2322 1421 2358 de
1436 2321 1621 2357 recudendo
1641 2319 1780 2370 losepho
1795 2324 1924 2367 Flauio,

215 2387 285 2407 uon
303 2384 369 2407 tam
384 2371 481 2408 facile
498 2374 616 2413 obuio,
643 2385 671 2407 et
691 2374 842 2419 parabili„
867 2376 1008 2418 cogitare
1027 2377 1121 2410 coe-,vi
1134 2401 1142 2409 .
1174 2374 1344 2409 Philonem
1362 2387 1491 2423 quoque
1507 2371 1616 2408 forsan
1634 2376 1751 2407 ite-rum
1769 2373 1921 2420 editurus,

214 2423 274 2464 nifi
297 2425 337 2461 cl.
361 2423 446 2474 apud
466 2422 678 2474 Erlangenses
700 2422 788 2474 prof.
809 2422 978 2461 k'feiffeius
999 2424 1180 2475 occupass‘et
1202 2425 1363 2463 laborem.
1425 2427 1503 2462 Hoc
1525 2428 1624 2462 etiam
1645 2420 1758 2461 titulo:
1791 2423 1921 2474 Iosephi

1821 2489 1921 2526 opera

1992 2385 1998 2411 ¹l

1991 2431 1999 2481 ἓ
