2049 2720
71 111 192 137 varix.
215 119 239 144 ρ.
255 108 391 141 ⁶25r626
749 109 909 144 SVIDAE
944 110 1099 146 AETAS.
1374 115 1445 151 Lib.
1460 116 1530 152 IV.
1551 130 1573 154 c.
1595 120 1675 157 XL.

1728 135 1786 169 393

63 202 148 238 ditos
170 205 316 238 nominis
338 203 521 239 Richardur
547 202 724 244 Bentleiur,
752 205 784 238 in
809 203 971 251 praeclara
997 202 1214 241 dissertatione
1236 205 1275 242 de
1298 207 1472 246 Phalaridis
1494 212 1653 261 epistolis,
1683 229 1714 264 p.
1733 229 1778 259 23.

62 255 150 304 [pag.
165 268 195 300 9.
218 254 268 291 ed.
292 258 468 304 Lennepii,
494 255 582 305 episi.
603 255 727 291 Phalar.
752 254 900 300 adiecla]
960 257 1123 292 Sententia
1147 260 1246 305 igitur
1268 259 1406 302 Wolfii‚
1441 265 1506 297 hoc
1529 261 1688 302 subdudto
1712 268 1778 303 tibi·

61 310 150 346 cine,
185 303 300 355 sponte
329 311 462 343 corruit.
542 307 624 348 Alii,
666 310 748 342 inter
782 320 864 356 qnos
895 306 940 342 cst
969 311 1016 341 vir
1049 307 1249 345 doclillimus
1283 313 1459 349 Gulielmm
1483 314 1584 358 Cane,
1626 319 1773 355 nostrum

59 369 211 405 vergente
232 360 296 393 iam
320 357 449 395 saeculo
467 360 504 393 Χ.
528 361 558 404 ²¹)
588 357 642 393 sub
664 359 779 394 R‘afilio
807 370 838 393 et
866 358 1083 394 Constantino
1113 358 1265 396 fratribus
1296 363 1406 400 vixiffe
1433 365 1582 403 censent:
1625 382 1685 417 pro
1711 384 1774 419 qua

4 445 9 448 ,
58 412 219 457 opinione
242 408 350 445 facere
376 410 518 451 videtur,
544 409 632 459 quod
662 411 775 445 Suidas
800 413 833 444 in
855 423 885 444 V.
908 405 1038 457 Ἀδάμ,
1073 411 1123 445 vbi
1145 411 1283 448 diuersas
1305 429 1470 452 annorum
1493 432 1581 455 aeras
1604 419 1669 456 siue
1694 436 1770 472 epo.

56 463 132 496 clzas
156 461 316 502 recenset,
344 462 599 510 chronologiam
623 461 776 510 perducat
795 475 893 509 vsque
917 461 955 496 ad
979 463 1105 497 obitum
1127 464 1256 499 Ioannis
1272 466 1447 508 zimiscae,
1473 474 1523 505 cui
1540 485 1628 508 anno
1646 475 1682 509 C.
1702 487 1770 521 975.

56 511 161 547 modo
185 512 262 547 dieti
282 512 414 548 Basilius
437 523 467 548 et
483 513 731 554 Constantinus,
755 511 887 553 fratres,
915 515 947 548 in
970 515 1108 560 imperio
1130 512 1355 554 succefferunt.
1409 522 1486 555 Huc
1503 523 1643 566 accedit,
1680 526 1770 574 quod

55 563 164 599 noster
189 567 221 599 in
244 569 271 600 v.
295 562 611 605 Kainon-ainokis
633 578 735 599 annos
757 579 774 599 a
797 564 930 599 condita
956 566 1054 600 CPoli
1080 578 1295 615 computans,
1333 573 1494 618 epocham
1517 587 1633 611 eorum
1659 580 1768 612 tesmi-

54 625 108 650 net
133 619 165 650 in
189 628 292 663 regno
316 617 418 652 Basilii
441 628 471 651 et
487 616 712 655 Constantini,
735 618 1153 663 Porphyrogennetorum‚
1182 628 1214 652 vt
1230 619 1289 654 illo
1305 630 1473 670 tempore,
1506 638 1573 672 quo
1596 641 1632 662 ea
1653 625 1767 664 scribe.

54 667 123 707 bat,
150 667 256 714 adhuc
278 671 518 716 imperantium.
571 671 663 703 Haec
680 666 752 702 sane
776 666 917 715 speciosa
941 666 1028 709 sunt,
1066 679 1097 703 et
1117 683 1227 704 veram
1253 671 1369 706 Suidae
1390 685 1526 710 aetatem
1553 677 1694 714 indicare
1722 684 1766 715 vi.

52 717 178 753 dentur.
232 718 293 753 Sed
318 719 338 753 li
363 733 403 754 ex
428 721 512 753 notis
534 718 596 753 illis
618 729 827 767 temporum,
854 733 936 767 quae
961 719 1059 754 hodie
1081 723 1113 754 in
1135 721 1252 757 Suidae
1278 724 1396 759 Lexico
1424 738 1619 769 occurrunt,
1656 729 1696 764 de
1717 745 1766 767 ae-

51 778 115 804 tate
135 771 203 805 eius
224 768 432 805 iudicandum
455 770 516 813 ess3
543 773 759 806 recentiorem
784 783 862 806 eum
888 774 996 819 vtique
1020 769 1080 806 effe
1106 784 1256 819 oportet:
1296 785 1427 822 vtpote,
1465 780 1520 826 qui
1545 793 1683 816 exeunte
1706 780 1765 818 sal-

51 830 117 855 tem
141 819 265 856 saeculo
281 823 333 857 XI.
354 822 406 857 vel
428 825 559 857 ineunte
576 823 646 858 XII.
670 820 724 856 sub
746 822 860 856 Alexio
884 824 1064 857 Comneno
1088 827 1212 860 vixerit.
1267 827 1375 865 Nam.
1402 828 1507 877 (quod
1524 844 1541 865 a
1560 835 1691 868 nemine
1709 834 1762 869 ad-

49 872 116 906 huc
139 871 343 908 obseruatum
366 871 426 907 effe
444 873 576 918 video)
603 876 635 907 in
652 887 678 908 ν,
696 872 851 921 funique,
875 887 904 910 ν.
921 875 1074 923 Δέρτρες,
1100 885 1131 909 et
1154 890 1184 912 v,
1201 874 1405 925 ίΗ’)ἠ’”ι·οςες.,
1438 880 1512 916 loca
1537 883 1694 930 quaedam
1721 898 1761 920 ex

50 925 156 962 Mich.
178 922 282 959 Psello
298 931 325 969 a)
349 924 574 961 adducuntur,
602 927 655 972 qui
681 922 734 958 sub
757 925 872 959 Alexio
895 928 1072 960 Comneno
1101 926 1230 968 floruit,
1259 931 1424 978 vitamque
1445 945 1544 980 vsque
1567 934 1605 968 ad
1632 938 1762 972 initium

49 972 165 1010 sacculi
184 976 253 1011 XII.
279 974 442 1024 produxit.
502 977 533 1009 Si
555 976 653 1022 igitur
674 973 739 1023 ipse
762 976 876 1010 Suidas
898 976 970 1010 loca
992 976 1049 1011 issa
1072 976 1161 1013 Pselli
1187 970 1305 1014 Lexico
1326 978 1384 1016 suo
1408 980 1554 1023 inseruit,
1588 986 1659 1034 post
1680 986 1763 1023 Psel-

49 1025 118 1061 lum
143 1029 249 1074 vtique
272 1024 381 1062 vixisse
408 1040 484 1061 eum
508 1037 660 1073 oportet:
690 1025 740 1061 sed
765 1037 837 1062 ante
862 1028 1085 1071 Euflathium‚
1113 1031 1233 1077 qnippe
1253 1035 1307 1079 qui
1333 1034 1454 1079 primus
1471 1038 1504 1069 in
1519 1043 1760 1077 commentario

48 1077 89 1113 ad
110 1079 299 1113 Homerum
325 1077 425 1113 nostri
452 1080 611 1112 meminit.
663 1080 755 1125 Vixit
777 1088 886 1113 autem
909 1079 1091 1114 Eustathius
1107 1081 1227 1127 exiguo
1242 1082 1312 1128 poss
1328 1081 1466 1119 Psessum
1485 1089 1675 1125 interuallo·
1705 1089 1760 1127 sub

48 1128 151 1165 finem
175 1132 334 1165 nimirum
358 1126 475 1164 saeculi
497 1127 703 1168 duodecimi,
737 1139 768 1164 et
792 1132 918 1164 initium
941 1130 1059 1165 decimi
1083 1133 1178 1167 tertii.
1239 1132 1302 1168 Sed
1324 1134 1414 1182 quod
1435 1136 1474 1171 ad
1498 1139 1571 1173 loca
1593 1140 1647 1176 illa
1668 1119 1760 1179 l'selli

48 1180 189 1222 adtinet3
227 1180 364 1215 dubium
383 1194 451 1216 non
476 1180 539 1222 est,
577 1182 656 1229 quin
683 1194 701 1215 a
727 1182 956 1215 recentioribus
987 1183 1106 1217 Lexico
1130 1181 1247 1218 Suidae
1268 1184 1375 1220 addita
1396 1185 1477 1229 fint3
1520 1188 1617 1238 idque
1640 1194 1694 1239 [if]
1720 1194 1760 1230 de

46 1232 123 1267 loco
146 1234 255 1281 primo
273 1234 323 1276 Ρ),
356 1235 411 1280 qui
431 1231 599 1267 adducitur
623 1234 654 1266 in
673 1244 700 1265 v.
724 1230 880 1282 Γηώρας,
917 1231 1069 1269 audacter
1084 1234 1251 1269 affirmare
1266 1235 1387 1279 aufim3
1414 1242 1535 1288 quippe
1549 1254 1646 1288 quem
1661 1247 1758 1283 MSS.

47 1281 141 1319 Paris.
163 1296 233 1318 non
254 1280 444 1332 agnoscunt.
498 1285 530 1318 Si
552 1285 648 1331 igitur
673 1296 733 1318 nec
758 1297 797 1319 ex
820 1285 883 1318 hac
901 1294 980 1318 nota
996 1288 1154 1333 temporis
1169 1295 1253 1321 aetas
1267 1287 1385 1323 Suidae
1400 1290 1512 1339 colligi
1529 1293 1652 1339 potess3
1679 1297 1757 1345 quid

46 1334 176 1371 tandem
199 1337 260 1370 hac
279 1333 319 1370 de
339 1347 374 1369 re
395 1333 599 1369 statuendum
623 1333 676 1376 fit,
704 1345 835 1384 quaeret
851 1335 978 1370 Lector.
1029 1336 1214 1385 Equidem,
1242 1350 1303 1373 nos
1320 1341 1361 1374 ita
1377 1339 1569 1378 censemus:
1595 1347 1755 1386 incertum

44 1385 178 1436 quidem
201 1384 280 1429 effe,
318 1398 386 1436 quo
407 1396 556 1436 ternpore
577 1398 669 1422 verus
694 1385 830 1428 Suidas‚
867 1384 934 1422 flue
954 1389 1079 1437 primus
1100 1389 1211 1424 Lexici
1235 1390 1334 1426 huius
1363 1394 1480 1430 audior
1502 1397 1635 1442 vixerit3
1677 1403 1756 1435 anti.

1605 1451 1754 1497 quiorem

918 1530 987 1559 hinc
1003 1529 1121 1560 videtur
1136 1533 1226 1562 tacite
1241 1533 1322 1563 fimul
1338 1534 1497 1575 professus,
1529 1546 1622 1569 cetera
1641 1539 1703 1571 loca
1720 1553 1754 1574 ex

44 1529 182 1564 λεγοντα
194 1527 366 1570 μεταφρῶσα
381 1532 415 1566 τῇ
431 1528 465 1558 εἷς
479 1527 511 1557 τδ
528 1527 672 1568 μαρτύριον
688 1530 722 1557 τέ
735 1526 801 1564 οἷγῖε
821 1533 876 1559 Λε-

919 1572 1011 1602 Psello
1025 1573 1147 1603 adducta
1162 1576 1193 1604 in
1210 1575 1356 1607 codicibus
1372 1577 1429 1607 illis
1443 1582 1604 1618 contineri,
1627 1594 1754 1624 quorum

42 1573 127 1601 ηανξ.
171 1574 246 1602 Bene
260 1573 393 1603 obseruat
409 1571 569 1605 Bentleius‚
590 1573 743 1611 μακαρίτην
756 1584 771 1602 a
787 1575 876 1602 Grac-

43 1617 82 1645 cis
98 1615 171 1650 dici,
192 1617 242 1656 qui
259 1615 307 1645 vel
331 1615 462 1657 ipsorum
478 1617 638 1651 memoria,
661 1614 709 1645 vel
727 1626 785 1645 non
801 1615 875 1646 adeo

44 1657 94 1688 diu
109 1666 176 1688 ante
193 1657 317 1688 obiisset.

84 1702 122 1739 n)
147 1703 291 1738 Vergente
309 1699 421 1731 saeculo
440 1701 488 1731 XI.
510 1699 565 1735 suh
583 1699 685 1730 Alexio
708 1701 874 1736 Comneno,

45 1743 162 1785 Vofflus
177 1742 228 1775 lib.
243 1753 269 1774 2.
286 1743 322 1773 de
336 1744 525 1775 hist,Graecis
540 1752 601 1783 cap.
612 1747 658 1772 26.
683 1742 777 1773 Fabr.
803 1758 806 1760 Δ
821 1745 873 1772 Ea-

43 1786 110 1815 dem
123 1785 262 1815 sententia
278 1789 369 1815 Henr.
392 1786 494 1815 Valefii
517 1788 546 1815 in
573 1785 661 1825 praef.
682 1785 718 1815 ad
738 1793 873 1826 excerpta

46 1838 81 1857 ex
99 1827 285 1858 colleflaneis
297 1829 476 1859 Constantini
490 1830 622 1867 imperat.
647 1827 756 1858 Hrum.

86 1875 117 1905 ο)
139 1874 335 1911 Qaecunque
350 1868 431 1909 ῥήσεις
452 1872 481 1900 in
497 1870 601 1899 Suidae
617 1871 723 1898 L'exico
734 1891 743 1904 ,
771 1869 873 1898 addito

5 1915 7 1940 ἱ
43 1911 126 1944 Pselli
142 1916 273 1948 nomine,
297 1913 450 1951 leguntur,
474 1923 520 1942 eas
534 1922 647 1945 onmeS,
670 1913 804 1941 Kiisterus
821 1912 873 1941 ob-

5 1956 7 1978 ¹=
42 1956 187 1992 seruauit,
209 1958 311 1996 petitas
324 1955 381 1985 ess'e
404 1966 438 1985 ex
455 1954 605 1984 Michaelis
630 1953 711 1983 Pselli
729 1953 805 1983 libro
831 1957 874 1984 in-

42 1999 134 2035 edito,
155 1998 260 2028 multas
274 1997 378 2037 glossas
393 2008 538 2038 vocesque
553 1996 687 2026 obscuras
702 1996 875 2036 explicante,

44 2044 94 2083 qui
118 2044 148 2071 in
175 2040 312 2071 biblioth.
341 2043 417 2078 regis
441 2040 671 2071 christianiffimi
700 2041 789 2069 exstat
811 2039 875 2069 cod.

8 2098 9 2123 i
44 2085 330 2116 MDCCCXXXVII.
346 2083 396 2113 fol.
418 2090 478 2119 184.
500 2084 555 2112 hoc
570 2082 673 2112 titulo:
697 2084 801 2110 Ψέλλε
818 2081 875 2110 σύν-

45 2128 100 2166 οψις
121 2125 164 2156 δαὶ
185 2129 269 2162 §lxm
282 2128 374 2163 σαφῖὖν
387 2125 433 2162 βίᾳ)
448 2127 607 2160 πολιτικῶν,
635 2125 696 2164 “³⁶¹¹
715 2126 804 2153 πασῶν
825 2126 876 2153 τίὲν

8 2163 11 2210 ἶ
45 2171 194 2206 {ms-mugit,
218 2171 341 2204 γενομένη
357 2167 419 2207 πρδς
435 2167 481 2196 τίν
495 2167 669 2202 εὗσεβέςοιτον
687 2169 810 2202 βασιλέα
831 2166 874 2196 mi-

41 2226 94 2253 μον
117 2211 243 2248 Μιχαῆλ
266 2210 310 2240 τᾶν
333 2210 424 2240 Aiacem
444 2214 474 2239 ἐκ
496 2209 693 2248 “pecuina-uros
715 2212 750 2239 τΞ
774 2209 875 2250 ‚turpes

43 2257 113 2285 2:513
127 2256 172 2294 ιρι)
187 2257 329 2290 βασιλέως,
373 2253 498 2284 Michael
510 2257 614 2289 Ducas,
625 2255 804 2284 Constantini
813 2256 873 2284 Du-

11 2302 12 2305 ’
43 2310 92 2329 cae
110 2301 137 2329 F.
154 2301 313 2339 imperator
331 2297 387 2327 fuit
402 2298 437 2326 ab
454 2300 485 2326 A.
502 2307 576 2333 ¹07¹·
598 2296 635 2326 ad
652 2302 730 2332 1078.

80 2343 119 2382 p)
143 2343 290 2378 Qoniam
310 2341 444 2370 Kiisterus
460 2342 586 2381 primuni
610 2337 812 2368 tantummodo
828 2337 872 2368 lo-

43 2395 107 2415 cum
129 2395 189 2414 non
211 2383 327 2422 agnosci
351 2394 368 2414 a
390 2385 469 2418 MSS.
494 2382 696 2414 Parifienfibus
727 2380 873 2418 obferunt,

47 2450 50 2457 =
76 2435 156 2466 -νοι,
173 2435 234 2467 VJ.

14 2486 15 2496 i

13 2506 15 2521 i

918 1626 1010 1644 vnum
1033 1626 1177 1646 annorum
1205 1617 1303 1648 saltem
1330 1622 1555 1660 quingentorum
1586 1628 1755 1660 vetustatem

918 1658 1026 1687 habere
1042 1658 1117 1688 infra
1142 1658 1228 1698 §.16.
1252 1673 1311 1692 non
1327 1662 1476 1696 diffitetur.
1531 1669 1631 1708 Itaque
1654 1681 1753 1702 verani

917 1710 989 1741 puto
1004 1700 1123 1731 illorum
1140 1702 1326 1739 sententiam,
1347 1708 1399 1746 qui
1415 1708 1553 1743 statuant,
1575 1721 1610 1741 ex
1625 1712 1707 1743 Pselli
1720 1714 1755 1745 li-

917 1744 971 1773 bro
987 1744 1103 1774 Suidam
1120 1744 1213 1785 ipsum
1229 1747 1370 1787 quaedam
1385 1751 1415 1778 in
1426 1742 1557 1782 chicoii
1567 1753 1649 1784 suum
1663 1764 1753 1787 trans.

918 1785 1030 1822 tulisse,
1054 1795 1082 1816 ct
1102 1786 1153 1817 sub
1175 1788 1276 1818 Alexio
1298 1792 1467 1826 Conmeno,
1496 1802 1527 1823 vt
1549 1795 1643 1825 visum
1665 1801 1752 1830 etiam

917 1829 1028 1863 Vossio,
1051 1831 1125 1858 circa
1141 1829 1304 1861 saeculixl.
1323 1841 1486 1863 extremum
1504 1837 1641 1868 floruisse.
1658 1841 1744 1872 Fabr

918 1869 1115 1910 Hambcrger
1130 1873 1174 1900 in:
1196 1873 1313 1904 Zuverl.
1331 1877 1442 1906 Nachr.
1461 1880 1512 1906 lv.
1527 1890 1590 1919 pag.
1609 1888 1664 1917 185.
1686 1867 1752 1915 cuni

922 1912 1042 1942 Oudino
1060 1923 1215 1944 comment.
1234 1915 1269 1944 de
1294 1918 1319 1945 S.
1335 1919 1362 1946 S.
1379 1920 1408 1946 Ε.
1442 1927 1513 1950 tom.
1528 1923 1566 1952 11.
1589 1934 1654 1963 pag,
1671 1936 1740 1963 1454

918 1955 1017 1984 medio
1039 1955 1151 1985 saeculo
1165 1959 1228 1988 XII.
1253 1958 1359 1997 adligat
1375 1961 1479 1991 Suidae
1500 1972 1642 2002 aetatem,
1671 1952 1751 2009 quod

917 2000 985 2027 citet
1000 1997 1064 2027 loca
1079 1999 1220 2038 quaedam
1238 2003 1325 2031 Mich.
1340 2002 1421 2033 Pselli
1443 2016 1474 2033 ac
1495 2007 1636 2039 Simeonis
1659 2013 1750 2043 Meta.

919 2040 1057 2080 phrastis3
1079 2050 1179 2071 contra
1195 2043 1231 2077 ab
1253 2045 1400 2075 Eustathio
1421 2048 1668 2082 Theffalonicenfi
1688 2054 1749 2085 lau-

917 2083 1011 2132 detur.
1048 2083 1285 2120 Saxz‘ustame11,
1302 2089 1365 2127 (qui
1380 2088 1477 2129 plures
1493 2089 1749 2136 laudatVV.DD.)

917 2136 947 2154 m
972 2128 1113 2173 onomast.
1136 2126 1179 2157 lit.
1194 2130 1230 2157 Π.
1252 2139 1315 2169 pag.
1337 2139 1393 2165 154.
1418 2132 1567 2165 subscribit
1589 2137 1748 2171 sententiae

919 2167 1025 2207 Paga,
1044 2171 1095 2208 qui
1109 2171 1137 2198 in
1152 2172 1258 2200 Critica
1268 2173 1430 2203 Baroniana
1444 2176 1479 2204 ad
1494 2187 1519 2207 a.
1531 2187 1591 2214 975.
1608 2191 1652 2210 nr.
1670 2184 1745 2215 XIX.

915 2209 972 2240 hoc
989 2216 1117 2261 tempore
1127 2233 1135 2246 ‚
1153 2214 1253 2257 ¹inquit
1262 2234 1271 2248 ‚
1285 2215 1420 2257 floruisse
1433 2219 1556 2249 videtur
1568 2221 1684 2254 Suidas
1704 2243 1747 2249 —

917 2262 987 2283 voce
1002 2255 1077 2283 enim
1101 2252 1185 2290 Αδαμ
1200 2256 1337 2298 diuezsas
1350 2268 1500 2290 annorum
1519 2261 1654 2304 summas
1669 2269 1746 2299 colli-

914 2305 991 2335 gens
1007 2299 1259 2335 computationem
1265 2300 1356 2340 suam
1365 2303 1512 2334 terminat
1519 2307 1548 2335 in
1558 2307 1643 2338 obitu
1653 2310 1745 2341 Ioan-

915 2338 1135 2412 Zziemiscin
1158 2342 1315 2382 imperat„
1337 2343 1391 2375 hoc
1412 2355 1492 2391 armo
1514 2354 1611 2381 morte
1616 2350 1746 2392 sublati.

1077 2424 1170 2461 Ddd
