2049 2720
109 93 215 150 voloc.
230 93 369 127 P·22P²³
811 90 1085 131 DEPERDITAE
1436 95 1510 131 Lib·
1526 96 1572 134 V.
1595 110 1620 134 c.
1637 97 1717 135 XL.
1767 102 1827 136 601

93 188 288 223 —maximam
316 197 441 235 partem
473 189 645 236 petitarum
679 198 719 221 ex
744 183 860 221 codice
884 186 1056 229 Gudiarm,
1104 187 1160 235 qui
1188 186 1425 236 Guelpherbyti
1460 193 1493 227 in
1527 188 1666 228 sereniss.
1693 195 1826 230 Ducum

107 236 284 274 Brunsuico
302 258 353 266 —
380 236 623 288 Liineburgens.
647 238 792 273 biblioth.
808 235 1004 276 adseruntur.
1057 240 1232 286 Gottingae
1256 245 1339 285 1765.
1356 252 1388 283 4.
1411 255 1474 278 rec.
1495 245 1528 278 in
1556 244 1631 279 bibl.
1661 246 1826 281 Bremenfi

105 303 194 326 noua
214 288 298 337 class.
324 291 380 326 Vl.
409 289 550 326 fascicul.
581 304 604 326 1.
633 292 767 325 Bremae
800 301 832 325 et
853 289 988 328 Amssel.
1018 293 1109 334 1766.
1123 298 1152 331 8.
1180 304 1254 339 pag.
1276 303 1336 334 133.
1359 290 1426 343 sqq.
1461 296 1558 344 Atqui
1591 308 1691 345 quam
1719 297 1825 332 multa

100 342 330 391 Etymologici
360 345 411 379 M.
440 342 511 379 loca
533 352 648 390 egeant
668 340 848 383 medicina,
874 351 927 376 aut
947 341 1086 377 meliore
1112 342 1327 388 explicatione
1349 354 1444 394 atque
1465 345 1697 390 illustratione,
1728 347 1826 385 dodie

19 400 35 425 Ἰ
102 392 300 442 copioseque
324 392 560 430 demonstrauit
581 396 629 429 vir
652 392 787 443 quidam
808 392 922 427 doctus
947 395 982 428 in
1002 390 1133 440 specim.
1158 391 1236 429 obss.
1261 396 1295 430 in
1319 396 1468 440 Etymol.
1489 399 1542 434 Μ.
1568 401 1755 441 auctorem,
1788 403 1823 435 in

103 441 182 480 obss.
207 443 342 481 miscell.
359 445 427 482 vol.
445 450 470 482 1.
494 455 574 494 part.
591 445 648 481 111.
679 458 754 494 pag.
777 456 939 488 413-420.
959 444 1026 479 vol.
1044 445 1083 479 Π.
1105 453 1188 481 tom.
1212 447 1234 481 1.
1251 458 1324 494 pag.
1346 457 1494 494 ¹¹8·¹25·
1520 460 1604 487 tom.
1629 454 1667 486 11.
1699 464 1730 499 p.
1746 458 1823 497 289-

18 482 19 487 1
37 482 40 488 ’
85 508 172 542 ‚295.
193 496 260 533 vol.
275 497 334 531 111.
362 507 442 532 tom.
460 498 499 531 11.
523 509 597 546 pag.
614 500 780 552 26]-270.
803 506 835 531 et
856 495 922 531 vol.
939 498 996 532 lv.
1024 506 1107 532 tom.
1123 498 1146 531 1.
1164 509 1239 544 pag.
1254 509 1329 540 142-
1343 507 1408 542 ¹48.
1443 501 1502 536 Vir
1518 501 1573 536 ille
1589 501 1703 539 doctus
1718 515 1823 551 quum

99 558 228 592 tantum
253 560 345 583 voce.
368 548 494 585 litterae
517 550 554 583 A
574 551 788 596 perlequutus
817 544 910 583 effet:
950 546 1027 583 inde
1052 547 1209 595 cognosci
1240 547 1362 596 potest,
1401 563 1521 600 quanta
1555 551 1688 602 supersit
1716 553 1823 589 mestis

99 597 389 640 emendationum,
417 603 451 635 in
474 609 546 635 toto
561 612 660 649 opere
683 597 921 635 faciendarum.
968 601 1016 634 Ita
1039 611 1171 649 quoque
1196 600 1422 649 Etymologus
1444 603 1559 650 paffim
1581 619 1598 640 a
1615 608 1692 640 viris
1715 606 1821 643 docus

99 649 293 686 emendatur
314 662 370 686 aut
393 650 594 700 explicatur3
621 664 648 686 e.
670 663 702 698 g.
727 663 827 698 quarn
858 650 1009 699 plurimis
1040 650 1121 686 locis
1156 652 1191 685 in
1218 654 1305 686 notis
1335 653 1375 688 ad
1411 652 1637 699 Hesychium,
1663 672 1680 692 a
1701 659 1821 692 Koenio

95 700 137 736 ad
160 703 360 750 Gregorium
387 703 588 737 Corinthum
609 701 649 735 de
675 700 838 742 dialectis,
868 704 903 737 in
928 704 1014 737 notis
1037 701 1077 737 ad
1099 703 1168 737 Th.
1184 703 1389 750 Magistrum
1405 704 1455 740 ed.
1475 704 1665 751 Blancardi,
1686 723 1704 743 a
1724 709 1818 745 Pier-

85 752 182 800 'me'o
209 752 250 788 ad
273 755 431 796 Moerin,
457 767 474 787 a
500 753 540 788 V
538 752 635 788 alken.
660 752 701 788 ad
733 753 910 787 Theocriti
932 754 972 789 X.
1004 753 1158 800 eidyllia,
1208 753 1246 788 ad
1277 755 1441 802 Euripidis
1465 756 1648 793 Phoenissas
1673 770 1704 794 et
1736 761 1821 808 Hip-

37 832 41 833 ⁷
96 803 250 853 polytum
275 814 371 852 atque
395 804 435 839 ad
458 803 688 844 Herodotum,
714 804 753 839 ab
774 803 1005 853 Hemstcrlzufio
1019 805 1154 853 aliisque
1177 804 1216 840 ad
1238 806 1381 841 Pollucis
1407 808 1609 844 Onomafflc.
1642 825 1660 844 a
1677 812 1819 846 Bentleio

97 857 133 890 in
154 855 289 904 epistola
317 855 358 891 ad
374 856 540 895 Millium,
572 869 590 890 a
614 855 738 900 Toupio
757 857 790 888 in
816 854 992 892 emendatr.
1012 855 1052 892 ad
1074 855 1209 892 Suidam
1224 868 1255 892 et
1275 855 1422 902 Hesych,
1443 874 1460 894 a
1483 861 1671 907 bVakefield
1685 864 1717 897 in
1740 861 1819 897 filua
1888 881 1890 884 v

16 902 17 909 ¹
82 909 228 950 critica,
254 917 337 955 part.
356 910 382 942 1.
398 919 431 943 et
456 909 495 942 11.
518 907 557 942 ab
581 906 778 952 Abrcscln'o,
801 906 964 950 Relandm
999 908 1127 955 Ernesti
1155 907 1291 957 aliisque
1320 910 1494 957 permultis
1516 921 1584 947 tarn
1611 915 1644 947 in
1671 916 1758 948 notis
1776 912 1820 948 ad

96 959 244 994 auctores
271 957 435 1002 clafficos,
471 970 570 1008 quam
590 959 624 993 in
645 957 735 994 libris
760 955 929 995 obseruatt.
945 958 1247 1006 Emendationum‚
1282 960 1416 1011 aliisque
1443 964 1510 998 eius
1531 966 1673 1012 generis.
1700 965 1799 1000 Harl.

513 1065 587 1102 Vn.
615 1066 905 1115 Etymologica
933 1069 1078 1104 Graeca
1104 1069 1335 1115 deperdita.
1363 1072 1400 1117 ²)

16 1154 17 1161 ¹
95 1143 360 1190 [Andromachus
379 1146 410 1181 ἐν
431 1141 705 1190 Ἐτυμολογικοῖς
718 1145 833 1178 citatur
848 1146 880 1179 in
902 1141 1036 1181 scholiis
1049 1155 1082 1182 et
1096 1145 1279 1181 minoribus
1302 1156 1335 1182 et
1355 1148 1489 1183 Venetis
1508 1147 1548 1184 ad
1567 1150 1700 1184 Homer.
1724 1146 1819 1184 Iliad.

198 1191 251 1234 N‘.
275 1208 356 1231 vers,
380 1207 447 1237 ¹30.
488 1195 632 1243 Qando
656 1208 734 1230 vero
757 1195 877 1245 Corfin.
902 1199 935 1231 in
958 1195 1043 1231 fastis
1064 1198 1152 1232 attic.
1170 1209 1194 1232 1.
1218 1195 1287 1232 dissl
1306 1202 1362 1234 VI.
1385 1212 1462 1248 pag.
1479 1203 1552 1242 386.
1574 1214 1615 1236 ex
1637 1213 1698 1240 eo,
1730 1198 1821 1247 quod

197 1246 314 1289 verba,
345 1260 365 1280 a
386 1244 556 1281 scholiaste
575 1255 779 1289 memorata,
814 1250 993 1283 conuenire
1009 1247 1160 1283 videntur
1180 1261 1258 1283 cum
1279 1251 1338 1288 iis,
1372 1263 1455 1299 quae
1474 1252 1513 1286 ab
1526 1253 1659 1287 amstore
1677 1252 1820 1295 Etymo-

194 1296 297 1345 logici
318 1298 353 1332 in
377 1310 408 1332 v.
426 1296 664 1346 προθέλυμνα
679 1294 794 1345 scripta
817 1296 907 1337 sunt,
933 1298 1080 1347 colligit,
1107 1298 1381 1335 Andromachum
1405 1301 1501 1336 illum
1519 1301 1622 1338 videri
1646 1303 1818 1338 audlorem

192 1346 290 1384 fuisse
316 1348 547 1396 Etymologici
569 1348 644 1389 M„
675 1359 909 1398 argumentum
930 1349 975 1386 est
996 1348 1091 1386 valde
1111 1350 1296 1392 lubricum,
1336 1354 1412 1400 quia
1439 1364 1470 1389 et
1499 1355 1596 1389 verba
1628 1351 1696 1401 ipsa
1727 1353 1816 1389 haud

192 1400 292 1449 plane
312 1399 426 1435 eadem
446 1396 538 1440 sunt,
571 1409 602 1434 et
625 1412 726 1440 vero,
752 1414 855 1449 quum
876 1401 972 1450 plura
996 1413 1040 1438 eo
1063 1411 1212 1451 tempore
1227 1404 1294 1438 iam
1314 1403 1500 1440 exstitissent
1521 1404 1624 1439 lexica
1648 1405 1815 1448 etymolo-

190 1452 287 1498 gica,
309 1449 406 1486 facile
425 1452 497 1486 fieri
518 1453 645 1497 potuit,
671 1462 704 1486 vt
725 1462 860 1501 vterque
880 1465 919 1487 ex
943 1455 1115 1488 communi
1138 1455 1282 1489 hauriret
1302 1451 1417 1496 sonte,
1445 1465 1518 1497 aut,
1545 1458 1588 1490 vri
1600 1454 1728 1491 Corfin.
1746 1454 1813 1505 ipse

194 1500 306 1542 sentit,
333 1501 384 1538 vel
408 1499 658 1537 Andromachus
672 1503 874 1551 Etymologi
901 1503 1000 1538 nostri
1023 1503 1076 1538 vel
1105 1504 1331 1553 Etymologus
1362 1504 1427 1555 ipse
1459 1506 1686 1542 Andromachi
1717 1508 1815 1542 verba

192 1550 441 1589 transscriberet.
492 1553 544 1587 Ex
572 1552 632 1588 illo
662 1556 762 1602 igitur
785 1554 892 1589 indice
907 1554 1028 1604 illaque
1041 1552 1222 1604 suspicione
1239 1567 1323 1592 aetas
1339 1570 1446 1607 neque
1458 1557 1676 1607 Etymologi,
1706 1571 1814 1608 neque

190 1603 370 1641 scholiassis
391 1613 478 1640 certa
500 1603 606 1653 potest
629 1604 769 1643 definiri.
797 1605 911 1652 Harl]

90 1672 294 1721 Apollodori,
318 1668 531 1728 AtlienienfiS,
553 1671 629 1721 περὶ
643 1673 871 1721 ἐτυμολογιῶν
888 1681 1054 1708 memorat
1069 1671 1254 1708 Athenaeus
1270 1672 1324 1709 lib.
1342 1670 1377 1709 2.¹
1389 1688 1422 1723 p.
1441 1678 1489 1719 63.
1515 1685 1547 1712 et
1561 1675 1615 1716 lib,
1632 1690 1672 1723 15-
1693 1691 1725 1726 p.
1742 1685 1813 1721 483,

92 1741 253 1777 Demetrii
273 1740 398 1774 Ixionis
418 1735 703 1786 ἐτυμολογέμενοι
729 1738 817 1774 idem
840 1740 1026 1775 Athenaeus
1046 1751 1122 1787 pag,
1144 1750 1197 1783 50.
1221 1749 1252 1775 et
1280 1752 1332 1784 74.
1378 1744 1536 1778 Ceterum
1559 1741 1682 1778 fallitur
1704 1747 1814 1779 Maus-

191 1790 300 1831 sacuS,
327 1792 382 1837 qui
404 1792 438 1824 in
461 1788 532 1824 diss.
555 1793 663 1824 critica
686 1803 717 1836 p.
739 1796 811 1832 384,
833 1800 944 1838 putat,
984 1792 1114 1824 Ixionis
1134 1801 1168 1825 et
1192 1791 1362 1832 Dolionis,
1390 1795 1466 1841 (pro
1489 1807 1556 1842 quo
1580 1798 1718 1830 nomine
1739 1798 1814 1831 Ori-

193 1855 297 1878 onem
313 1840 422 1888 legete
438 1837 574 1886 suadet,)
589 1840 688 1875 libros
697 1839 736 1874 de
752 1841 966 1888 etymologiis
980 1843 1159 1876 memorari
1169 1841 1208 1875 ab
1215 1842 1426 1892 Etymologo
1441 1846 1474 1879 in
1485 1842 1646 1891 Ἀμφίων.
1671 1849 1757 1882 Nam
1772 1860 1813 1882 ex

191 1889 426 1981 Choerobgsco
451 1890 686 1926 tantummodo
711 1889 848 1941 scriptor
871 1893 933 1958 ille?
945 1901 1057 1933 notat,
1085 1904 1203 1927 vocem
1219 1889 1371 1941 Ἀμῷίων
1387 1893 1534 1931 fimiliter
1551 1894 1748 1939 formatam,
1777 1910 1812 1934 vt

92 1943 482 2040 oringiffmhlleitaniiilffii}
504 1994 581 2042 περὶ
601 1996 843 2043 ἐτυμολογίας.
885 1992 973 2030 Suid.
996 1995 1094 2029 Fahr.
1119 1991 1207 2030 conf.
1229 1994 1270 2031 ad
1290 2009 1360 2046 cap.
1379 2010 1412 2042 7.
1445 1996 1541 2048 supra
1572 1998 1614 2035 de
1644 2012 1811 2049 gramina-

195 2052 264 2085 tieis
278 2047 404 2082 ineditis
430 2048 462 2081 h.
478 2059 506 2080 v.
523 2047 623 2081 Harl.

92 2105 205 2144 Orus,
229 2099 409 2135 Thebanus
425 2097 667 2146 Etymologus‚
698 2099 814 2133 citatur
833 2099 867 2132 in
883 2095 1123 2146 Etymologico
1138 2109 1263 2146 magno
1286 2111 1315 2133 v.
1330 2096 1529 2150 Ἀβαρνίδα,
1557 2100 1640 2136 adde
1654 2099 1809 2139 eumdem

91 2154 534 2252 Pampssfsspssffgssggfflae,
559 2201 787 2248 ἐτυμολογιῶν
803 2195 962 2238 οἱπᾶὃοσιν
984 2210 1151 2236 memorat
1169 2199 1292 2240 Suidas,
1318 2202 1416 2235 Fabr.
1445 2200 1534 2238 cons,
1552 2200 1665 2253 supra,
1692 2217 1719 2240 c.
1737 2205 1809 2239 VII.

194 2259 230 2292 in
251 2253 401 2302 catalogo
424 2254 719 2300 grammaticorum
742 2264 848 2300 graec.
864 2253 898 2287 h.
915 2264 945 2286 v.
962 2260 992 2286 et
1016 2252 1138 2288 Eudoc.
1160 2265 1235 2302 pag.
1256 2265 1317 2299 357.
1336 2254 1438 2301 ¹Harl.

137 2360 173 2395 z)
196 2354 306 2387 Confer
325 2353 478 2387 Wouwer.
493 2353 528 2384 de
542 2353 725 2389 Polymathia
741 2354 862 2394 cap.1X.
878 2364 907 2395 p.
921 2361 962 2391 7¹.
979 2352 1039 2394 sqq.
1061 2354 1174 2395 Lipsiae
1191 2357 1275 2392 1667.
1294 2359 1319 2389 8.
1348 2353 1441 2385 Harl.
1658 2306 1812 2355 Demque

142 2410 211 2442 701.
231 2406 287 2438 VJ.
1140 2399 1197 2446 Gg
1208 2410 1259 2446 gg
