2049 2720
99 105 424 151 voi.1x.p.7‹›61r·323
739 103 800 139 DE
824 104 980 154 Qlssvs
1008 106 1175 143 SVIDAS.
1432 106 1505 146 Lib.
1518 107 1566 145 V.
1586 122 1609 145 c.
1626 110 1703 146 XL.
1756 122 1810 157 535

99 200 247 242 studius,
274 197 435 244 dynasta,
452 199 506 248 qui
526 195 768 234 celeberrimum
785 197 864 234 illud
879 199 1112 237 monasterium
1134 200 1276 248 (CPoli)
1297 198 1451 238 condidit.
1510 203 1583 238 Fuit
1604 203 1685 239 olim
1701 202 1809 240 'eccle-

196 250 240 287 fia
265 251 531 292 catholicorum,
558 248 667 298 postea
687 259 848 285 mutatum
873 250 917 286 est
932 255 965 286 in
980 251 1223 289 monasterium.
1275 252 1365 288 Idem
1382 252 1512 290 Studius
1527 257 1674 304 princeps
1691 255 1807 293 aedem

193 303 399 351 archangeli,
418 301 608 344 Michaelis,
630 300 786 338 Nacoliae
808 302 972 345 condidit,
998 305 1032 338 in
1055 317 1153 352 quem
1168 315 1199 340 et
1215 303 1319 340 versus
1333 307 1456 342 heroici
1466 304 1640 353 feruntur:

465 376 578 407 Στὲδιος
599 371 706 414 u'yxm'i
729 375 794 407 oi‘uw
816 376 960 417 ἐδείματο,
986 380 1165 418 καρπαλίμως
1187 379 1216 409 δὲ

454 424 510 459 Ἷὶν
531 428 638 466 κοίμεν,
672 427 767 470 εἷῖρσετο
786 428 908 466 μισθδν,
937 428 1003 459 ἑλῶν
1026 428 1160 462 §rexi-712⁴&
1180 429 1289 470 ῥάβδον.

92 498 277 539 Suetonius,
300 490 519 543 (Σευητένιος)
537 498 638 534 dictus
652 498 878 548 Tranquillus,
902 502 1129 547 grammaticus
1145 501 1327 538 Romanum

92 551 308 599 Superianus‚
341 548 491 598 sophista,
516 563 635 598 genere
652 548 792 593 isaurus,
818 551 975 586 Lachiaris
1001 549 1192 599 discipulus,
1225 550 1430 600 ὁψιμαθῆς,
1461 556 1514 603 qui
1538 566 1640 590 annos
1664 550 1807 602 ampliu&

193 603 322 649 triginta
344 613 437 636 natus
459 600 593 636 demum
618 605 724 650 coepit
747 611 916 638 oratorum
938 602 1037 637 libros
1056 602 1165 650 legere
1183 613 1213 638 et
1235 603 1274 639 ad
1299 604 1475 653 disciplinas
1495 605 1638 640 liberales
1654 607 1802 640 animum

193 651 348 694 adiicere,
389 664 497 688 tamen
517 653 626 688 labore
649 654 802 701 improbo
823 664 855 688 et
876 653 983 701 flagris
1004 656 1120 696 etiam,
1161 655 1275 703 quibus'
1299 653 1329 691 se
1350 655 1415 705 ipse
1442 658 1476 691 in
1506 656 1624 691 balneis
1648 654 1801 695 concidit,

188 716 225 737 ea
247 702 394 742 edidicit,
421 716 503 750 quae
527 717 544 737 a
565 706 671 751 pueris
693 703 835 751 magistri
858 708 999 752 exigunt.
1057 706 1166 753 Itaque
1189 708 1222 740 in
1248 706 1364 742 celebri
1384 709 1586 742 Athenarum
1608 708 1682 741 vrbe
1703 704 1801 741 euasit

186 751 345 801 sophista,
373 755 514 788 Lachare
537 754 641 801 gloria
662 767 732 789 non
751 756 857 790 multo
879 754 1026 790 inferior.
1081 755 1168 791 Nam
1192 755 1278 797 scio,
1307 768 1338 793 et
1361 759 1532 793 Lacharem
1555 756 1729 806 sophistam
1753 754 1799 791 fa-

176 805 277 847 (tum
300 803 464 853 diligentia
487 808 606 853 magis,
633 819 732 854 quam
755 808 901 854 ingenio,
952 808 1028 842 Eius
1055 809 1143 842 enim
1167 811 1329 844 orationes
1348 809 1433 858 legi,
1459 824 1476 844 e
1502 809 1614 858 quibus
1639 807 1730 843 valde
1745 807 1798 842 ad-

185 865 312 891 curatus
334 857 433 898 mihi,
459 853 512 891 sed
531 860 665 905 ingenio
687 856 828 892 tardiore
851 857 929 893 visus
950 857 1004 893 est.
1058 858 1190 906 Effigies
1212 873 1344 909 quoque
1358 864 1425 896 eius
1440 859 1598 896 referebat
1612 862 1734 902 virum,
1757 857 1798 894 ad

186 905 289 942 studia
310 905 443 955 quidem
468 907 662 950 tardiorem,
687 906 738 943 sed
762 908 851 944 vultu
876 907 990 957 pulcro
1007 909 1124 949 ettali,
1149 913 1203 957 qui
1217 914 1366 947 virtutem
1383 912 1608 960 polliceretur,
1634 921 1665 946 et
1681 909 1798 959 dignus

187 969 272 997 erat,
298 961 351 1006 qui
375 955 585 1006 philosophus
606 970 713 1007 potius
742 973 840 1008 quam
860 959 998 1008 sophista
1022 971 1200 997 vocaretur.
1250 965 1338 999 Nam
1357 963 1479 1012 alioqui
1496 964 1653 998 Lachares
1673 964 1720 997 vir
1734 960 1797 996 fuit

184 1008 259 1043 Deo
285 1021 394 1049 caruS,
444 1011 498 1056 qui
528 1007 630 1045 visum
651 1009 799 1046 amiffum
824 1013 920 1046 etiam
945 1011 1028 1046 illius
1052 1012 1210 1049 beneficio
1234 1017 1363 1062 recepit.
1416 1018 1478 1059 (Ex
1500 1012 1697 1058 Damascio.)

81 1059 257 1106 Sybaritica
293 1054 585 1107 apophthegmata,
636 1058 719 1109 apud
751 1062 992 1109 Epicharmium.
1053 1064 1250 1106 Sybariticae
1275 1063 1420 1111 fabulae,
1455 1065 1488 1101 id
1511 1066 1576 1110 est,
1611 1062 1794 1112 Aesopieae.

180 1113 223 1146 Et
246 1111 477 1159 prouerbium:
504 1112 649 1157 Sybarita
673 1125 729 1159 per
750 1113 910 1159 plateam,
936 1116 969 1147 in
991 1125 1067 1156 εος,
1096 1117 1150 1163 qui
1175 1113 1313 1164 superbo
1332 1116 1435 1165 gradu
1459 1117 1632 1154 incedunt:
1664 1116 1795 1161 Sybari-

181 1172 232 1198 tae
254 1160 428 1204 luxuriosi,
465 1165 636 1211 praecipue
659 1162 712 1197 ille
735 1161 942 1210 Mindyrides
965 1174 1026 1199 etc}

78 1212 411 1263 Συγχρωτίζεσθαμ
447 1214 491 1248 ad
511 1215 643 1262 aliquem
664 1214 822 1255 accedere,
860 1216 891 1251 h.
908 1229 934 1251 e.
949 1216 1163 1263 familiariter
1175 1229 1243 1252 cum
1261 1218 1368 1264 aliquo
1387 1217 1516 1266 versari.
1568 1221 1714 1260 Zenoni,
1739 1219 1794 1253 Ci-

155 1276 158 1277 ’
181 1268 268 1306 tice,
295 1264 463 1300 oraculum
487 1264 685 1309 coniulenti,
711 1279 779 1316 quo
802 1269 898 1315 paeto
925 1268 1046 1302 beatam
1071 1267 1129 1315 [if]
1153 1271 1250 1304 vitam
1272 1268 1389 1317 degere
1414 1269 1536 1318 posset,
1562 1272 1650 1305 Deus
1664 1268 1795 1318 respon-

177 1316 241 1358 dit,
280 1314 310 1355 εἷ
330 1315 602 1366 συὙχθωΤῖζωΤθ
633 1324 704 1356 Τοῖς*
735 1325 872 1368 νεκροῖς,
901 1319 938 1368 st
947 1320 1167 1365 familiariter
1191 1333 1260 1355 cum
1282 1323 1419 1355 mortuis
1441 1322 1642 1370 vuffizretur,
1676 1319 1708 1355 id
1736 1318 1794 1364 est,

178 1381 254 1406 cum
274 1367 393 1416 scriptis
415 1379 445 1404 et
465 1370 551 1403 libris
571 1371 794 1418 antiquorum.

75 1420 245 1466 Symeon,
272 1419 423 1454 mirabilis
448 1419 501 1455 ille
522 1422 586 1462 vir3
617 1424 686 1470 (qui
710 1421 810 1470 vulgo
831 1420 948 1458 dicitur
969 1422 1126 1469 stylites.)
1186 1424 1237 1459 De
1257 1424 1323 1459 hoc
1348 1438 1450 1473 quum
1476 1424 1618 1472 Aegypti
1638 1424 1794 1460 monachi

176 1469 383 1511 audiuiss‘enr,
413 1485 490 1507 eum
511 1474 545 1506 in
571 1468 724 1507 columna
749 1472 845 1513 flare,
871 1486 941 1508 rem
965 1473 1126 1509 insolitam
1153 1472 1359 1516 damnantes,
1388 1473 1469 1524 (ipse
1484 1479 1571 1510 enim
1586 1478 1709 1524 primus
1725 1476 1792 1510 hoc

173 1520 327 1566 feceram)
355 1536 431 1558 eum
455 1534 494 1558 ex
516 1533 611 1558 coetu
633 1521 691 1558 suo
715 1521 926 1560 excluserunt.
986 1523 1095 1560 Postea
1117 1538 1214 1565 vero,
1243 1529 1374 1575 cognita
1397 1530 1454 1562 viri
1476 1526 1558 1562 illius
1585 1529 1647 1562 vita
1670 1536 1701 1561 et
1723 1527 1791 1560 ani-

173 1576 220 1610 mi
242 1573 416 1615 modessia‚
443 1571 550 1609 rursus
569 1588 645 1610 eum
664 1577 697 1609 in
719 1585 850 1610 coetum
872 1573 966 1611 suum
986 1572 1197 1625 receperunt}
1237 1578 1288 1613 Ad
1305 1580 1394 1615 hunc
1410 1579 1609 1620 Marcianus,
1633 1580 1713 1626 imp.
1729 1577 1788 1612 ho-

171 1627 268 1661 minis
289 1626 403 1674 priuati
430 1625 539 1660 habitu
560 1625 644 1661 clam
668 1628 764 1663 venit.

72 1676 134 1718 Σῦν
158 1673 191 1717 δὲ
213 1677 293 1715 Θεοῖ
322 1673 490 1724 μάκαρες.
542 1678 619 1711 Hoc
639 1675 806 1725 Rhapsodi
826 1679 970 1713 accinere
990 1674 1152 1715 solebant:
1179 1686 1211 1714 vt
1230 1679 1425 1723 citharoedi,
1451 1678 1537 1720 ἄλλ’
1553 1675 1648 1730 ἄναξ
1668 1680 1784 1730 χαῖρε.

170 1731 262 1765 Haec
284 1731 372 1764 enirn
394 1730 643 1777 epiphonemata
667 1728 752 1777 apud
780 1738 901 1765 veteres
921 1740 1033 1777 poetas
1056 1731 1165 1766 obuia.-

70 1779 242 1826 Synefius,
269 1780 435 1828 Pentapoli
456 1778 651 1819 Thebaidis,
680 1793 762 1828 quae
780 1782 814 1814 in
836 1781 937 1825 Libya
957 1779 1013 1815 fita
1037 1780 1102 1821 est,
1137 1780 1310 1823 oriundus,
1345 1780 1577 1831 philosophus,
1615 1779 1784 1831 episcopus

168 1829 394 1872 Ptolemaidis,
418 1843 457 1865 ex
471 1828 586 1865 ordine
601 1828 795 1868 sacerdotali,
822 1829 951 1877 Scripsit
963 1831 1062 1866 libros
1076 1830 1220 1866 diuersos
1237 1842 1268 1867 et
1280 1836 1513 1880 grammaticos
1536 1843 1567 1868 et
1580 1831 1782 1882 philosophi-

171 1895 248 1921 cos,
273 1883 418 1931 itemque
440 1883 602 1916 orationes
622 1880 663 1916 de
683 1894 806 1929 regno,
833 1890 869 1916 et
890 1883 1053 1917 orationes
1073 1885 1281 1930 panegyricas
1297 1881 1364 1918 fiue
1384 1887 1512 1932 generis
1527 1883 1783 1921 demonstratiui.

170 1935 254 1968 Item
276 1935 465 1968 encomium
489 1930 644 1970 caluitiei,
687 1941 718 1967 et
738 1933 922 1967 orationem
946 1931 1167 1969 admirabilem
1188 1932 1228 1969 de
1250 1934 1473 1982 prouidentia,
1511 1949 1631 1984 genere
1655 1934 1782 1970 dicendi

168 1985 376 2034 graecanico:
403 1983 547 2032 aliosque
570 1983 729 2031 p'urimos
749 1993 780 2018 et
804 1981 945 2019 diuersos
966 1983 1114 2028 libellos,
1154 1995 1184 2021 et
1202 1996 1364 2033 praeterea
1389 1985 1557 2036 epistolas,
1591 2000 1671 2037 quae
1694 1984 1779 2036 apud

166 2048 283 2072 omnes
302 2038 336 2070 in
358 2047 479 2082 magno
501 2037 605 2084 pretio
629 2035 796 2074 habentur,

65 2083 315 2136 Συντοικτήρισς
341 2088 500 2134 Origenes
514 2085 689 2134 adpellatus
703 2083 784 2129 fuit,
811 2085 900 2135 quod
919 2085 1039 2125 multos
1053 2087 1154 2124 libros
1176 2084 1404 2138 conscripfiffet
1422 2090 1463 2136 ⁸).

67 2138 180 2190 Σύροι,
206 2141 288 2186 Syra
314 2136 343 2185 ⁶)
369 2138 455 2188 apud
476 2140 648 2174 Romanos
669 2136 777 2174 diuina
796 2137 941 2189 epistola.
1611 2193 1632 2228 S
1678 2195 1684 2202 ι

1635 2205 1778 2239 yrianus,

105 2294 144 2334 a)
168 2292 240 2324 Falli
256 2290 392 2327 Sufflam,
421 2301 511 2334 quum
526 2293 668 2332 Origenes
688 2293 808 2324 auctore
831 2293 896 2334 Epi·
982 2291 1017 2331 b)
1039 2291 1164 2325 Videtur
1177 2290 1277 2324 Suidas
1293 2291 1368 2324 male
1381 2290 1516 2335 scripsisse
1524 2288 1597 2334 Σύρα
1606 2291 1776 2336 ΡιοΣᾶκμ,

58 2336 190 2378 phanio,
212 2333 383 2372 Συντοέκτης,
406 2346 464 2366 non
479 2334 671 2375 Συντακτῆριος
694 2345 812 2367 vocatus
826 2336 895 2366 fuis·
938 2335 1049 2369 Sacra.

63 2379 123 2418 set,
142 2387 242 2413 monet
257 2380 358 2414 xriste:
370 2378 411 2424 ad*
420 2380 450 2413 h.
464 2378 490 2421 1,
500 2387 576 2424 tom.
592 2381 643 2413 Iu.
664 2391 694 2423 p.
710 2386 779 2420 408.
799 2379 895 2412 Harl.
