2049 2720
418 152 483 189 ET
516 152 698 203 QiDEM
729 151 1060 195 GENVINORVM,
1096 153 1317 189 RECENSIO
1370 153 1441 190 Lib.
1456 152 1679 189 JVc.X1X.
1728 164 1792 199 429

77 246 228 288 Francos.
247 259 335 295 1509.
355 245 417 284 fol.
446 267 495 276 ·--
522 248 589 284 Iac.
607 247 756 294 Bording
778 248 811 282 in
832 255 892 282 tres
913 248 1035 295 priores
1059 246 1174 282 Galeni
1196 247 1294 283 libros
1319 247 1359 283 de
1383 248 1506 283 morbis
1531 257 1561 282 et
1585 245 1790 295 symptoma-

68 304 161 345 tibus
180 302 447 336 commentarius.
475 300 630 335 Rossoch.
651 301 737 342 1605.
755 305 784 339 8,
811 318 864 325 --
889 300 938 334 Io.
953 299 1014 333 Fr.
1031 299 1156 347 Roſjklli
1176 299 1215 333 ad
1239 299 1380 335 Vl.libr.
1403 300 1520 335 Galerii
1541 298 1581 334 de
1600 297 1789 334 differentiis

76 364 108 390 et
125 351 235 389 cauffis
257 351 453 386 morborum
479 362 509 386 et
533 350 795 399 symptomatum
817 352 1059 386 commentarii.
1113 351 1307 388 Subiunctae
1323 350 1395 387 sunt
1411 351 1510 389 eiusd.
1528 350 1691 398 epistolae.
1718 353 1791 385 Bar-

75 403 213 440 cinonae'
233 406 319 447 1627.
335 401 394 442 fol,
407 408 423 426 *
452 423 498 431 --
524 404 574 440 Io.
590 403 667 438 Alb.
685 403 777 439 Sebiz
794 404 829 437 in
842 402 916 438 libr.
935 403 973 436 11.
993 400 1033 437 de
1048 399 1234 437 differentiis
1255 403 1451 438 morborum
1469 413 1501 438 et
1516 401 1626 437 cauffis
1642 399 1789 450 sympto-

10 458 20 462 “
74 466 204 492 matum
223 457 460 490 commentarii.
487 457 619 502 Argent.
636 457 726 498 1630.
744 465 775 497 4.
799 473 849 480 --
876 453 985 488 Exstat
1000 455 1099 489 etiam
1114 455 1284 490 Laurentii
1299 456 1441 490 leuberti
1457 456 1722 490 commentarius.
1736 471 1788 479 —-

74 508 188 543 Melch.
203 508 294 543 Sebiz
316 504 385 541 diss.
405 506 488 540 liber
508 505 626 541 Galerii
649 505 689 541 de
711 503 901 541 differentiis
922 505 1130 541 morborum.
1158 508 1294 554 Argent.
1316 508 1411 550 1670.
1432 519 1462 551 4.
1488 526 1541 533 --
1564 505 1681 541 Melclz.
1697 503 1788 539 Sebiz

73 557 145 595 eliis.
164 557 278 594 Galeui
300 558 382 593 liber
401 556 441 594 de
457 558 604 593 morbor.
620 555 742 593 cauffis.
771 560 904 605 Argent.
922 560 1011 600 1630.
1027 569 1057 601 4.

174 646 219 680 54.
248 632 327 684 Περὶ
356 634 541 673 συνθέσεως
568 630 766 683 φαρμάκων
786 635 851 672 τῶν
871 629 972 672 κριτοὶ
992 630 1105 673 τᾶπες
1126 631 1262 677 βιβλία
1279 634 1298 672 κ’.
1351 633 1406 668 De
1426 633 1640 682 compositione
1663 631 1789 666 medica.

71 692 244 722 mentorum
256 686 433 733 secundum
455 688 536 720 locos
556 687 629 720 libri
650 686 759 722 decem.
817 685 950 721 Exstant
973 687 1013 721 in*
1030 685 1148 721 Aldina
1176 695 1257 733 part.
1277 687 1316 720 11.
1339 682 1397 719 fol.
1415 691 1467 728 87.
1500 687 1534 718 iii
1558 696 1676 731 graeca
1696 681 1789 718 Bafil.

70 749 151 787 part.
166 739 204 772 11.
221 749 292 786 pag.
310 748 372 782 152.
399 739 432 772 in
449 737 524 772 edit.
541 739 703 772 Charterii
720 747 801 772 tom.
815 738 900 773 xiii.
919 732 992 786 pag.
1009 750 1075 783 319.
1103 741 1135 772 in
1154 735 1291 785 septima
1307 737 1475 771 luntarum
1492 734 1577 771 clais.
1592 737 1633 769 V.
1648 733 1708 769 sol.
1726 746 1789 769 iai.

71 791 161 824 Citat
181 789 322 823 Galenus
348 790 436 823 hunc
461 788 579 824 librum
601 791 684 824 inter
705 790 858 838 proprios
882 792 916 823 in
938 802 1008 837 cap.
1024 801 1072 833 37.
1099 793 1172 824 artis
1195 788 1363 831 medicae,
1388 785 1590 837 scripsitque,
1614 785 1788 835 postquam

69 837 234 888 scripserat
256 839 356 875 libros
376 839 416 875 de
438 838 492 875 vsu
518 841 677 889 partium,
715 840 816 876 libros
837 839 879 875 de
906 841 1065 877 methodo
1087 840 1258 882 medendi,
1299 850 1330 875 et
1354 839 1454 875 libros
1477 838 1517 874 de
1538 839 1786 873 medicamentis

69 891 278 941 simplicibus.
331 894 425 926 ianus
446 894 625 927 Cornarius
646 892 796 941 putabat,
824 893 884 927 hos
905 893 1004 927 libros
1028 895 1184 928 omnium
1202 907 1219 927 a
1235 890 1363 926 Galerio
1386 888 1579 938 scriptorum
1603 888 1785 938 postremos

71 941 144 979 effe.
198 941 422 991 Amplissimus
445 946 476 977 in
500 946 536 978 iis
558 947 743 979 continetur
765 942 915 979 recensus
937 943 1258 980 medicamentorum
1279 942 1559 990 compositorum,
1585 952 1615 976 et
1636 942 1787 990 proprio-

69 1007 142 1030 rum
166 993 315 1032 Galeno‚
341 1003 373 1029 et
396 994 559 1036 aliorum,
582 997 731 1030 maxime
748 996 958 1042 Archigenis‚
982 997 1073 1030 cuius
1094 995 1167 1030 libri
1192 994 1232 1030 de
1255 993 1501 1029 medicamentis
1522 1006 1560 1028 ex
1583 995 1647 1028 hoc
1668 989 1786 1027 Galeni

68 1046 155 1083 libro
173 1043 239 1081 fere
253 1043 380 1094 possent
395 1045 526 1081 reflitui.
580 1044 824 1081 Laudatiffimus
847 1049 872 1080 is
891 1047 970 1081 libet·
990 1058 1056 1082 erat
1075 1047 1249 1088 Arabibus‚
1276 1055 1307 1081 et
1324 1044 1486 1080 Arabissis.
1537 1043 1785 1092 inscriptionem

69 1097 207 1133 habebat
230 1095 316 1144 apud
342 1109 396 1131 eos
420 1097 517 1131 Liber
534 1099 711 1139 Miramur,
741 1095 794 1132 seu
817 1096 930 1132 decem
955 1099 1159 1133 tractatuum.
1186 1117 1236 1125 -—-
1271 1096 1401 1132 Codices
1418 1097 1516 1131 MSS.
1534 1098 1639 1142 graeci
1659 1093 1731 1130 sunt
1750 1096 1785 1128 in

68 1148 216 1184 biblioth.
244 1148 331 1195 publ.
354 1147 465 1194 Paris?
483 1161 531 1183 nr.
549 1150 780 1184 MMCXXffl.
797 1149 997 1184 MMCLVi.
1052 1151 1087 1183 ln
1111 1148 1258 1186 biblioth.
1279 1149 1430 1182 Medicea.
1481 1149 1518 1181 ln
1538 1147 1685 1182 biblioth.
1707 1147 1785 1180 Diu.

14 1212 16 1214 ’
67 1202 179 1236 Marci
204 1200 318 1235 Vcnet.
340 1198 412 1234 cod.
430 1201 613 1236 CCLXXX.
644 1196 684 1234 de
707 1198 949 1247 compositione
971 1199 1231 1235 medicaminum
1258 1211 1316 1247 per
1348 1197 1489 1246 singulas
1511 1200 1657 1246 corporis
1680 1206 1785 1245 partes

65 1252 140 1288 libri
159 1253 196 1286 X.
224 1249 280 1285 scr.
304 1262 403 1285 manu
426 1251 471 1287 Io.
495 1251 675 1299 presbyteri
699 1249 802 1285 Rhofi
825 1249 986 1285 Cretensis
1016 1271 1062 1278 -
1090 1265 1117 1285 a.
1133 1262 1224 1294 ¹470·
1267 1248 1330 1284 vid.
1357 1249 1450 1284 catal.
1471 1260 1545 1296 pag.
1562 1259 1623 1293 135.
1651 1257 1683 1283 et
1709 1246 1785 1282 cod.

67 1303 332 1340 CCLXXXVIH.
360 1314 434 1335 cuni
465 1302 579 1337 eadem
602 1299 820 1350 inscriptione.
854 1302 963 1346 (catal.
987 1315 1063 1350 pag.
1079 1303 1163 1346 137.)
1223 1301 1307 1336 Libri
1329 1301 1386 1336 VI.
1414 1302 1473 1334 Vll
1501 1310 1531 1333 et
1556 1301 1642 1335 Vlli.
1675 1299 1784 1333 codex

66 1354 111 1392 est
136 1356 170 1390 in
191 1350 481 1388 bibliotb.Caesar.
510 1354 747 1401 Vindobonens.
783 1353 934 1389 Laiiibec.
953 1356 990 1388 ii.
1015 1367 1082 1403 cap.
1094 1353 1131 1390 ὁ
1194 1353 1283 1387 Octo
1314 1354 1381 1387 eius
1414 1354 1521 1399 operis
1548 1351 1620 1386 libri
1650 1348 1721 1385 sunt
1750 1352 1784 1384 in

64 1405 213 1442 biblioth.
229 1404 316 1454 publ.
332 1404 460 1440 Parifin.
491 1418 541 1440 nr.
565 1407 794 1441 MMCLVIH.
857 1407 935 1441 Duo
958 1405 1030 1440 libri
1051 1407 1176 1453 priores
1202 1407 1236 1439 in
1262 1402 1329 1439 ead.
1354 1417 1404 1439 nr.
1429 1404 1659 1438 MMCLViii.
1686 1401 1780 1437 Gale-

64 1471 125 1495 nus
148 1456 188 1492 de
209 1455 450 1505 compositione
474 1458 729 1506 pharmacorum
753 1456 950 1503 simplicium
974 1457 1017 1492 est
1037 1459 1071 1491 in
1096 1456 1170 1491 bibl.
1194 1455 1282 1505 publ.
1306 1456 1444 1503 Paristn.
1471 1468 1520 1490 nr.
1535 1455 1780 1490 MMCLXVH.

65 1512 106 1547 Et
126 1512 208 1544 inter
229 1507 324 1545 codd.
341 1509 436 1544 MSS.
453 1507 563 1544 eccles.
584 1508 758 1544 cathedral.
779 1509 999 1555 Wigornicns.
1016 1521 1065 1544 nr.
1082 1520 1154 1553 745.
1208 1509 1244 1542 in
1265 1508 1433 1543 Vaticana.
1459 1503 1584 1542 Montf.
1606 1519 1635 1553 p.
1651 1512 1702 1546 28.
1732 1522 1781 1531 -

64 1561 220 1602 Arabice,
252 1570 395 1594 vertente
416 1561 562 1602 Hortum,
592 1574 666 1595 cum
686 1563 770 1596 notis
787 1563 854 1594 eius
872 1559 975 1595 Casiri
991 1575 1039 1595 nr.
1058 1572 1124 1604 791.
1153 1571 1183 1594 et
1198 1559 1250 1593 lib.
1268 1571 1294 1604 5.
1311 1562 1342 1594 6.
1360 1572 1390 1601 7.
1409 1571 1456 1593 nr.
1474 1570 1545 1603 792.
1569 1577 1637 1599 .-ἶ
1652 1554 1781 1601 Prodieq

63 1622 138 1649 runt
154 1612 250 1646 latine
266 1609 358 1646 Paris.
376 1622 457 1655 1530.
482 1612 619 1661 Interpr.
634 1614 683 1646 Io.
694 1613 897 1651 Guintlieeio,
914 1613 1115 1646 Aizci'ernaco.
1145 1608 1236 1645 Paris.
1251 1621 1326 1656 ¹535·
1340 1607 1400 1644 foi.
1429 1628 1478 1636 -—
1507 1609 1622 1644 Galeni
1635 1607 1675 1642 de
1688 1619 1779 1642 com-

63 1663 223 1715 positione
241 1663 495 1711 pharmacorum
519 1663 674 1698 localium
691 1661 744 1698 seu
762 1662 937 1698 secundum
955 1662 1047 1698 locos
1063 1663 1135 1697 libri
1152 1663 1190 1697 X.
1219 1675 1330 1697 recens
1348 1660 1486 1697 fideliter
1503 1658 1650 1696 conuerii
1668 1673 1686 1694 a
1700 1660 1780 1694 Iano

63 1717 236 1756 Ceruario,
260 1728 323 1749 vna
340 1727 415 1749 cum
434 1713 579 1750 eiusdem
596 1717 747 1750 Cornarii
764 1717 1082 1750 commentariorum
1100 1713 1305 1749 medicorum
1325 1715 1355 1747 in
1371 1711 1504 1748 eosdem
1519 1711 1619 1746 libros
1639 1710 1725 1746 libris
1741 1710 1779 1746 X.

61 1766 152 1803 Basil.
170 1777 252 1811 1537.
269 1764 329 1801 fol.
344 1770 362 1791 ss
386 1785 437 1792 —-
463 1767 608 1802 Galenus
629 1767 669 1803 de
690 1765 932 1814 compositione
953 1768 1228 1815 pharmacorum,
1254 1778 1329 1799 cum
1352 1763 1498 1799 eiusdem
1513 1774 1543 1798 et
1556 1762 1698 1799 aliorum
1716 1759 1779 1806 syl-

61 1819 137 1855 vula
156 1819 480 1866 experimentorum,
502 1831 560 1866 per
580 1819 761 1854 conradum
777 1819 957 1853 Gesnerum.
986 1819 1106 1865 Tigur.
1123 1829 1202 1862 154¹·
1219 1826 1249 1858 8.
1276 1836 1323 1842 —
1353 1816 1468 1851 Galerii
1484 1815 1524 1849 de
1539 1813 1779 1861 compositione

61 1872 318 1920 pharmacorum
335 1867 493 1903 localium
511 1869 581 1904 libri
597 1872 636 1905 X.
663 1872 744 1905 Iano
765 1870 924 1905 Coriiario
940 1873 1120 1915 interprete.
1149 1867 1251 1914 Lugd.
1270 1878 1359 1911 1549.
1377 1879 1419 1901 12.
1435 1871 1454 1890 ³⁹-
1478 1885 1529 1891 —-
1556 1867 1682 1900 Praeter
1700 1865 1778 1900 Cor-

60 1923 190 1956 narium
211 1921 436 1966 interpretatus
457 1922 554 1955 etiam
571 1921 614 1955 est
629 1923 690 1956 hos
706 1921 807 1955 libros
829 1922 897 1953 Nic«
910 1921 981 1954 laus
997 1919 1204 1954 Marchellus.
1230 1938 1280 1946 —
1308 1919 1368 1953 Fr.
1383 1918 1488 1952 Rotae
1507 1926 1721 1952 commentar.
1744 1917 1778 1951 in

61 1975 148 2009 hunc
171 1970 244 2005 libr.
270 1983 346 2005 cum
369 1982 488 2018 graeco
511 1981 607 2007 textu.
634 1974 760 2007 Bonon.
780 1983 855 2016 1553.
873 1978 902 2011 8.
931 1991 980 1998 -
1008 1969 1256 2018 Compendium
1275 1982 1312 2004 ex
1332 1967 1482 2003 Atium-ii
1494 1969 1670 2003 Zachariae
1690 1967 1777 2002 libris

60 2024 101 2060 de
121 2020 309 2058 differentiis
327 2024 514 2065 vrinarum‚
539 2022 665 2058 iudiciis
686 2032 716 2058 et
731 2022 968 2071 praeuitlentiis.
1020 2019 1219 2056 Vniuersalis
1245 2020 1394 2056 doctrina
1410 2020 1526 2055 Galerii
1549 2019 1592 2055 de
1610 2017 1776 2068 composi·

60 2078 151 2112 tione
173 2076 431 2123 pharmacorum
455 2071 632 2109 secundum
654 2074 746 2109 locos
772 2071 907 2109 affertos
928 2087 947 2107 3
968 2076 1071 2120 capite
1094 2072 1132 2107 ad
1158 2072 1295 2107 calcem.
1353 2071 1490 2116 Syluula
1513 2072 1629 2107 Galerii
1651 2072 1775 2119 experi-

60 2137 251 2163 mentorum
267 2135 298 2160 et
313 2125 455 2159 aliorum
471 2125 604 2174 aliquot.
646 2127 770 2160 Omnia
788 2139 843 2171 per
858 2125 1040 2160 conradum
1057 2125 1242 2159 Gesnmim.
1268 2125 1385 2171 Tigur.
1400 2121 1485 2171 apud
1500 2120 1773 2160 Proschouerum.

15 2216 18 2217 γ
59 2176 82 2214 s.
94 2193 120 2213 a.
135 2184 166 2220 8.
179 2197 229 2205 --
247 2177 461 2212 Iac.Hollerii
474 2177 512 2211 ad
529 2178 628 2212 libros
644 2177 758 2212 Galeni
772 2176 812 2211 dc
829 2174 1072 2225 compositione
1085 2172 1404 2211 medicamentorum
1420 2173 1520 2212 κατ-οὶ
1537 2171 1650 2213 τᾶπες
1662 2176 1771 2223 perio·

61 2232 140 2265 chae
155 2230 243 2264 viil.
270 2225 421 2263 Francos.
438 2235 513 2274 1589
539 2227 597 2264 fol.
615 2231 635 2249 *
662 2226 810 2263 Francof.
828 2231 918 2270 1603.
936 2239 980 2262 12.
997 2226 1016 2246 ’ἔ
1068 2226 1263 2262 Prodierunt
1284 2229 1381 2262 etiam
1397 2240 1473 2261 cum
1492 2227 1556 2262 Iac.
1570 2225 1712 2261 Hollerii
1728 2224 1770 2260 de

60 2280 181 2318 morbis
197 2281 329 2315 internis
342 2279 412 2316 libr.
431 2282 470 2314 11.
498 2277 588 2316 Paris.
605 2293 680 2324 ¹571-
700 2286 758 2321 8.²’‘
783 2280 890 2328 Lugd.
909 2287 994 2324 1578.
1009 2281 1068 2319 8.ss
1094 2277 1247 2314 Francof.
1257 2288 1342 2325 1589.
1357 2282 1426 2314 η*
1440 2275 1590 2313 francof.
1600 2279 1769 2319 1603.12.·

162 2369 207 2402 55.
230 2357 309 2406 Ile-422
331 2356 515 2396 συνθέσεως
537 2354 736 2407 φαρμάκων
757 2358 823 2394 τῶν
848 2353 949 2394 κατοὶ
975 2357 1054 2400 γένη
1074 2355 1211 2400 βιβλία
1227 2355 1270 2403 ζ’.
1330 2355 1384 2391 De
1407 2355 1619 2403 compositione
1641 2355 1769 2388 medica-

59 2415 230 2446 mentorum
245 2421 305 2455 ριν
319 2421 439 2457 genera
457 2410 528 2445 libri
538 2410 673 2458 septem.
723 2408 856 2446 Exstant
871 2423 908 2498 ¹1¹}
915 2407 1039 2503 l{ill‘diana
1053 2420 1134 2457 part.
1150 2410 1192 2444 ΙΙ.
1211 2406 1270 2445 foi.
1288 2421 1312 2444 1.
1335 2410 1368 2441 in
1381 2418 1499 2455 graeca
1516 2403 1767 2507 Bafilbpkrgirtgg.
