2049 2720
82 97 269 130 Vo¹·V1-t>-⁷
438 89 499 130 DE
524 91 693 135 CRVCE,
719 90 853 142 QAM
878 90 1010 128 VIDIT
1035 89 1296 128 CONSTANT.
1323 90 1374 128 M.
1424 90 1496 127 Lib.
1511 91 1555 128 V.
1574 89 1684 127 axz..
1737 101 1797 134 70¹

89 133 278 148 ——-

84 192 198 227 benter
219 187 389 225 credimus.
450 190 608 237 Qamuis
627 197 735 223 autem
757 185 909 235 digreffio
932 185 987 222 issa
1007 185 1118 235 paullo
1141 186 1278 222 alienior
1299 185 1337 221 ab
1367 196 1563 235 argumento
1586 184 1798 220 bibliothecae

82 244 180 279 huius
198 254 332 290 graecae
353 240 453 277 videri
475 239 591 289 poffit,
616 249 726 274 tamen
746 238 942 282 existimaui,
970 240 1034 273 hoe
1049 251 1120 274 non
1134 240 1338 287 inoportuuo
1355 238 1433 274 loco
1446 235 1623 273 satisfacere
1639 249 1693 270 me
1708 233 1799 284 posse

82 291 242 329 desiderio
264 292 419 333 illorum,
457 294 512 341 qui
533 289 722 326 sententiam
741 287 835 338 super
856 288 910 326 illa
929 303 963 325 re
987 302 1114 334 meam,
1146 304 1164 324 a
1186 291 1357 325 communi
1379 287 1531 325 nonnihil
1555 287 1798 324 abhorrentem,

83 346 284 393 argumentis
305 344 533 379 confirmatam
554 340 661 377 videre
687 339 860 376 voluerint.
922 339 978 375 Est
1011 350 1119 375 autem
1152 339 1192 375 de
1222 353 1316 376 cruce
1340 339 1546 376 Constantini
1569 337 1701 374 diatribe
1725 346 1800 372 ante

80 394 206 444 septem
228 407 332 430 annos
355 408 373 429 a
388 406 442 428 me
456 393 555 435 edita,
588 403 620 428 et
643 390 858 441 respondente
884 390 1063 436 Christoplz.
1091 391 1289 433 lVoHereck,
1326 388 1580 431 Glukssadienfi„
1615 387 1743 438 publice
1765 389 1800 423 iu

81 443 264 491 Gymnafio
279 443 520 493 Hamburgensi
538 442 741 487 defensstata,
768 455 832 492 qua
848 443 1006 491 probaui,
1031 444 1192 485 Crucem,
1220 454 1317 492 quam
1341 445 1374 477 in
1397 442 1491 477 coelo
1516 439 1593 476 vidit
1615 438 1798 475 Constanti-

81 509 158 535 nus,
178 498 258 545 imp.
284 493 378 531 fuiffe
395 497 648 543 phaenomenon
663 495 825 540 naturale,
852 494 946 543 quale
959 496 992 528 in
1013 492 1184 528 halonibus
1204 506 1274 528 non
1295 493 1458 529 lunaribus
1482 491 1604 532 modo,
1631 489 1683 526 sed
1701 492 1799 524 etiam

81 546 239 584 solaribus
264 544 527 596 conspiciendum
547 544 578 582 se
597 544 749 589 subinde‚
771 546 863 585 ‘licet
887 543 975 585 haud
994 547 1036 579 ita
1057 542 1266 592 frequenter,
1302 542 1418 579 offert:
1451 557 1513 580 nec
1532 541 1741 579 mediocriter
1764 542 1802 575 in.

82 594 239 639 sententia
264 612 338 634 mea
359 599 570 634 confirmatus
590 595 678 643 sum,
720 610 824 646 quum
843 595 960 645 postea¹
977 594 1138 640 intellexi,
1169 594 1256 630 idem
1280 593 1548 637 nonabsurdum
1578 591 1680 629 visum
1709 604 1800 627 reue-

82 647 189 686 rendo
210 648 521 685 Helmstadienfium
543 648 703 695 theologo
725 662 761 683 ac
781 645 998 696 philosopho,
1043 647 1282 681 mathematicas
1303 648 1450 695 inprimis
1473 643 1651 694 disciplinas
1672 642 1802 691 egregie

83 699 204 745 docsto,
236 700 279 734 D.
302 700 352 734 Io.
374 700 525 735 Andreae
544 701 696 734 Schmidio
721 701 755 734 in
777 697 844 733 diff.
866 697 907 733 de
930 700 1020 732 Luna
1042 699 1076 731 in
1099 699 1205 732 Cruce
1225 695 1305 740 visa,
1343 699 1437 732 lenae
1457 700 1543 736 1681.
1583 705 1679 743 atque
1698 697 1732 728 in
1753 693 1801 727 hi·

81 750 182 787 floria
201 750 307 785 Seculi
327 753 385 787 IV.
407 749 522 786 fabulis
547 749 720 792 maculata,
753 748 892 784 Helmss.
917 759 1008 792 1712.
1045 749 1146 783 Febr.
1224 752 1263 784 In
1281 747 1512 790 cod.,Coislin.
1534 747 1648 782 CXXI.
1679 757 1727 779 nr.
1750 755 1801 787 37·

83 800 180 844 (teste
195 801 379 848 Montfauc.
404 804 438 837 in
455 801 528 837 bibl.
549 802 686 836 Coislin.
708 813 782 849 pag.
802 801 890 845 196.)
918 799 962 834 est
985 798 1062 834 vifio
1090 797 1295 834 Constantini
1310 800 1362 834 M.
1379 801 1409 834 S.
1433 800 1534 834 crucis
1556 806 1670 834 contra
1690 795 1800 830 barba-

80 865 160 895 ros,
186 863 218 888 et
237 850 298 889 fol.
315 856 387 889 106.
409 850 521 895 verso,
549 854 694 891 inuentio
710 853 742 886 S.
765 854 876 892 crucis.
905 870 956 877 --
995 849 1084 886 conf.
1106 848 1258 886 Discours
1282 849 1393 885 histor.
1415 849 1467 886 sur
1486 849 1517 884 la
1540 844 1734 883 converfion
1759 857 1800 881 au

82 902 329 939 Christianisme
348 903 390 939 de
414 903 593 953 Corssantin
611 902 641 938 le
667 902 788 951 grand,
821 905 964 951 premier
984 903 1166 950 Empereur
1183 898 1303 936 cretien
1323 914 1383 950 par
1409 902 1462 936 M.
1480 899 1609 936 l’Abbe'
1621 900 1657 933 de
1671 896 1801 944 Lestocq

83 952 225 1004 adpend.
249 954 291 990 ad
308 966 390 991 tom.
408 957 430 990 Ι.
453 957 580 1004 operis:
606 954 725 990 Traite'
744 952 921 1003 historique
944 964 974 989 et
993 952 1175 1001 dogmatiq.
1200 951 1252 988 sur
1271 951 1316 987 les
1337 954 1567 1001 Apparitions,
1599 949 1645 985 les
1669 947 1800 984 Vifions

83 1015 119 1041 et
140 1005 185 1044 les
214 1005 417 1042 Revelations
438 1005 583 1055 particul.
615 1010 703 1042 Avec
724 1004 778 1041 des
801 1004 963 1040 observat.
984 1003 1036 1039 sur
1056 1004 1103 1040 les
1125 1003 1194 1040 diss.
1210 1002 1254 1038 du
1270 1004 1309 1039 R.
1324 1005 1357 1040 P.
1373 1005 1477 1039 Dom.
1493 1003 1624 1039 Calmct.
1650 1020 1702 1026 -—
1741 1001 1800 1034 Par

84 1057 139 1093 M.
155 1057 281 1105 l’Abbe'
298 1058 436 1105 Lenglet
457 1058 652 1104 Dufresnoy
666 1066 723 1093 etc.
755 1055 773 1092 ὲ
790 1059 942 1104 Avignon
966 1067 1044 1099 ¹75¹·
1067 1063 1098 1096 8.
1124 1068 1153 1090 v.
1171 1056 1369 1102 Baumgart.
1393 1056 1514 1091 Nachr.
1538 1067 1568 1089 v.
1585 1049 1802 1088 merkwr‘irdi·

84 1120 152 1156 gen
169 1109 316 1144 Biichern
341 1111 382 1145 11.
404 1124 436 1158 p.
455 1114 525 1152 506.
546 1108 611 1157 seq.
639 1129 689 1135 -
741 1109 868 1143 Multus
881 1103 934 1143 ‘est
958 1106 998 1142 de
1016 1108 1076 1143 hac
1096 1120 1191 1155 cruce
1211 1118 1241 1143 et
1262 1105 1375 1155 ligno,
1406 1116 1501 1149 atque
1527 1102 1674 1139 defendit
1692 1115 1799 1137 narra-

83 1161 212 1194 tionem
233 1159 379 1205 Angelus
402 1162 524 1195 Rocchn
545 1175 564 1195 a
583 1161 744 1196 Camerino
767 1159 842 1194 loco
865 1157 958 1207 supra
985 1161 1036 1195 cit.
1059 1171 1132 1208 pag.
1149 1170 1210 1204 175.
1234 1156 1322 1207 seqq.
1372 1151 1587 1193 Heu'nmrmus
1607 1158 1640 1190 in
1661 1153 1801 1195 Poecile,

84 1220 169 1245 tom.
189 1211 226 1245 11.
251 1211 323 1248 libr.
341 1215 364 1247 1.
386 1225 460 1260 pag.
479 1223 529 1258 50.
551 1211 620 1260 sqq.
647 1210 766 1260 scripsit
786 1209 954 1259 epistolam
979 1209 1017 1245 ad
1034 1209 1182 1245 Burcard.
1198 1207 1359 1244 Gotthelf.
1379 1211 1547 1244 Struuium
1562 1206 1601 1242 de
1618 1218 1711 1240 cruce
1728 1216 1801 1239 coe-

83 1259 154 1297 lcsti
173 1274 191 1295 a
207 1261 375 1298 Constant.
393 1265 446 1298 M.
472 1262 662 1312 oeuspedh,
687 1264 721 1297 in
743 1276 806 1311 qua
830 1275 905 1297 cum
928 1260 995 1309 ipso
1019 1263 1169 1300 Struuio,
1200 1261 1363 1310 Thomcfio
1384 1263 1417 1295 in
1440 1258 1526 1294 Obss'.
1547 1257 1649 1294 select.
1666 1251 1800 1290 Halens.

34 1319 37 1321 ’
83 1320 170 1346 tom.
186 1313 209 1348 1.
236 1310 303 1347 diff.
317 1325 366 1357 24.
391 1315 462 1360 §.3.
489 1325 521 1348 et
541 1314 692 1348 Arnoldo
718 1316 767 1357 (iu
790 1311 858 1348 hist.
873 1310 982 1348 eccles.
1007 1311 1060 1348 lib.
1079 1313 1135 1347 1V.
1155 1325 1225 1360 cap.
1241 1323 1268 1353 3.
1290 1313 1319 1357 §.
1339 1312 1384 1355 5.)
1419 1310 1554 1359 aliisque
1579 1308 1670 1343 issam
1694 1318 1802 1342 narra-

84 1364 213 1398 ti0ne1n
232 1361 356 1399 fabellis
375 1365 510 1400 anilibus
533 1364 812 1401 adnumerandam
833 1362 938 1399 censet
966 1374 998 1398 et
1020 1362 1122 1399 multa
1138 1372 1250 1399 contra
1266 1362 1384 1397 Wolfii
1401 1362 1598 1409 Fabriciique
1614 1357 1803 1394 sententiam

84 1424 118 1449 et
141 1425 332 1462 argumenta
355 1414 510 1463 disputat,
539 1416 792 1464 contenditque,
819 1428 888 1450 non
910 1413 1102 1458 Eusebium,
1128 1411 1181 1449 sed
1204 1413 1456 1456 Constantinum
1478 1410 1581 1461 ipsum
1600 1408 1692 1445 fuisse
1708 1410 1802 1444 huius

83 1465 245 1501 mendacii
268 1468 489 1502 architctfium.
542 1469 693 1502 M‘oslzem.
716 1477 823 1501 autem
849 1469 881 1500 in
906 1465 1096 1501 institution.
1121 1464 1232 1500 histor.
1253 1464 1362 1500 eccles.
1386 1462 1520 1499 laudatis
1535 1475 1607 1511 pag.
1628 1473 1685 1503 131.
1708 1458 1802 1494 facile

84 1514 193 1552 refelli
213 1515 321 1564 poffe,
347 1516 469 1563 scribit,
498 1521 552 1567 qui
572 1518 621 1553 vel
635 1517 821 1566 prodigium
834 1520 900 1553 hoc
915 1516 1013 1553 astute
1027 1517 1065 1551 ab
1082 1518 1277 1564 imperatore
1298 1516 1413 1551 fic‘ium
1431 1512 1493 1550 esse
1514 1514 1727 1557 arbitrentur,
1751 1508 1804 1543 vel

85 1566 128 1601 ad
149 1565 274 1602 fabulas
296 1565 455 1604 referant:
494 1582 550 1605 eos
578 1573 693 1609 etiam,
730 1571 785 1617 qui
807 1566 909 1604 visum
933 1571 998 1603 hoc
1021 1566 1062 1602 ad
1083 1565 1202 1602 caussas
1225 1566 1384 1602 naturales
1408 1564 1568 1606 referant,
1606 1572 1803 1609 crucemque

85 1619 122 1652 in
144 1617 265 1654 halone
285 1630 356 1655 tum
379 1619 491 1662 solari,
529 1632 584 1656 aut
607 1623 640 1654 in
668 1620 746 1654 luna
774 1617 987 1667 comparuiss'e
1015 1616 1182 1666 ingeniose
1203 1616 1417 1665 suspicentur5
1455 1616 1529 1650 illos
1551 1614 1707 1661 denique,
1747 1611 1803 1659 qul

85 1666 215 1703 diuinae
239 1672 364 1713 virtuti,
403 1684 484 1719 quae
513 1671 672 1706 miraculo
695 1670 824 1705 dubiam
845 1669 1050 1704 constantini
1072 1678 1218 1703 mentem
1244 1670 1374 1705 firmare
1395 1667 1553 1707 voluerit,
1598 1677 1669 1700 rem
1691 1660 1803 1698 adscri-

86 1718 173 1756 bant.
227 1720 353 1767 Qne,
386 1724 422 1755 iis
445 1721 636 1760 confutatis,
675 1735 750 1756 cum
773 1721 963 1769 quibusdam
980 1722 1020 1753 V.
1037 1722 1079 1754 V.
1100 1721 1143 1755 D.
1162 1720 1202 1754 D.
1227 1718 1348 1760 statuit,
1388 1717 1604 1753 Constantino
1625 1714 1803 1750 dormienti

87 1771 237 1811 crucem}
263 1770 369 1806 addita
392 1771 615 1820 inscriptione:
631 1773 714 1806 Hac
729 1776 828 1813 vince,
857 1773 1016 1806 obiectam
1041 1769 1143 1805 suiffe.
1195 1772 1374 1804 Enimuero
1396 1769 1449 1803 illa
1465 1781 1597 1818 quoque
1617 1769 1802 1813 interpreta-

87 1824 135 1857 tio
157 1820 244 1856 haud
262 1833 348 1856 caret
371 1822 480 1857 multis
502 1822 740 1858 difficultatibus
763 1834 860 1868 atque
881 1821 1047 1855 dubitandi
1067 1819 1177 1855 caussis
1198 1831 1229 1856 et
1251 1821 1436 1855 rationibus.
1489 1818 1585 1853 Vnde
1606 1815 1695 1852 sciuit
1711 1818 1802 1852 Cou-

86 1872 262 1912 ssantinus,
286 1871 452 1909 somnium
473 1871 565 1908 fuiffe
590 1887 720 1916 verum,
746 1884 777 1908 et
803 1886 880 1908 vero
903 1869 1074 1908 diuinum?
1102 1874 1267 1920 inprimi3‚
1293 1870 1351 1907 illo
1374 1873 1469 1906 etiam
1483 1869 1660 1906 secundum
1672 1868 1801 1916 opinio-

87 1938 147 1960 nes
162 1933 308 1959 veterum
327 1922 367 1959 de
390 1922 595 1960 somniorum
615 1927 644 1959 vi
669 1923 776 1960 diuina
795 1922 962 1965 concess'o,
991 1925 1044 1972 qui
1062 1922 1121 1958 dici
1140 1926 1264 1972 potuit,
1291 1923 1413 1958 multos
1429 1919 1537 1957 vidisse
1552 1919 1631 1956 illud
1647 1917 1800 1967 lignum?

88 1976 214 2024 Qibus
235 1976 411 2010 rationibus
437 1977 551 2023 ingens
574 1975 769 2017 multitudo,
808 1973 1079 2024 superstitionibus
1106 1988 1142 2008 ac
1167 1974 1376 2021 religionibus
1400 1975 1507 2022 prauis
1535 1970 1642 2006 adhuc
1662 1970 1797 2009 imbuta,

87 2035 158 2061 tam
182 2023 276 2060 facile
298 2024 412 2061 adduci
437 2031 544 2074 potuit
563 2027 602 2063 ad
625 2026 656 2061 id
680 2026 900 2062 credendum?
932 2028 1134 2070 melantius,
1168 2024 1268 2069 (siue,
1295 2035 1327 2059 vt
1347 2026 1486 2067 Nourry
1507 2025 1616 2058 minus
1636 2022 1722 2056 recte
1742 2018 1800 2053 ssa-

88 2080 168 2117 tuit,
193 2077 309 2111 Lucius
332 2077 485 2122 cecilius)
512 2077 551 2112 de
577 2079 736 2113 mortibus
757 2076 910 2126 persecut.
933 2090 1000 2125 cap.
1016 2088 1067 2119 44.
1095 2077 1300 2111 commonitus
1323 2075 1382 2121 cst,
1409 2086 1535 2110 tantum
1560 2077 1621 2112 ait,
1646 2074 1678 2106 in
1700 2072 1800 2118 quiete

90 2125 338 2173 Cmstantinur,
371 2135 408 2163 vt
433 2130 694 2175 rorbstestgnum
716 2131 764 2163 dei
784 2135 909 2163 notaret
934 2130 963 2162 in
977 2128 1101 2174 scutis,
1134 2135 1228 2173 atque
1249 2129 1295 2161 ita
1310 2127 1468 2173 proelium
1491 2127 1713 2162 committent,
1741 2132 1800 2156 etc.

89 2179 130 2214 ad
151 2190 250 2227 quem
271 2177 384 2214 locum
405 2181 475 2214 Nic.
500 2182 526 2214 le
550 2181 688 2227 Nom-ry
703 2183 734 2215 in
752 2178 804 2215 sua
820 2182 907 2214 Lucii
923 2179 1034 2215 Cecilii
1048 2180 1120 2215 libri
1135 2178 1175 2213 de
1190 2188 1288 2213 mort.
1307 2176 1460 2226 persecut.
1478 2175 1552 2211 edit.
1569 2172 1659 2210 Paris.
1673 2185 1754 2217 1110.
1769 2179 1799 2212 8.

54 2280 58 2281 ⁷
87 2229 157 2266 diff.
180 2231 266 2264 artic.
283 2229 338 2265 ΙΙΙ.
360 2239 517 2278 pag.184.
546 2231 614 2281 sqq.
642 2242 673 2266 et
693 2234 778 2266 artic.
802 2233 843 2266 V.
864 2244 938 2279 pag.
962 2243 1032 2276 397.
1058 2228 1101 2278 sq.
1127 2227 1254 2264 Eusebii
1278 2232 1495 2265 narrationem
1513 2227 1680 2275 amplexus
1697 2235 1728 2260 et
1744 2226 1804 2260 tui-

89 2290 159 2320 tus,
184 2280 325 2315 acerbius
350 2291 462 2316 contra
487 2283 637 2323 fabricii,
662 2281 798 2327 (omiss'o
823 2292 932 2317 tamen
953 2285 1020 2317 eius
1043 2282 1214 2325 nomine.)
1241 2281 1538 2328 interpretationem
1561 2277 1713 2326 disputat3
1747 2272 1802 2310 sed

90 2328 486 2381 gefessiturbetfabncius
506 2333 698 2373 ‚defenditur
728 2348 746 2370 a
770 2335 979 2370 Biinemanno
1004 2335 1039 2368 in
1060 2343 1137 2367 nota
1158 2332 1198 2369 ad
1221 2333 1375 2368 Laetantii
1392 2330 1505 2369 locum
1526 2341 1704 2380 pag-1470·
1729 2324 1801 2361 edit.

1000 2385 1098 2421 Tttt
1123 2396 1141 2428 3
1669 2379 1801 2425 affline-
