2028 2792
206 244 233 269 x
793 227 1342 266 PRAEFATIO

320 333 474 369 Praeter
499 344 540 368 ea
565 332 604 367 in
628 331 703 367 hoc
729 330 929 367 volumine
960 342 1043 379 pag,
1062 343 1115 376 119
1132 331 1208 378 sqq.
1236 331 1402 368 indicem
1427 334 1683 370 recentiorum
1701 335 1747 372 de
1769 348 1931 385 prouer-

207 408 276 445 biis
299 408 525 456 scriptorum
541 406 653 442 valde
671 407 866 443 contraxi:
900 413 1034 442 contra
1057 417 1139 459 pag.
1159 409 1210 451 165
1230 403 1305 454 sqq.
1329 419 1347 443 e
1371 407 1502 444 codice
1518 408 1670 446 Veneto
1696 411 1827 447 addidi
1850 411 1929 460 ple-

206 484 355 519 niorem
384 492 618 518 LAMPruAE
636 481 682 518 de
698 481 842 530 scriptis
859 482 974 530 patris
995 482 1067 522 sui,
1098 481 1305 528 Plutarchi,
1334 483 1562 532 catalogum,
1594 496 1709 532 quem
1726 485 1841 522 debui
1861 486 1933 522 hu-

206 557 381 595 manitati
405 564 518 604 atque
541 555 758 592 liberalitati
784 566 1130 597 SIEBENKEESH,
1160 565 1402 604 praematura
1425 566 1549 595 morte
1578 571 1700 608 nuper
1725 560 1761 596 d.
1778 572 1824 606 25.
1849 561 1933 597 Iun.

208 631 374 680 abrepti,
413 631 521 668 cuius
548 638 675 666 tamen
701 630 878 667 editionis
906 641 1153 667 STRABONIS
1180 638 1307 667 tomus
1325 632 1351 669 Ι.
1378 632 1452 669 hoc
1476 645 1579 669 anno
1604 635 1711 682 prelo
1734 635 1836 671 exiit.
1876 654 1933 662 —-

206 707 252 743 In
276 718 355 755 cap.
379 705 426 742 de
451 715 737 742 PTOLEMAEO
768 705 852 742 libr.
879 706 925 742 de
948 706 1176 755 adparentiis
1208 706 1372 743 fixarum
1397 720 1416 743 e
1442 708 1525 744 cod.
1549 707 1746 745 Sauiliano
1770 721 1823 758 gr.
1848 709 1926 746 edi-

207 790 290 818 tum
322 781 676 830 supplementorum
703 781 899 817 volumini
923 781 1135 818 reseruabo.
1172 801 1229 808 —
1268 782 1314 817 In
1339 782 1459 831 capite
1482 782 1529 819 de
1554 794 1808 821 ATHENAEO
1835 791 1957 820 cata—⁷

208 857 342 906 logum
362 856 601 905 scriptorum,
628 855 676 892 ab
703 855 770 892 illo
794 855 1051 901 laudatorum,
1074 856 1347 893 Fabricianum
1364 857 1476 894 valde
1494 869 1675 894 mancum
1694 859 1731 900 in
1751 858 1935 907 praesenti

208 933 382 969 omittere
400 932 570 979 coactus,
601 931 677 967 alio
696 939 884 981 tempore,
916 933 1029 969 amici
1045 931 1245 969 cuiusdam
1262 944 1377 981 opera
1393 933 1546 969 adiutus
1570 933 1604 969 b.
1624 945 1654 971 c.
1674 933 1717 970 d.·
1731 932 1834 970 dabo
1855 933 1936 982 ple-

207 1007 369 1044 niorem.
399 1027 457 1033 -—
484 1007 531 1042 In
549 1007 669 1055 capite
685 1006 731 1043 de
749 1017 948 1044 PLOT1N0
975 1007 1184 1043 maximam
1207 1015 1355 1056 partem
1382 1008 1483 1060 vitae
1509 1009 1678 1058 Plotini,
1710 1020 1732 1045 a
1753 1009 1936 1057 Porphy-

208 1082 268 1118 rio
285 1081 460 1130 scriptae,
490 1087 527 1116 et
551 1081 591 1116 in
617 1077 787 1129 sequenti
813 1082 934 1130 capite
961 1081 1006 1117 de
1031 1092 1290 1118 Ponpnvmo
1313 1082 1498 1129 integram
1516 1093 1765 1119 florosa-Eun
1787 1082 1869 1121 diff.
1889 1081 1936 1119 de

208 1156 287 1194 vita
309 1155 531 1203 scriptisque
553 1155 654 1191 illius
679 1155 817 1192 exclusi
830 1169 840 1197 ;
871 1155 1082 1203 fragmenta
1109 1163 1236 1191 autern
1253 1154 1429 1193 Anatolii
1454 1164 1489 1192 et
1505 1156 1723 1193 Democriti
1747 1168 1836 1194 cum
1850 1167 1937 1193 vera

207 1230 311 1268 fione
326 1237 363 1266 et
379 1230 480 1266 notis
498 1230 553 1267 Io.
570 1228 808 1278 Rentdoifii,
842 1242 863 1266 a
880 1229 1061 1266 Fabricio
1081 1231 1195 1279 capiti
1218 1230 1263 1266 de
1282 1230 1496 1268 Iamblicho
1515 1231 1696 1273 subiecta,
1721 1231 1763 1267 in
1787 1231 1936 1280 supple-

207 1312 431 1344 mentorum
454 1305 639 1343 volumen
659 1293 869 1351 con‘iicere,
897 1305 1009 1341 satius
1029 1304 1111 1342 fore
1137 1305 1317 1343 iudicaui.
1376 1306 1489 1343 Loco
1515 1313 1643 1342 tamen
1667 1306 1825 1343 illorum
1849 1306 1943 1356 sub--

209 1381 358 1417 ssituere
373 1376 493 1417 malui
510 1381 726 1430 catalogum
742 1380 891 1419 codicum
899 1393 1101 1428 graecorum
1125 1378 1338 1418 bibliothecae
1361 1381 1473 1428 regiae
1490 1378 1755 1429 Neapolitanae,
1786 1381 1833 1418 de
1855 1392 1934 1430 quo

208 1456 251 1493 in
280 1453 516 1505 praefatione
549 1455 599 1493 ad
630 1456 800 1506 superius
831 1455 1019 1511 volumen
1051 1456 1126 1506 egi,
1157 1464 1193 1493 et
1222 1457 1341 1492 alium
1371 1455 1518 1492 codicum
1545 1467 1766 1503 graecorum,
1799 1456 1867 1504 qui
1892 1456 1936 1494 in

208 1530 443 1568 bibliotheca
470 1531 726 1580 Neapolitana
757 1531 1044 1584 Augustinenstum
1077 1529 1114 1569 S.
1138 1531 1280 1568 Ioannis
1307 1530 1355 1568 ad
1378 1529 1626 1568 Carbonariam
1657 1530 1935 1574 custodiuntur,

210 1617 326 1654 quem
350 1605 470 1642 debeo
497 1606 674 1655 singulari
699 1608 928 1645 humanitati
954 1608 997 1644 cl.
1019 1618 1238 1644 CAIETANI
1266 1620 1327 1644 DE
1352 1617 1545 1644 ANCORA.
1606 1605 1828 1643 Posterioris
1849 1606 1937 1654 qui-

209 1680 295 1718 dem
319 1680 573 1718 bibliothecae
597 1682 708 1726 codd.
731 1683 988 1730 mentionem,
1017 1682 1080 1719 sed
1101 1695 1224 1731 neque
1245 1683 1399 1732 plenam
1421 1693 1545 1729 neque
1567 1681 1808 1723 adcuratam,
1837 1680 1943 1719 fece-⁷

205 1764 265 1793 rat
282 1766 604 1794 MONTFAvcoN
623 1759 662 1794 in
678 1757 819 1794 Diario
837 1759 986 1807 italico,
1017 1758 1131 1796 Parii]
1156 1770 1242 1802 1702.
1259 1769 1289 1801 4.
1313 1768 1393 1806 cap.
1411 1757 1515 1792 XXI.
1536 1767 1619 1805 pag.
1640 1763 1702 1799 308
1719 1755 1796 1804 sqq.
1852 1756 1934 1793 Nec

205 1843 300 1868 vero
317 1831 530 1879 pleniorem
547 1833 656 1870 codd.
678 1845 902 1882 graecorum
913 1860 921 1874 ‚
946 1833 987 1868 in
1001 1840 1163 1881 Vtraque
1179 1832 1242 1868 illa
1258 1831 1490 1869 bibliotheca
1505 1830 1805 1880 adseruatorum,
1828 1843 1936 1868 com·
1962 1840 1967 1852 “

206 1907 548 1954 memorationem,
576 1908 666 1956 quia
690 1909 732 1944 in
757 1907 1016 1958 superioribus
1039 1906 1306 1944 voluminibus
1323 1906 1496 1947 edendis,
1527 1903 1716 1957 duosillos'
1740 1907 1934 1956 catalogos

207 1979 387 2016 nondum
411 1983 563 2023 nactus,
594 1983 752 2018 illorum
777 1983 1014 2019 mentionem
1037 1983 1183 2019 nullam
1201 1981 1356 2018 iniicere
1371 1988 1594 2029 potueram⁷
1623 1980 1762 2017 harum
1784 1980 1937 2018 delicia-

208 2067 297 2092 rum
319 2055 466 2104 cupidis
488 2056 677 2104 ingratam
698 2056 798 2099 fore,
830 2069 900 2094 nec
924 2070 946 2094 a
970 2057 1128 2095 consilio
1153 2056 1401 2102 institutoque
1425 2054 1554 2091 nostro
1570 2055 1732 2091 alienam
1749 2053 1935 2092 arbitror:
1989 2059 2009 2063 “”

207 2131 250 2167 in
274 2131 426 2180 longius
455 2140 583 2168 autem
606 2139 755 2181 tempus
781 2131 951 2175 differre,
986 2132 1100 2170 rebus
1121 2131 1224 2170 vitae
1254 2131 1443 2167 humanae
1465 2129 1636 2171 incertis,
1678 2128 1782 2165 haud
1806 2135 1935 2167 tutum

207 2206 422 2243 videbatur.

323 2282 368 2317 In
391 2281 575 2330 praesenti
594 2287 721 2319 tamen
746 2281 982 2330 postliminio
1010 2280 1111 2329 quasi
1140 2279 1267 2316 adhuc
1292 2277 1472 2314 reducam
1497 2287 1642 2326 pauca,
1680 2274 1810 2326 (plura
1830 2276 1934 2314 enim

209 2354 363 2391 comesta
384 2357 460 2393 alio
483 2365 654 2405 tempore
680 2357 787 2393 bono
817 2368 905 2393 cum
929 2357 1003 2393 deo
1036 2353 1317 2405 suppeditabo)
1349 2352 1505 2400 scripta,
1543 2362 1640 2399 quae
1670 2351 1824 2387 demum
1849 2350 1933 2399 post

208 2431 395 2478 phqulas,
432 2433 678 2481 typographo
703 2433 779 2469 iam
809 2432 985 2481 traditas,
1020 2431 1146 2467 lucem
1182 2429 1381 2468 viderunt,
1421 2432 1487 2462 aut
1517 2425 1559 2462 in
1587 2435 1711 2462 meam
1740 2431 1960 2463 venerunt*

207 2507 398 2543 notitiam.

1863 2573 1930 2613 Ad
