2013 2725
179 131 234 173 136
339 127 410 160 Lib.
424 122 492 160 IV.
507 135 530 157 c.
545 122 637 158 XII.
793 119 944 155 DIONIS
978 119 1309 156 CHRYSOSTOMI

185 228 251 265 vit,
278 232 307 257 et
330 218 423 256 valde
444 218 607 268 probauit.
634 213 700 250 vid.
716 227 848 263 quoque
868 217 935 249 eius
957 212 1090 263 praefat.
1105 214 1143 250 ad
1161 214 1327 250 Anecdota
1344 224 1373 250 et
1391 216 1422 249 in
1438 211 1477 250 de
1493 213 1524 249 la
1543 215 1649 250 Croze
1664 212 1739 251 thes.
1759 213 1846 264 epist.
1863 215 1904 249 Π.

184 286 312 325 p„1g17i
333 282 362 308 et
380 283 445 315 174.
500 272 623 304 Contra
648 267 764 302 Reii-ke
788 269 821 300 in
846 264 948 314 praef.
969 280 1039 309 em,
1073 267 1244 307 iudicauit,
1276 269 1455 302 maximam
1481 276 1606 312 partem
1631 266 1693 303 effe
1717 268 1842 308 malas,
1874 275 1906 302 et

186 328 311 362 auctori
337 323 393 359 suo
417 320 663 370 relinquenda,
690 318 856 366 longeque
880 317 965 353 insta
982 316 1165 354 casauboni
1180 330 1209 353 et
1226 317 1342 353 valesii
1365 320 1546 354 <techinam
1572 329 1666 366 atque
1683 332 1823 354 acumen
1837 315 1906 352 sub-

186 378 297 416 sidere.
353 376 591 424 Spanlietnium
619 384 752 420 quoque
775 368 934 417 reliquisse
954 382 1047 405 notas
1071 374 1102 404 in
1121 372 1217 404 Dion.
1233 368 1401 415 Chrysoil.
1424 383 1462 404 ex
1484 369 1594 404 litteris
1609 370 1729 405 Wolfii
1750 370 1768 404 Ι.
1784 384 1811 406 c.
1833 382 1905 418 pag.
1946 362 1950 368 Α

188 433 246 472 186
264 437 372 471 et187.
387 425 550 461 discimus.
576 444 621 450 —
650 424 761 457 Reislte
779 425 810 457 in
825 432 920 458 tomo
938 424 989 456 ΙΙΙ.
1007 421 1181 457 voluminis
1201 424 1253 456 lx.
1271 420 1347 457 obss'.
1367 419 1503 456 miscell.
1519 421 1653 459 Amssrl.
1670 435 1698 470 p.
1714 434 1825 467 375-2
1837 433 1907 466 379.

188 478 483 518 animaduersiones
507 478 630 511 criticas
655 474 694 509 ad
722 476 907 509 orationem
922 475 1066 508 XXXIII.
1086 472 1269 522 scripseram
1297 485 1328 508 at
1350 473 1461 523 postea
1485 469 1550 521 ipse
1567 476 1598 508 in
1615 471 1715 522 praef.
1731 486 1807 522 pag.
1823 474 1907 506 XXI.

189 544 358 581 tamquam
379 530 539 565 incultum
562 527 714 562 abortum
734 537 765 561 et
785 523 971 561 desomnem
993 523 1120 560 foetum
1144 525 1337 573 repudiauit.
1406 521 1600 560 perfectiora
1621 535 1726 560 autem
1748 536 1779 560 et
1803 525 1908 572 magis

189 594 367 624 maturata,
404 591 437 616 vt
468 577 534 630 ipse
563 582 624 622 ait,
660 577 747 613 dedit
777 580 811 613 in
845 581 954 627 primo
987 578 1157 611 volumine
1186 575 1507 612 animaduersionum
1533 577 1573 611 ad
1596 590 1729 624 graecos
1751 578 1911 619 aridiores,

189 634 330 684 (Lipsiae
353 646 437 679 ¹757·
464 634 511 675 3.)
539 634 571 665 in
593 631 706 680 quibus
728 642 843 665 omnes
867 632 981 664 Dionis
1005 631 1169 664 orationes
1200 632 1307 664 critice
1333 630 1548 677 pertradlauit.
1601 632 1751 677 Denique
1775 643 1804 664 3.
1821 630 1911 671 1767.

191 690 231 725 de
248 699 339 723 nouo
357 683 563 720 tractandum
582 693 611 718 et
628 680 864 717 recensendum
882 680 967 716 idem
988 678 1097 715 sumsit
1115 683 1276 723 Dionem,
1304 691 1333 716 et
1348 691 1474 715 textum
1492 678 1675 715 vniuersum
1695 683 1736 714 ita
1753 690 1914 726 recogno·

191 744 257 782 vit,
285 749 318 774 vt
337 734 646 777 animaduersiones,
667 747 743 782 quas
766 733 928 768 decennio
953 742 1025 768 ante
1047 730 1211 774 edidisset,
1238 734 1442 773 retradiaret,
1473 731 1704 779 locupletaret,
1735 733 1914 778 omniaque

191 791 232 828 ad
254 787 419 827 edendum
441 799 607 824 oratorem
631 796 739 834 parata
761 796 792 819 et
814 795 974 820 maturata
996 785 1134 820 haberet.
1188 788 1231 820 At
1254 784 1392 820 demum
1414 783 1486 833 post
1502 794 1648 819 mortem
1666 785 1725 818 viri
1739 779 1915 819 doctifflmi

192 858 268 881 cura
291 843 441 891 egregiae
462 841 571 875 vxoris
596 838 704 873 lucem
728 836 809 871 vidit
835 837 956 880 editio,
982 834 1152 884 inscripta:

295 913 411 947 Dionis
430 908 640 956 Clzrysostomi
663 910 816 943 orationes
838 920 877 942 ex
899 905 1087 942 recensione
1105 908 1153 941 Io.
1172 907 1276 941 Iacobi
1296 907 1424 947 Reiske,
1449 919 1525 942 cum
1550 905 1694 941 eiusdem
1714 903 1919 940 animaduer-

193 965 352 1004 sionibus,
379 962 446 999 vol.
464 965 486 995 1.
503 963 543 995 ll.
573 958 717 1007 Lipsiae,
744 957 896 1006 impensis
918 957 1034 993 viduae
1057 959 1189 992 Resskii.
1214 966 1303 1000 1784.
1330 961 1409 992 mai.
1426 965 1456 998 8.
1509 958 1611 993 Alteri
1632 968 1728 993 tomo
1749 954 1918 991 subiuncta

195 1016 268 1055 sunt
290 1013 472 1051 casauboni
502 1011 635 1046 diatriba
663 1020 695 1044 et
723 1009 861 1044 Morelli
888 1006 1013 1043 scholia
1040 1019 1137 1055 atque
1159 1010 1377 1043 coniectanea.

296 1092 439 1140 Egregia
458 1086 501 1122 est
518 1085 616 1122 editio
629 1114 639 1129 ,
667 1095 714 1127 et„
741 1098 825 1133 quae
842 1082 988 1120 Valesius
1005 1094 1100 1132 atque
1115 1083 1323 1120 casaubonus
1349 1087 1413 1119 iam
1437 1083 1620 1120 adtulerant
1642 1082 1682 1119 ad
1700 1092 1823 1120 textum
1841 1084 1921 1119 Dio·

197 1149 245 1182 nis
272 1141 468 1181 sanandum,
494 1139 576 1174 bene
604 1136 675 1174 sunt
694 1135 854 1172 adhibita:
879 1150 938 1172 nec
961 1146 1071 1171 tamen
1096 1148 1200 1185 pauca
1225 1138 1341 1171 Reiske
1361 1133 1475 1171 futuro
1498 1136 1627 1172 cuidam
1650 1135 1765 1171 editori
1792 1137 1922 1183 reliquit

199 1210 228 1234 et
254 1193 476 1232 emendanda,
508 1201 537 1225 et
560 1203 639 1225 vero
661 1188 734 1224 loca
755 1188 959 1228 difficiliora,
992 1201 1074 1236 quae
1098 1190 1200 1224 multa
1223 1185 1310 1229 sunt,
1334 1192 1506 1235 praecipue
1529 1201 1567 1223 ex
1595 1188 1807 1235 mythologia
1827 1199 1923 1234 atque

199 1250 408 1297 antiquitate,
434 1241 474 1278 ad
499 1255 576 1290 quas
602 1243 691 1276 Dion
715 1238 904 1288 frequenter
926 1239 1060 1280 adlusit,
1085 1240 1275 1287 diiigentius
1295 1239 1505 1287 explicanda,
1532 1252 1592 1275 nec
1607 1253 1676 1274 non
1693 1238 1733 1274 ad
1750 1249 1923 1287 poetarum

199 1298 407 1347 fragmenta,
433 1308 515 1344 quae
531 1303 728 1334 occurrunt,
754 1290 809 1326 sub
825 1305 966 1327 examen
984 1291 1130 1326 vocanda
1148 1290 1394 1339 corrigendaue.
1430 1289 1521 1326 conf.
1546 1288 1712 1326 censorem
1740 1293 1772 1324 in
1794 1292 1924 1338 ephem-

200 1347 351 1399 Lipfienl‘,
367 1348 425 1382 litt.
441 1360 470 1381 3.
491 1352 579 1388 1784.
596 1344 681 1392 plag.
699 1356 755 1388 70.
783 1353 880 1391 atque
894 1357 921 1377 a.
941 1353 1025 1388 1785,
1046 1356 1092 1377 nr.
1109 1344 1130 1378 1.
1157 1344 1209 1378 vbi
1229 1343 1387 1392 quaedam
1407 1345 1431 1377 is
1446 1343 1520 1377 loca
1535 1345 1665 1377 excutit.
1716 1344 1810 1389 Qae
1830 1337 1925 1376 Wes-

200 1402 313 1450 seling.
328 1411 422 1448 atque
437 1398 630 1432 Valckenar.
647 1397 680 1430 in
703 1397 789 1430 notis
815 1393 853 1430 ad
872 1395 1102 1435 Herodotum,
1131 1396 1318 1444 horumque
1343 1395 1502 1442 posterior
1524 1394 1564 1428 ad
1587 1392 1775 1442 Euripidem
1799 1391 1926 1441 paffim,

203 1469 238 1491 ac
257 1454 412 1501 Toupius
430 1452 462 1485 in
476 1446 757 1484 emendationibus
776 1449 808 1481 in
829 1445 961 1481 Suidam
980 1457 1078 1494 atque
1099 1445 1305 1491 Hesychium
1327 1448 1448 1494 aliique
1473 1449 1666 1481 recentiores
1688 1447 1788 1480 critici
1810 1454 1927 1480 contu-

203 1509 310 1543 lerunt
326 1503 365 1539 ad
387 1503 478 1550 plura
495 1502 614 1535 Dionis
628 1500 701 1535 loca
719 1495 858 1534 sananda
874 1498 1057 1547 meliusque
1074 1498 1304 1546 intelligenda,
1328 1500 1362 1532 iis
1378 1499 1526 1532 Reiskius
1552 1508 1640 1539 tum,
1668 1510 1769 1546 quum
1790 1494 1929 1546 parasset

204 1557 405 1595 editionem,
432 1556 474 1587 vti
497 1550 646 1586 nondum
671 1553 789 1598 potuit.
843 1552 970 1584 Praeter
993 1564 1030 1584 ea
1058 1550 1147 1584 Gisb.
1164 1551 1252 1585 Koma
1277 1548 1317 1584 ad
1339 1551 1478 1597 Gregor.
1493 1551 1643 1584 Corinthi
1667 1549 1930 1595 metropolitam,

205 1611 317 1645 Lamb.
333 1608 398 1641 Bos
411 1608 444 1639 in
461 1599 696 1639 Animaduerff.
713 1604 746 1636 in
766 1599 936 1648 scriptores
951 1613 1105 1647 graecos,
1133 1602 1323 1636 Franecker.
1344 1613 1422 1646 ηις.
1441 1607 1470 1642 8.
1501 1613 1574 1648 pag.
1593 1613 1724 1646 19-21.
1753 1600 1930 1648 Wffeling.

206 1664 241 1696 in
264 1657 353 1694 Obss‘.
372 1670 437 1692 var.
459 1656 610 1690 Traiecsti
632 1653 671 1688 ad
694 1655 798 1687 Rhen.
825 1665 913 1696 ¹740·
938 1660 970 1692 8.
999 1665 1073 1700 pag.
1091 1655 1134 1695 46
1161 1665 1351 1696 225—227.
1380 1663 1411 1686 et
1434 1655 1481 1686 lo.
1500 1652 1620 1687 Bernb.
1636 1651 1780 1693 Kochler,
1803 1663 1874 1687 tum
1894 1654 1930 1687 in

208 1708 295 1748 Obss'.
320 1708 436 1758 philol.
458 1709 491 1741 in
514 1706 588 1740 loca
611 1703 725 1740 scledia
751 1701 829 1738 sacri
851 1703 992 1749 codicis,
1018 1703 1122 1750 Lugd.
1143 1706 1250 1738 Batau.
1276 1707 1358 1749 1765.
1383 1711 1412 1743 8.
1441 1714 1510 1738 tum
1533 1707 1565 1738 in
1587 1701 1707 1751 prolus.
1728 1702 1872 1739 academ.
1890 1701 1930 1738 ad

209 1765 370 1800 orationes
386 1761 502 1794 Dionis
516 1755 684 1796 Tarsscas‚
710 1757 888 1802 Gottingae
907 1768 992 1798 ¹770·
1010 1769 1039 1797 4.
1062 1757 1156 1790 Frid.
1173 1757 1285 1789 Jacobs
1310 1757 1342 1789 iu
1368 1754 1568 1790 Animaduu.
1593 1758 1626 1790 in
1640 1755 1786 1802 Euripid.
1803 1743 1950 1804 tragoef

209 1815 295 1855 dim,
332 1813 460 1847 Gothae
484 1821 579 1855 ¹190·
600 1821 646 1844 m.
668 1813 700 1848 8.
728 1819 802 1855 pag.
820 1817 855 1850 25
877 1804 923 1854 sq.
945 1816 978 1841 ez
999 1817 1050 1850 39.
1079 1806 1174 1854 plura
1195 1808 1334 1842 oratoris
1354 1806 1455 1841 nostri
1479 1805 1554 1841 loca
1576 1815 1741 1841 tentarunt
1761 1819 1814 1842 aut
1830 1818 1935 1855 expo-

210 1865 353 1903 suerunt.

312 1935 430 1970 Dionis
445 1940 527 1968 orat.
543 1929 583 1966 de
600 1930 773 1971 Homero,
799 1941 848 1976 gr.
876 1941 952 1963 curn
970 1930 1057 1962 notis
1075 1930 1124 1965 Io.
1144 1928 1286 1971 Dwies,
1313 1925 1482 1977 praemissa
1497 1926 1540 1963 est
1559 1941 1637 1978 opp.
1656 1928 1812 1971 Homeri,
1837 1941 1855 1963 a
1870 1925 1934 1964 10ss

212 1986 363 2025 Barnefio
383 1984 459 2021 edit.
477 1995 558 2019 tom.
574 1984 596 2017 1.
611 1994 685 2030 pag.
702 1993 764 2024 ¹24·
791 1981 941 2015 Cantabr.
960 1991 1035 2024 ¹7¹¹·
1056 1995 1087 2024 4.

313 2056 430 2092 Dionis
456 2062 535 2087 orat.
562 2050 602 2086 de
625 2051 720 2097 lege,
746 2049 863 2098 gallice
883 2046 971 2085 versa
992 2063 1010 2084 a
1033 2050 1110 2086 Fed.
1127 2049 1285 2092 Morcllo,
1312 2046 1406 2084 Paris:
1421 2055 1505 2095 1598.
1525 2056 1554 2089 8.
1579 2068 1631 2075 —-
1655 2051 1748 2092 1608,
1763 2055 1796 2090 8,
1822 2050 1937 2098 (Man,

212 2112 290 2147 taire
307 2110 346 2144 A.
361 2108 406 2141 T.
423 2103 489 2139 ind.
511 2116 585 2151 pag.
600 2113 658 2144 342
675 2100 734 2148 sq.)

315 2181 433 2216 Dionis
457 2187 552 2212 oratt.
577 2177 601 2209 1.
624 2176 684 2208 Vll
707 2184 738 2208 et
761 2175 817 2209 XI.
845 2172 965 2221 gallice
991 2170 1098 2208 versae
1117 2172 1156 2207 ab
1179 2186 1353 2219 anonymo
1381 2174 1415 2208 in
1439 2174 1512 2208 vitis
1533 2182 1704 2208 oratorum
1728 2186 1937 2224 graecorum,
1990 2190 1995 2193 ·

218 2234 283 2272 vol.
300 2234 339 2268 11.
357 2242 437 2275 1751.
463 2238 597 2263 notante
612 2227 748 2260 Reiskio
772 2227 805 2257 in
827 2223 960 2272 praefat.
982 2238 1054 2272 pag.
1073 2225 1142 2259 XX.

318 2308 439 2393 Dioriz-is
455 2303 570 2353 Chrys.
585 2305 751 2352 Diogenes
767 2298 833 2336 flue
849 2299 890 2335 de
908 2304 1040 2340 virtute,
1067 2303 1102 2336 in
1116 2302 1167 2337 lo.
1182 2299 1326 2347 Patusac
1341 2299 1607 2351 Encyclopaedia
1621 2301 1788 2352 philolog.
1802 2302 1869 2339 vol.
1885 2304 1940 2341 111,

220 2375 295 2413 Pag·
311 2372 371 2404 372
409 2369 463 2408 qq·

1777 2427 1940 2477 Isocrati&
