2049 2720
82 142 145 170 voi.
155 143 203 170 111.
218 149 243 175 p.
253 123 306 175 23?

624 139 840 179 EPICTETI
875 143 1019 180 AETAS
1051 143 1118 180 ET
1149 141 1262 180 VITA

1374 145 1445 180 Lib.
1459 142 1530 184 JV.
1544 157 1568 182 ι.
1582 144 1652 180 IX.
1757 151 1797 194 65

186 239 216 273 Ι.
234 238 278 274 G.
297 234 474 283 Chaufcpie'
488 237 633 274 Ditflion.
655 236 725 273 hist.
746 248 776 273 et
796 239 865 273 crit.
887 238 919 272 h.
936 252 965 274 v.
988 248 1069 275 tom.
1085 240 1124 275 11.
1152 259 1202 265 —
1229 240 1259 274 I.
1277 238 1318 275 F.
1337 240 1430 289 Mieg
1449 241 1526 276 iiber
1547 240 1690 288 Epidiets
1711 243 1797 279 Cha.

82 290 185 327 radiet
207 288 273 324 und
294 289 580 337 Denkungs-Art‚
606 292 640 325 in
659 287 862 326 Psalzischen
876 287 1030 326 Museum
1050 301 1133 327 tom.
1148 292 1172 325 Ι.
1192 288 1270 326 fasc.
1286 302 1318 333 4.

182 358 256 391 Hos
279 354 389 398 adeat,
417 358 471 404 qui
493 356 587 404 plura
608 355 649 392 de
662 358 813 405 Epidieto
835 360 965 408 eiusque
980 356 1189 409 philosophia
1210 355 1290 394 scire
1311 361 1429 408 cupiat.
1455 357 1538 394 adde
1552 358 1637 395 infra
1650 362 1684 398 in
1701 361 1799 399 catal.¹

82 407 263 445 editionum
285 418 315 443 et
337 406 540 452 vernonum,
571 411 604 443 in
625 409 701 445 fine.
729 408 840 454 Harl]

184 513 208 545 Ι.
234 511 573 552 EPJCTETVS,
599 510 885 559 HierapolitanuS,
912 512 1043 556 Phryx,
1071 510 1289 561 Epaphroditi
1306 516 1358 557 ⁵),
1385 514 1441 560 qui
1464 513 1595 549 libertus
1619 523 1650 550 et
1669 516 1797 551 cubicu'·

81 562 181 600 larius
203 563 357 604 Neronic‚
381 564 600 612 iniperatoriS‚
623 560 705 606 fuit,
731 560 840 598 seruus
855 561 898 609 ⁶).

124 707 161 746 a)
194 706 323 740 suidas:
350 707 507 742 Ἐπίκτητος
528 706 702 748 ‘lapan-dnm:
727 709 774 741 τ’ἤς
795 709 914 749 Φρυγίου

81 749 251 788 Φιλόσοφος,
282 750 360 781 δέλος
383 751 410 780 δὲ
433 751 615 792 Ἐπαφροδῖτε
634 755 683 782 τίόν
706 750 913 789 σωματοφυλά-

80 803 130 822 κων
151 795 186 822 ri
209 798 344 829 βασιλέως
363 792 487 835 Νέρωνος.
530 798 660 826 Neronis
683 796 804 826 libertus
827 806 913 825 voca-

80 842 129 867 tur
156 836 207 867 ille
235 838 468 878 Epaphroditus
496 839 573 879 apud
602 841 743 869 Tacitum
775 837 825 868 lib.
845 840 911 869 XV.

79 888 193 921 cap.55.
208 881 308 910 Annal.
324 889 354 910 et
368 882 444 922 apud
453 885 609 911 Arrianum
623 884 654 912 in
663 883 815 923 Epifieteis
830 880 911 911 lib.1.

79 932 142 964 cap.
159 934 178 952 ι.
221 926 334 954 Mentio
349 925 479 954 eiusdem
495 924 545 954 lib.
562 927 583 954 1.
599 936 660 965 cap.
683 935 712 960 ¹9
728 933 756 955 et
771 927 819 955 26.
851 927 912 954 Ne-

80 975 138 1005 que
153 965 226 995 alius
241 967 367 1002 videtur,
387 970 432 997 cui
450 967 565 997 Flauius
579 968 722 1009 Iosephus
738 967 829 997 libros
845 966 911 996 suos

79 1007 240 1048 inscripsit,
263 1019 295 1038 vt
308 1010 393 1039 sentit
407 1014 495 1039 etiam
517 1011 721 1041 Tillemontius
743 1012 774 1039 in
791 1011 913 1040 historia

80 1051 294 1091 imperatorum
316 1060 387 1081 tom.
404 1055 438 1082 11.
467 1063 532 1093 pag.
551 1062 614 1090 471.
644 1053 719 1089 [vid.
740 1052 809 1082 Cur.
830 1052 913 1082 Dau-

81 1092 142 1123 huz
159 1102 230 1133 part.
247 1096 296 1124 111.
313 1094 363 1124 lib.
381 1097 401 1123 1.
424 1106 477 1135 pro
493 1097 659 1124 testimonio
678 1094 717 1124 1³1.
735 1094 853 1135 Iosephi
877 1094 913 1123 de

80 1137 104 1166 1.
123 1137 191 1166 Chr.
231 1136 363 1174 Hudfim.
385 1146 413 1166 et
432 1137 595 1176 Spagzhcm.
615 1137 651 1166 ad
672 1137 789 1177 losephi
810 1139 912 1171 vitam,

80 1186 153 1208 tom.
164 1181 204 1208 11.
227 1190 289 1220 pag.
308 1190 350 1214 39.
372 1179 440 1209 edit.
459 1175 664 1219 Hauercamp.
686 1181 737 1219 qui
760 1186 856 1208 tamen
879 1178 914 1207 ad

80 1221 137 1252 Ios.
159 1231 258 1251 contra
280 1224 420 1262 Apionem
440 1223 462 1251 1.
481 1224 544 1251 init.
568 1232 632 1262 pag.
647 1230 710 1260 437.
732 1232 791 1251 non
806 1220 913 1250 intelli-

81 1266 123 1302 git
140 1264 370 1305 Epaphroditum
385 1263 486 1300 illum,
510 1263 557 1293 sed
572 1264 660 1293 alium
671 1288 679 1300 ,
704 1266 841 1300 Traiani,
866 1267 914 1301 (vt

80 1309 178 1347 inquit
192 1309 310 1337 Grotius
327 1308 362 1337 ad
378 1309 484 1336 Lucam
498 1318 559 1348 cap.
576 1310 598 1338 1.
614 1319 641 1337 v.
657 1309 697 1343 3.)
721 1307 858 1336 libertum
882 1316 914 1335 ac

79 1358 314 1391 procuratorem.
343 1350 449 1390 Harl]
494 1352 529 1380 At
549 1352 644 1386 enim,
668 1350 748 1391 quod
769 1348 913 1380 Abraha-

80 1402 130 1423 mo
145 1391 282 1423 Berkelio
298 1393 419 1434 praefat.
436 1396 465 1422 in
485 1394 648 1434 Epi&etum
665 1402 693 1423 et
711 1392 913 1423 GMLSaMe-

82 1444 120 1465 no
145 1438 176 1465 in
204 1437 280 1466 otiis
309 1435 437 1474 theolog.
466 1446 529 1476 pag.
549 1446 593 1472 43.
619 1439 649 1465 in
671 1444 798 1465 mentem
819 1437 913 1470 venit,

81 1478 217 1508 eumdem
241 1478 472 1519 Epaphroditum
493 1478 635 1508 celebrari
655 1490 670 1507 a
686 1478 775 1508 Paulo
793 1479 912 1519 Aposto-

64 1519 132 1556 Ἰο,
158 1521 258 1561 procul
286 1523 326 1551 est
355 1532 372 1550 a
400 1523 521 1551 veritate
549 1521 706 1562 repulsum.
750 1520 912 1559 Qiomodo

83 1566 161 1593 enim
185 1565 314 1594 minister
334 1566 518 1606 imperatoris
538 1566 663 1601 ethnici,
686 1567 786 1605 isque,
812 1571 844 1594 vt
863 1574 912 1593 va-

81 1609 134 1638 riis
151 1609 326 1645 argumentis
341 1609 458 1643 constat,
482 1608 663 1643 ambitiosiss,
686 1607 832 1643 adulator,
849 1618 913 1637 cru-

83 1649 173 1683 delis,
195 1651 333 1685 timidus.
355 1650 422 1680 ess‘et
435 1649 482 1680 vel
498 1650 552 1680 effe
573 1650 664 1691 posset
682 1650 833 1692 Apostolus
847 1652 912 1680 Phi-

82 1692 272 1733 lippensium,
307 1692 387 1722 Pauli
411 1693 518 1730 frater,
552 1691 692 1733 curveris,
722 1689 913 1733 συςρατιῶτηε,

82 1732 222 1775 &arteriis
243 1737 288 1768 τῆς
308 1733 402 1775 χρείας
421 1735 490 1764 azir}
513 1744 541 1766 et
563 1737 684 1767 dilefflus
698 1734 837 1773 aiveinos,
863 1738 914 1776 qui

83 1778 113 1809 se
133 1789 149 1807 a
174 1778 262 1808 Paulo
281 1779 317 1807 ad
341 1779 537 1820 Philippenses
566 1779 711 1817 euangelii
733 1780 815 1809 causa
836 1781 913 1809 mitti

83 1830 233 1863 pateoetur
260 1823 386 1862 Philipp.
404 1824 439 1851 11.
463 1824 506 1856 ἀς,
534 1830 563 1851 et
585 1822 691 1852 coloss.
708 1825 731 1852 1.
750 1833 779 1860 7.
843 1825 914 1853 Non

81 1865 176 1901 magis
193 1863 377 1904 exploratum
394 1866 449 1900 est,
471 1865 551 1904 quod
575 1864 731 1895 sententiae
751 1865 795 1895 illi
817 1865 913 1906 super-

83 1908 219 1939 struitur,
250 1909 411 1946 Epietemm
436 1917 471 1936 ex
493 1906 573 1937 Pauli
596 1919 648 1938 ore
672 1907 840 1949 frequenter
866 1918 914 1948 pe-

85 1949 230 1991 pendffle,
267 1952 453 1989 animumque
476 1951 538 1979 eius
568 1951 678 1991 coelesti
705 1955 734 1981 et
762 1952 915 1981 matutino

85 1990 275 2032 Christianae
306 1992 466 2029 refigionis
494 2002 565 2022 rore
590 1993 809 2032 quodammodo
822 1991 915 2033 fuiffit

85 2034 266 2074 adspersum.
312 2033 396 2063 Nihil
412 2033 479 2063 sane
494 2036 616 2075 Epi&eti
631 2034 739 2070 fertur,
763 2035 842 2075 quod
857 2046 915 2064 non

85 2078 212 2107 aStoico
235 2075 412 2116 philosopho
433 2077 575 2117 proficisci
597 2080 742 2117 potuerit,
764 2077 916 2111 nonnulla,

85 2130 160 2160 quae
181 2120 258 2148 haud
281 2129 402 2159 poiuere
425 2119 567 2159 proficisci
589 2131 604 2147 a
628 2121 807 2150 Christiano:
830 2128 862 2149 vt
879 2120 914 2149 de

85 2163 306 2193 christianicum
322 2164 385 2191 eius
400 2161 447 2191 vel
468 2162 503 2190 ad
520 2160 768 2192 Christianismum
790 2173 915 2203 propen-

85 2206 165 2235 {ione
190 2205 338 2233 vaniffima
362 2205 394 2233 fit
422 2204 562 2245 suspicio,
594 2204 662 2235 lieet
683 2208 708 2236 S.
732 2207 916 2244 Augustinus,

87 2249 210 2287 Episteti
225 2249 332 2276 virtute
349 2255 446 2287 captus
463 2250 627 2288 optauerit,
651 2258 718 2277 eum
734 2250 810 2278 inter
824 2257 915 2277 aeter-

87 2301 142 2320 nae
157 2292 232 2319 vitae
246 2290 390 2319 consortes
415 2289 468 2319 esse
488 2290 637 2321 adscitum.
684 2291 782 2328 [Guil.
801 2291 916 2321 Canem

87 2335 121 2363 in
136 2333 238 2362 Christ.
256 2334 365 2372 primit.
379 2335 399 2361 Ι,
416 2344 479 2372 pag.
495 2337 545 2367 6⁴·
569 2332 652 2373 Ccisp,
669 2332 783 2365 Bartlz.
798 2332 916 2364 Aduers.

88 2376 165 2405 Lm.
181 2385 224 2403 10.
245 2376 348 2415 (quem
367 2374 464 2415 Roffat
479 2375 497 2406 l.
512 2386 535 2406 c.
555 2387 618 2416 pag.
634 2386 646 2410 ς
662 2376 720 2416 sqq.
739 2376 855 2417 copiose
871 2386 916 2405 re-

89 2416 222 2454 fumuit»
249 2418 295 2450 lo.
313 2418 408 2449 Gottl.
422 2417 606 2460 Heineccius,
623 2421 656 2450 in
675 2419 749 2462 disp.
769 2420 805 2450 de
820 2418 920 2461 philoae

130 2467 198 2509 pot.
212 2468 252 2500 V.

951 566 1034 606 Hic,
1057 561 1163 600 fracto
1185 566 1270 612 (heri
1294 561 1342 599 sui
1362 562 1462 611 iuffu)
1482 578 1574 602 crure
1589 569 1627 611 ⁸),
1652 566 1799 612 claudus,

1694 632 1799 668 quum

965 708 1065 750 sophis
1080 710 1340 744 Semichristianis,
1363 708 1456 739 Halae
1474 718 1551 748 1714.
1567 719 1597 746 4.
1613 710 1642 749 §.
1654 714 1715 742 XV.
1733 723 1798 754 pag.

965 762 999 787 32
1018 753 1057 793 sq.
1086 754 1282 789 arbitrantur,
1326 754 1488 794 Epichtum
1517 764 1533 783 e
1566 755 1799 789 Christianorum

965 798 1065 836 potius
1093 796 1318 830 consuetudine,
1355 807 1442 836 quam
1465 798 1494 825 in
1527 799 1651 826 Zenonis
1681 802 1798 839 porticu

965 838 1135 879 profecisse,
1165 847 1232 875 aut,
1260 847 1292 868 vt
1314 840 1502 875 Heineccius,
1531 850 1705 881 quamquam
1733 844 1800 883 Epi.

965 882 1074 911 &etum
1088 882 1241 911 nominare
1257 882 1451 911 Christianum
1465 893 1525 912 non
1538 883 1644 919 audet,
1668 886 1800 915 nostrum

964 930 1061 954 tamen
1085 925 1248 954 Fabricium
1271 924 1448 954 refutaturus
1465 935 1499 954 ex
1514 924 1595 960 locis,
1621 937 1695 966 quae
1708 928 1799 957 addu-

965 969 1018 1003 cit,
1043 966 1172 1005 colligit,
1203 966 1298 1004 illum,
1322 967 1487 997 incredibili
1505 969 1734 999 Christianorum
1752 981 1799 1000 ae-

965 1009 1127 1039 mulatione
1148 1009 1314 1045 incensum,
1338 1009 1450 1039 decreta
1472 1019 1558 1050 atque
1579 1012 1707 1041 instituta
1732 1013 1798 1043 illo-

964 1062 1030 1081 rum
1060 1052 1200 1082 curiosius
1230 1051 1418 1089 inuestigaffe.
1476 1054 1511 1082 At
1533 1056 1611 1082 enim
1640 1056 1799 1095 Epieietus,

965 1097 1100 1134 quamuis
1123 1094 1213 1124 multa
1238 1094 1384 1134 praeclare
1406 1095 1564 1130 docuisset,
1586 1105 1612 1125 et
1638 1097 1719 1138 saepe
1741 1099 1799 1128 dis-

965 1136 1082 1166 cessisset
1102 1147 1118 1166 a
1141 1136 1252 1177 placitis
1271 1139 1375 1171 Stoae,
1398 1140 1545 1178 vitamque
1559 1139 1657 1176 egisset
1672 1140 1800 1171 sobriam

966 1177 1082 1218 suisque
1104 1181 1265 1219 praeceptis
1286 1187 1400 1218 aptam:
1430 1176 1588 1210 immiscuit
1603 1191 1699 1211 tamen
1722 1183 1799 1212 haud

966 1231 1073 1261 pauca,
1097 1232 1173 1261 quae
1185 1231 1201 1249 a
1216 1223 1338 1261 puriore
1356 1223 1587 1252 Christianorum
1602 1224 1735 1254 doetrina
1757 1225 1800 1255 es-

954 1262 1026 1293 ‘sent
1040 1262 1143 1299 aliena,
1160 1272 1208 1293 aut
1221 1265 1341 1293 infirmo
1357 1266 1519 1295 niterentur
1534 1264 1602 1296 talo.
1625 1266 1701 1297 conf.
1716 1279 1800 1309 prae-

964 1313 1009 1336 ter
1024 1305 1131 1336 Roffali
1145 1315 1172 1336 et
1188 1309 1356 1336 Heumanui
1370 1307 1498 1347 disquiss'.
1515 1307 1658 1345 laudatas,
1683 1310 1801 1342 thdou.

967 1348 1131 1390 Christiani
1149 1349 1247 1380 Crellz‘z'
1267 1351 1304 1380 11.
1320 1349 1381 1380 diff.
1404 1352 1434 1380 iu
1454 1351 1559 1390 quibus
1575 1350 1611 1380 τοὶ
1625 1354 1660 1381 τί
1674 1351 1800 1386 ’Enim-6-

965 1403 1000 1419 τε
1016 1390 1156 1430 ὑπέρσοφοι
1170 1392 1217 1428 ³192)
1232 1389 1343 1429 οἷο-σφα,
1367 1400 1395 1422 et
1416 1395 1447 1422 in
1469 1396 1569 1434 priore
1591 1395 1710 1435 quidem
1725 1397 1801 1438 disp.

965 1435 1077 1475 Lipfiae
1094 1444 1166 1472 ¹71¹-
1184 1435 1302 1471 habita,
1326 1437 1357 1465 in
1373 1437 1408 1464 iis
1420 1458 1429 1471 ‚
1452 1447 1527 1476 quae
1547 1438 1584 1467 ad
1606 1438 1694 1468 deum
1708 1442 1801 1480 perti-

965 1486 1049 1509 nent3
1077 1480 1106 1506 in
1128 1478 1289 1518 posteriore
1312 1486 1420 1514 autem,
1441 1483 1521 1516 1716.
1543 1480 1701 1518 ventilata,
1725 1485 1801 1512 circa

966 1521 1093 1550 hominis
1109 1520 1203 1550 officia
1219 1532 1286 1559 erga
1303 1520 1347 1557 se,
1371 1521 1451 1561 quod
1466 1522 1501 1550 ad
1518 1526 1648 1553 animum
1671 1527 1801 1565 pertinet

965 1563 1176 1597 excolendum,
1205 1563 1330 1593 dilucide
1359 1566 1574 1595 commonstrat.
1598 1566 1744 1597 Brucker.
1767 1570 1800 1598 in

967 1607 1031 1636 hist.
1047 1615 1098 1636 etc.
1116 1609 1139 1636 1.
1154 1618 1180 1647 p.
1199 1616 1265 1645 574.
1283 1615 1312 1636 et
1331 1609 1364 1636 in
1387 1606 1448 1637 diff.
1471 1608 1507 1638 de
1526 1610 1646 1643 Stoicis,
1670 1609 1801 1640 subdoli·

967 1650 1201 1679 Christianorum
1232 1649 1451 1687 imitatoribun,
1487 1654 1520 1680 in
1542 1654 1660 1693 Tempe
1690 1653 1802 1683 heluet·

966 1699 1038 1722 tom.
1052 1695 1103 1723 ΙΙΙ.
1124 1693 1189 1722 [εέῖ.
1202 1702 1227 1723 2.
1247 1704 1312 1733 pag.
1329 1697 1398 1722 260.
1427 1693 1520 1723 censet
1543 1695 1663 1735 quidem
1688 1697 1800 1734 Epidic-

962 1743 1029 1769 ψη]
1045 1746 1140 1776 neque
1156 1737 1352 1765 Christianum
1366 1735 1460 1772 fuisse,
1481 1748 1574 1778 neque
1592 1740 1799 1768 Semichristia-

967 1789 1054 1809 nunu
1077 1789 1151 1819 quae
1177 1789 1249 1808 vtro
1273 1778 1432 1816 elegantius
1453 1779 1605 1815 sonarent,
1635 1792 1668 1810 ea
1689 1781 1745 1812 effe
1765 1791 1802 1812 ex

966 1820 1086 1850 subdola
1110 1823 1530 1860 Christianorum-imitatione
1551 1823 1697 1864 profech:
1720 1825 1800 1865 quod

966 1864 1105 1904 equidem
1129 1867 1178 1893 vix
1201 1865 1387 1894 crediderim.
1411 1864 1518 1902 Harl]
1570 1867 1678 1896 Nescio
1700 1870 1801 1905 etiam,

967 1907 1044 1936 vnde
1064 1908 1191 1937 hauserit
1214 1907 1286 1936 Lud.
1304 1909 1469 1942 Morerius,
1501 1909 1580 1947 quod
1605 1908 1800 1949 Epaphrodi-

968 1954 1051 1986 tum,
1084 1952 1206 1990 Epidieti
1228 1951 1397 1983 dominum,
1423 1950 1557 1979 adfirmat
1580 1950 1663 1980 fuiss'e
1687 1952 1798 1992 praefe-

967 1993 1045 2021 ‹Sium
1062 1995 1314 2032 praetorianorum
1331 1991 1469 2028 militum,
1485 1994 1651 2033 (Capitaine
1667 1994 1715 2023 des
1726 1998 1796 2025 Gar-

967 2035 1016 2063 dcs
1037 2034 1084 2063 des
1109 2038 1239 2071 Neron.)
1289 2034 1375 2065 Nihil
1403 2036 1547 2065 eiusmodi
1575 2037 1664 2066 tradit
1685 2038 1799 2075 Studes,

968 2079 1019 2116 qui
1036 2080 1076 2107 ait
1090 2076 1174 2106 fuisse
1193 2079 1242 2105 τῶν
1262 2076 1506 2114 σωματοφυλάκων
1522 2082 1667 2115 Neronis,
1692 2091 1726 2110 ex
1749 2091 1797 2110 cu-

967 2118 1115 2148 biculariis
1142 2119 1285 2160 aliquem,
1314 2131 1373 2150 non
1400 2122 1534 2160 ἕπαρχονς
1561 2123 1697 2151 eumdem
1719 2135 1797 2153 nem.

967 2172 1003 2202 pe
1019 2162 1262 2203 Epaphroditum,
1285 2166 1336 2204 qui
1353 2167 1469 2193 Neroni
1483 2175 1498 2193 a
1514 2164 1617 2194 libellis
1634 2164 1700 2201 fuit,
1717 2177 1798 2196 eum-

968 2215 1025 2244 que
1047 2207 1076 2234 in
1099 2205 1282 2245 adipiscenda
1305 2214 1399 2235 morte
1422 2207 1551 2240 adiuuit,
1574 2217 1603 2236 et
1624 2208 1691 2238 ideo
1707 2220 1721 2238 a
1739 2212 1797 2239 Do-

967 2249 1090 2276 mitiano
1106 2250 1144 2277 est
1159 2248 1344 2285 interfectus,
1367 2251 1436 2278 teste
1451 2250 1595 2279 Suetonio
1611 2253 1722 2280 Neron.
1737 2262 1798 2291 cap.

967 2300 1016 2326 49.
1032 2297 1061 2320 et
1074 2293 1185 2320 Domit.
1201 2302 1261 2332 cap.
1273 2301 1314 2327 14.
1334 2291 1438 2322 Ptmio
1455 2294 1591 2330 panegyr.
1608 2303 1667 2334 cap.
1680 2303 1720 2328 53.
1741 2294 1798 2325 Xi-

961 2331 1079 2372 philmo
1095 2344 1158 2373 pag.
1175 2337 1246 2370 766.

1012 2375 1047 2414 b)
1072 2379 1185 2406 Notum
1207 2376 1365 2412 distichon,
1389 2377 1468 2417 quod
1483 2378 1613 2417 Epieieto
1626 2379 1678 2417 ipsi
1701 2380 1799 2410 aneio-

968 2419 996 2448 ri
1019 2419 1123 2450 tribuit
1148 2419 1259 2450 Gellius
1273 2418 1323 2449 lib.
1337 2422 1375 2451 Π.
1398 2430 1458 2461 cap.
1477 2426 1516 2454 ιδ,
1538 2422 1628 2451 Azan
1643 2420 1799 2455 Ἐπίκτητος

1018 2464 1035 2497 1
1690 2464 1801 2502 γενόμην
