2049 2720
56 146 175 176 Vei-111·
184 144 268 181 1³·326
619 142 773 180 1310le
805 142 942 179 cAssn
973 139 1220 178 EDITIONES
1325 140 1397 177 Lib.
1410 137 1477 178 IV.
1490 153 1513 176 c.
1527 139 1620 175 XII.
1715 151 1773 183 ¹47

160 243 197 285 2)
221 242 249 275 E
266 237 413 275 verfione
433 236 579 274 eiusdem
596 237 763 285 Xylandri
775 250 795 271 a
811 239 861 272 Io.
876 237 1068 271 Leunclauio
1083 234 1255 271 emendata
1270 234 1420 270 Francof.
1435 234 1475 270 ad
1493 237 1608 270 Moen.
1630 247 1714 281 ¹59²·
1738 241 1769 273 8.

40 281 144 342 'apud
168 295 206 328 A.
223 291 378 327 Wecheli
401 290 543 326 heredes.
571 291 694 324 Fabric.
732 309 774 316 -—
810 288 1001 324 Leunclauii
1023 297 1117 323 notas
1138 286 1226 322 dedit
1244 285 1369 322 recusas
1385 288 1524 326 Reimar.
1539 289 1576 323 11.
1598 300 1673 335 pag.
1692 296 1771 330 1453.

60 345 126 381 vol.
140 347 164 380 1.
181 345 212 393 §.
228 346 249 379 6
265 354 296 379 et
313 356 360 379 ιο.
387 342 460 396 vide
473 342 513 377 de
531 340 663 377 Leuncl.
682 339 756 376 edit.
780 341 881 376 Harl.

165 412 328 459 Georgius·
343 422 477 459 quoque
494 409 623 444 Merula
639 407 807 443 historiam
824 406 866 443 de
880 406 1141 456 conflagratione
1154 403 1287 441 Vesuuii
1303 407 1427 441 montis
1447 418 1465 440 e
1480 405 1592 440 Dione
1605 403 1775 446 transtulit,

59 473 94 499 vt
109 465 233 499 notauit
250 464 429 498 Gesnerus:
456 460 536 507 [vid.
550 459 589 495 ad
607 461 637 508 §.
651 458 728 508 seq.]
755 471 786 495 et
802 461 920 495 Dionis
937 461 1127 494 Traianum
1145 458 1337 505 Francisczcr
1353 457 1539 505 Philelphus
1556 457 1656 492 latine
1672 458 1775 491 vertit.

60 514 146 550 Vide
161 513 310 551 Voffium
325 513 365 548 de
382 512 452 548 hist.
470 514 575 548 latinis
593 525 666 560 pag.
681 515 756 547 602.
786 513 910 546 Fabric.
943 531 992 538 —
1029 510 1106 545 Alb.
1121 511 1215 544 Frid.
1235 511 1455 549 Mdmannus,
1480 511 1574 544 vertit
1596 521 1636 543 ex
1664 509 1776 542 Dione

61 565 139 602 duas
158 565 310 615 Augusti,
330 567 409 613 imp.
436 567 610 606 orationes,
633 563 673 599 ad
688 566 823 598 maritos
843 564 1003 603 alteram,
1019 561 1154 598 alteram
1177 560 1217 596 ad
1240 561 1397 596 coelibes:
1426 560 1466 595 ad
1491 560 1614 595 calcem
1636 567 1779 607 poemat.

62 617 170 654 Berol.
192 629 275 663 1591.
298 629 331 660 4.
357 636 409 643 —
435 617 485 653 Io,
501 615 623 659 Pinus,
648 613 840 651 Tolosanus
863 613 1052 664 episcopus,
1078 613 1195 649 dicitur
1217 611 1331 648 decem
1355 614 1474 647 Dionis
1496 613 1596 647 libros
1623 625 1641 646 a
1662 609 1782 645 duum-

60 672 167 705 viratu
183 667 318 718 Augusti
339 667 379 702 ad
396 678 541 702 mortem
558 669 700 703 Neronis
717 665 860 710 vertiffe,
881 665 968 716 apud
982 668 1065 702 Petr.
1081 665 1224 710 Alcyon.
1239 662 1342 715 praef.
1360 663 1401 700 ad
1415 664 1514 700 libros
1529 665 1583 698 1v.
1601 659 1781 699 Meteorol.

62 719 223 758 Aristotel.¹
236 735 254 756 a
269 719 301 755 se
316 716 441 763 versOS,
467 721 582 755 Vener.
601 731 678 765 1521.
706 720 807 754 Harl.

168 803 426 842 Graecolatinae,
462 802 491 846 ι)
515 814 589 836 cum
612 802 782 850 Xylandri
802 800 966 843 versione,
1001 798 1112 836 addito
1134 798 1304 848 Xiphilino
1326 812 1403 834 cum
1428 796 1638 833 translatione
1659 796 1782 839 Blanci.

63 855 186 892 Geneu.
203 867 287 901 1592.
301 859 333 900 Ρ)
348 852 409 890 fol,
434 853 520 903 apud
539 855 642 888 Henr.
661 855 871 900 Stephanum,
897 866 973 887 cum
996 856 1061 888 eius
1081 850 1350 900 castigationibus.
1376 852 1496 886 Fabric.
1552 851 1693 896 [Praeter
1710 851 1786 885 Rei.

64 920 147 944 mar.
163 906 186 944 l.
203 920 230 942 c.
252 904 340 942 conf.
358 908 514 954 Fraeytag.
528 905 637 954 adpar.
656 904 716 941 litt.
735 908 775 940 11.
789 919 864 955 pag.
881 917 950 949 1314
967 902 1034 953 sqq.
1061 903 1179 950 ΗΜΛ]

167 975 201 1019 2)
227 975 314 1009 Cum
330 973 489 1018 Xylandri
509 972 656 1008 verfione
673 988 691 1008 a
704 975 752 1009 Io.
769 974 962 1007 Leumlauio
980 970 1170 1012 emendata,
1197 980 1230 1005 et
1255 970 1418 1016 Xiphitini
1440 971 1585 1017 epitome
1606 968 1674 1015 (sed
1688 967 1787 1004 omis-

18 1036 22 1041 “
47 1025 105 1064 =fis
120 1025 269 1073 reliquis,
295 1038 413 1061 eorum
429 1036 555 1059 tantum
572 1024 732 1059 libroruin
746 1026 880 1067 Dionis,
906 1026 960 1072 qui
978 1022 1221 1065 interciderunt)
1243 1035 1319 1056 cum
1337 1021 1450 1055 Blanci
1471 1022 1680 1056 translatione
1698 1020 1788 1055 casti.-

66 1087 141 1127 gata
165 1090 222 1125 per
243 1076 400 1112 eumdem
422 1076 674 1118 Leunclauium,
700 1086 770 1111 tum
792 1078 948 1123 excerptis
971 1075 1129 1123 Theodosii
1144 1076 1272 1120 exigui,
1297 1083 1329 1108 et
1344 1075 1500 1120 excerptis
1514 1070 1553 1107 de
1567 1071 1787 1121 legationibus

69 1143 146 1166 cum
169 1129 357 1164 Leunclauii
384 1127 549 1168 versione,
574 1130 724 1176 notisque
745 1142 784 1162 ac
809 1126 1066 1174 castigationibus
1090 1129 1124 1160 in
1145 1126 1294 1159 Dionem
1319 1123 1452 1172 quidem
1472 1125 1559 1159 Rob.
1576 1125 1729 1172 Stephani
1753 1135 1790 1158 ae

68 1179 247 1225 Xylandri:
282 1183 316 1215 in
340 1176 546 1227 Xiphilinum
569 1177 712 1214 eiusdem
739 1178 917 1224 Xylandri‚
943 1179 988 1211 H.
1004 1178 1158 1226 Stephani
1182 1186 1214 1211 et
1235 1175 1320 1210 Frid.
1342 1175 1527 1224 Sylburgii,
1554 1178 1587 1209 in
1613 1185 1790 1222 Vtrumque

67 1234 116 1268 Io.
135 1230 341 1273 Leunclauii,
367 1233 402 1265 in
428 1230 556 1278 eclogas
579 1230 784 1278 legationum
806 1229 917 1264 Fuluii
933 1227 1049 1264 Vrsini.
1103 1225 1268 1262 Praemisit
1291 1226 1506 1262 Leunclauius
1529 1229 1626 1261 etiam
1649 1227 1792 1261 chrono-

68 1285 195 1332 logiam
218 1279 454 1331 consulumque
475 1285 681 1317 notationem
709 1281 797 1316 libris
818 1280 951 1328 lingulis
973 1294 1013 1315 ex
1039 1276 1196 1314 Onufrio.
1255 1276 1384 1313 Confer
1410 1280 1455 1313 H.
1472 1276 1592 1313 Norilii
1618 1276 1794 1324 epistolam

68 1332 282 1372 consularem.
335 1333 461 1369 Prodiit
482 1336 562 1369 haec
584 1335 704 1369 eximia
722 1330 887 1382 scriptoris
902 1334 1026 1382 egregii
1041 1331 1140 1369 editio
1157 1332 1333 1366 Hanouiae
1349 1332 1434 1380 typis
1452 1328 1602 1365 Wechel.
1618 1331 1713 1364 1606.
1730 1325 1794 1364 fol.

69 1389 223 1436 [Reimar.
240 1389 264 1421 1.
286 1385 351 1433 §.6
371 1395 403 1422 et
417 1398 468 1422 ιο.
491 1388 546 1422 nr.'
560 1387 607 1421 111
623 1395 655 1421 et
669 1386 723 1432 V.]
1024 1383 1027 1388 ⁵

176 1457 274 1490 Noua
293 1449 437 1496 ἔκδοσις,
470 1467 569 1502 quarn
595 1462 745 1502 pararant
761 1452 954 1499 Huguctam‘
978 1452 1013 1485 in
1033 1450 1148 1500 Belgio
1169 1449 1249 1497 (vid.
1266 1452 1336 1487 Aet.
1358 1448 1472 1485 erudit.
1497 1461 1588 1494 1701.
1611 1460 1688 1498 pag.
1705 1447 1794 1491 430.)

73 1509 108 1542 in
126 1506 226 1542 herba
249 1503 315 1554 ipsa
337 1508 440 1554 periit.
465 1505 521 1551 [if]
549 1506 677 1540 Fahrtc.
705 1525 756 1531 --
782 1506 835 1539 De
853 1504 999 1538 Falconis
1023 1501 1126 1538 studio
1148 1514 1180 1538 et
1203 1503 1280 1539 edit.
1303 1506 1367 1537 iarn
1392 1499 1487 1551 supra
1508 1505 1573 1549 egi.
1627 1501 1796 1534 Fabricius

74 1558 183 1595 noster
211 1561 358 1592 animuin
389 1569 522 1605 quoque
549 1556 719 1604 adpulerat
749 1555 789 1590 ad
811 1568 936 1591 nouam
959 1554 1139 1590 editionem
1161 1553 1358 1596 curandam,
1388 1566 1483 1602 atque
1506 1554 1609 1597 Scipio
1632 1549 1796 1597 Maffcius,

72 1610 248 1652 Marchio,
275 1611 330 1657 qui
352 1610 385 1643 in
406 1608 517 1644 istoria
538 1607 750 1656 diplomatica
765 1609 924 1644 Mantuae
938 1619 1024 1650 1727.
1041 1618 1071 1649 4.
1093 1620 1166 1655 pag.
1183 1614 1231 1646 18.
1260 1619 1384 1641 nouam
1407 1604 1585 1640 editionem
1608 1614 1798 1650 nouamque

75 1663 376 1710 interpretationem
392 1658 441 1702 se,
468 1657 650 1706 scripserat,
671 1659 825 1708 cogitaffe
845 1662 879 1694 in
896 1660 1003 1695 lucem
1024 1656 1189 1705 proferre,
1214 1657 1353 1693 consilio
1371 1658 1504 1692 Fabricii
1523 1658 1677 1703 cognito,
1704 1652 1799 1688 suum

75 1710 193 1764 sponte
206 1713 329 1747 abiecit.
380 1711 474 1747 Adde
490 1711 606 1758 Mqffei
621 1711 791 1761 epistolam
805 1714 949 1761 primam
963 1709 1104 1745 italicam
1118 1709 1158 1746 ad
1176 1712 1313 1745 Hieron.
1332 1707 1622 1757 Lagomarfinum,
1648 1709 1800 1741 Veronae

26 1775 31 1777 “
79 1772 172 1809 1748.
186 1776 215 1807 4.
238 1778 257 1798 a
273 1765 420 1798 Reimaro
442 1765 508 1799 vol.
528 1767 566 1797 ll.
588 1762 661 1798 edit.
683 1777 757 1813 pag.
774 1776 859 1809 ¹549·
884 1765 1073 1811 repetitam,
1109 1759 1247 1799 thesaur,
1274 1759 1397 1809 epistol.
1427 1761 1472 1795 La
1486 1762 1639 1795 Crozian.
1663 1757 1800 1793 tom.11.

79 1823 238 1867 pag-184.
258 1828 332 1865 pag.
349 1827 418 1851 222.
446 1817 497 1849 vbi
518 1815 664 1850 VVoffius
694 1817 735 1850 ad
763 1816 986 1850 iablonskium
1010 1811 1134 1856 scribit,
1168 1814 1351 1852 Fabricium
1378 1825 1469 1846 curas
1496 1809 1565 1845 suas
1593 1813 1624 1844 in
1655 1811 1800 1844 Dionem

80 1867 244 1905 Cassium,
276 1865 301 1901 fi
324 1867 532 1914 Xiphilinum
553 1870 712 1915 excipias,
743 1870 872 1916 penitus
895 1863 1080 1906 absoluisse,
1113 1867 1144 1900 it.
1162 1878 1235 1913 pag.
1250 1877 1322 1908 224.
1373 1865 1467 1898 Tum
1493 1875 1568 1910 pag.
1582 1873 1646 1903 232.
1667 1875 1694 1895 a.
1713 1871 1802 1904 1729.

82 1917 211 1960 scribit,
236 1918 447 1953 wettssenios
468 1916 522 1952 sub
546 1920 676 1955 initium
704 1922 779 1953 anni
806 1920 952 1966 proximi
968 1919 1113 1952 Dionem
1130 1917 1268 1950 Fabricii
1286 1917 1369 1950 curis
1393 1916 1598 1960 recognitum
1618 1914 1724 1959 operis
1741 1907 1803 1945 effe

83 1969 277 2014 tradituros,
300 1982 352 2004 an.
368 1980 479 2004 autem
496 1971 584 2012 1736.
600 1968 729 2018 prodit,
755 1970 798 2005 ob
817 1983 927 2006 moras
947 1978 978 2003 et
1000 1968 1221 2003 modiationes
1239 1966 1428 2007 Wetssenii‚
1454 1964 1576 2000 librarii
1597 1960 1803 2011 superciliofi,

942 2020 978 2054 T
1001 2030 1020 2053 2
1620 2016 1804 2050 Fabricium

89 2131 153 2158 tur:
176 2124 227 2154 nifi
249 2129 282 2153 vt
301 2121 444 2164 praefatio
466 2122 530 2151 data
553 2123 585 2152 fit
606 2122 743 2157 Bafileae
764 2120 824 2151 Cal.
841 2123 924 2151 Nou.
977 2120 1132 2155 dicuntur,
1161 2131 1219 2150 non
1245 2119 1317 2150 editi
1337 2119 1491 2153 videntur,
1527 2116 1644 2146 consilio
1668 2126 1805 2156 quacum-

89 2169 167 2199 vnde
189 2168 244 2197 hoc
267 2173 316 2195 aut
337 2165 465 2205 sequenti
490 2176 563 2194 anno
589 2166 740 2205 prodierit.
784 2164 923 2193 Additum
976 2174 1032 2203 qne
1054 2163 1088 2192 de
1110 2162 1201 2192 caussa
1222 2162 1393 2192 interuerso.
1419 2161 1477 2191 vid.
1501 2163 1625 2189 Reium.
1650 2160 1684 2187 de
1706 2160 1757 2187 hac
1778 2163 1807 2188 et

93 2213 132 2242 est
146 2209 296 2250 Xiplzilini
321 2219 335 2235 c
358 2210 454 2237 Dione
478 2209 702 2248 compendium,
726 2218 760 2237 ex
782 2209 923 2247 interpre-
976 2206 1107 2247 sequenti
1122 2206 1191 2235 edit.
1208 2205 1267 2236 vol.
1283 2207 1305 2236 Ι.
1327 2205 1352 2247 ς).
1369 2215 1398 2241 4.
1414 2203 1473 2233 vol.
1492 2206 1517 2231 ΙΙ
1543 2213 1570 2242 p.
1592 2211 1671 2236 542.
1694 2201 1787 2231 Harl.

92 2257 205 2285 «atione
228 2250 296 2281 Gui'i
321 2249 418 2279 Biznci
439 2249 592 2283 silhiensis,
621 2260 637 2277 a
657 2250 804 2283 Xylandro
828 2260 924 2279 emen·
1660 2258 1662 2261 ¹

95 2297 178 2327 data:
201 2305 266 2324 cum
288 2293 428 2326 Xylandri
451 2298 590 2321 annotatt.
613 2293 642 2320 in
662 2293 785 2320 DLoneni
800 2288 923 2330 Xiphili-
1017 2289 1055 2329 p)
1081 2291 1144 2318 Hoc
1159 2299 1234 2318 anuo
1253 2296 1330 2323 1592,
1353 2289 1491 2326 signatum
1511 2297 1626 2327 quoque
1650 2288 1688 2316 est
1711 2295 1808 2315 meum

95 2349 243 2379 numque,
265 2336 349 2376 (quas
366 2337 491 2363 Reimar.
506 2334 632 2363 reddidit
648 2342 717 2363 tom.
735 2335 770 2362 Π.
789 2344 816 2372 p.
835 2334 926 2369 1384.)
980 2331 1137 2372 exemplar.
1190 2335 1224 2362 At
1250 2334 1280 2360 in
1309 2331 1388 2359 catal.
1419 2333 1527 2360 Bonan.
1552 2332 1571 2358 Ι4
1599 2340 1661 2369 pag.
1681 2334 1726 2363 163
1772 2329 1807 2358 ab

97 2383 191 2414 Iidem
212 2389 305 2409 tamen
322 2380 424 2408 Dionis
442 2388 471 2405 ac
489 2379 564 2417 Xip'n
582 2376 633 2405 lani
655 2377 741 2409 iibri,
767 2377 816 2415 qui
839 2378 867 2403 in
891 2377 925 2403 ti-
981 2376 1111 2412 Freytag.
1135 2373 1153 2403 l.
1175 2385 1197 2404 c.
1231 2382 1257 2403 et
1281 2376 1416 2402 Reii-nare
1445 2376 1465 2401 l.
1490 2374 1513 2412 ᾗ.
1537 2382 1559 2401 τ.
1585 2381 1608 2400 e:
1631 2375 1666 2402 11.
1682 2385 1710 2415 p.
1728 2382 1808 2408 1542.

99 2424 163 2466 tulo
177 2423 244 2455 libri
257 2431 356 2461 graece
371 2431 489 2464 quoque
508 2419 636 2452 seorsum
654 2420 725 2452 editi
739 2427 768 2451 et
781 2418 928 2450 emendati
979 2420 1047 2448 anui
1062 2427 1137 2455 ¹591·
1159 2425 1228 2448 nota
1248 2418 1400 2456 iniignnur
1424 2416 1494 2448 haec
1516 2415 1619 2446 editio.
