2013 2725
207 153 278 191 206
382 149 451 184 Lib.
466 145 536 183 IV.
552 157 574 181 c„
585 144 700 179 XIII.
801 140 1067 178 PLVTARCHI
1099 139 1349 175 EDITIONES

312 245 364 278 ‘Ex
380 241 500 277 Aldino
515 243 611 289 igitur
627 237 781 285 exemplo
804 246 979 272 manarunt
1001 235 1158 270 editiones
1181 247 1315 283 graecae
1345 233 1502 269 Vitarum
1518 233 1726 282 Bastleenses,
1753 233 1838 284 apud
1856 235 1933 270 Fro.

206 297 286 331 iben.
304 298 342 340 Π)
361 306 439 337 1533.
453 304 582 328 curante
597 293 673 326 Sim.
691 291 851 336 Grynum,
879 286 939 332 (de
955 301 1021 336 quo
1037 286 1109 322 vide
1125 288 1268 322 Athenas
1284 287 1448 320 Rauricas.
1476 284 1566 320 Bafil.
1588 294 1674 329 1778.
1693 293 1722 326 8.
1741 299 1770 334 p.
1789 290 1832 331 69
1849 284 1933 334 sqq.)

208 358 244 383 ret
261 360 300 382 ex
317 346 447 382 officina
463 345 612 380 Frobenii
626 356 663 377 ac
681 343 756 376 Nic.
774 337 936 389 Episcopii
951 342 1038 385 1560.
1055 336 1115 374 fol.
1167 340 1204 373 In
1230 338 1398 373 Bebeliana
1421 347 1532 372 tamen
1555 335 1629 371 edit.
1653 339 1820 373 corrector
1842 340 1934 372 inter-

209 399 295 434 «dum
320 400 359 434 ab
382 397 499 433 Aldina
525 393 678 437 diseeffit,
701 401 735 428 et
759 394 836 428 vitas
859 390 1015 441 quasdam
1037 393 1071 426 in
1095 403 1210 426 verum
1232 389 1361 426 reduxit
1383 387 1544 425 ordinem.
1578 386 1642 424 vid.
1661 390 1771 425 Reiskc
1787 402 1862 439 pag.
1879 391 1934 424 IX.

211 452 300 486 XIII.
318 464 359 485 ac
374 451 507 486 XXVII.

313 515 548 552 Par-allatorum
571 513 860 564 comparationes,
890 510 1060 560 separatim
1085 525 1102 546 a
1125 512 1206 546 Vitis
1229 506 1408 558 impressae.
1441 504 1535 544 Paris.
1557 509 1643 552 1567.
1666 519 1697 552 4.
1732 506 1796 543 vid.
1812 507 1935 553 Bodlei.

210 567 306 605 catal.
326 569 364 603 11.
384 580 462 617 pag.
478 579 545 612 337.

312 635 476 675 Marulla,
502 632 591 669 Balil.
609 644 660 680 gr.
678 630 764 681 apud
777 631 913 667 Froben.
932 641 1016 675 1542.
1032 628 1092 666 fol.
1110 629 1295 678 (exemplar
1310 641 1387 663 curn
1403 629 1443 662 V.
1457 628 1495 664 L.
1518 638 1549 663 et
1572 626 1746 665 emendatt.
1766 629 1827 662 viri
1847 625 1937 662 docti

208 686 256 723 est
270 689 306 722 in
321 685 395 722 bibl.
411 684 577 728 Leidenfi,
605 683 680 719 teste
696 683 790 720 catal.
807 696 883 732 pag.
900 684 966 728 165.
981 696 1030 719 nr.
1048 684 1132 729 128.)
1150 681 1225 718 ibid.
1243 681 1388 716 Mornlta
1402 694 1440 716 ex
1455 681 1622 728 Xylandri
1636 677 1833 715 recensione.
1850 689 1936 724 1574.

210 737 273 775 fol.
298 751 350 787 gr.

309 803 483 841 Plutarchi
497 803 653 840 Cbaeron.
671 814 749 850 quac
762 801 886 848 exstant
903 813 1017 847 opera,
1045 814 1122 837 cum
1145 800 1245 837 latina
1268 803 1541 849 interpretatione.
1594 800 1645 835 Ex
1667 798 1793 835 vetustis
1818 796 1939 833 codici·

209 858 272 893 bus
285 856 428 905 plurima
444 870 533 892 nunc
549 856 695 903 primum
711 853 883 890 emendata
907 850 999 893 sunt,
1025 862 1060 888 vt
1083 867 1121 889 ex
1142 854 1244 888 Henr.
1264 854 1415 899 Stephani
1435 852 1592 887 adnotatt.
1618 851 1798 899 intelliges:
1825 850 1938 899 quibus

209 919 245 945 et
261 906 352 943 suam
366 907 592 956 quorumdam
611 906 801 941 libellorum
825 907 1128 952 interpretationem
1149 905 1303 939 adiunxit.
1355 905 1488 939 Aemilii
1505 904 1608 937 Probi
1632 902 1672 938 de
1695 906 1759 938 vita
1781 900 1942 937 excellen-

212 964 298 996 tium
331 963 571 1007 imperatorum
599 958 688 992 liber.
723 958 917 1000 (Geneuae.)
959 959 1058 991 Anno
1080 968 1164 1000 1572.
1187 955 1340 990 excudeb.
1364 957 1469 989 Henr.
1487 955 1670 998 Stephanus.
1693 962 1724 995 8.
1763 951 1941 988 mirvolt.

211 1009 335 1059 scripsit
349 1011 486 1046 Reiske:
513 1012 582 1054 (ita,
594 1018 629 1042 vt
642 1005 716 1043 sena
730 1008 904 1042 volumina
918 1019 1035 1054 graeca
1052 1009 1176 1049 orati03
1203 1005 1340 1041 totidem
1361 1005 1434 1047 alia,
1451 1006 1549 1041 latina
1568 1007 1803 1053 interpretatio,
1822 1002 1943 1055 postre-

212 1076 308 1098 mum
329 1061 469 1111 denique
484 1057 703 1110 praefationes
719 1070 749 1094 et
771 1058 998 1094 adnotationes
1019 1056 1205 1106 iudicesque
1229 1059 1413 1106 impleant.)

315 1137 427 1174 Nitida
450 1137 494 1174 est
513 1136 633 1182 editio,
668 1149 766 1185 quam
790 1137 952 1183 optimam
984 1133 1106 1169 iudicat
1129 1133 1332 1180 Cafimbonus
1354 1131 1393 1168 de
1419 1131 1642 1169 enthufiasmo
1665 1146 1736 1182 cap.
1753 1146 1782 1171 2.
1807 1146 1881 1182 pag.
1902 1145 1944 1180 ις.

215 1193 343 1227 Contra
357 1190 397 1225 de
412 1188 528 1224 eadem
543 1187 685 1224 editione
699 1201 769 1222 non
783 1185 960 1234 magnifice
980 1182 1073 1220 sentit
1095 1185 1264 1228 Xylander
1287 1189 1319 1219 in
1341 1183 1476 1233 praefat.
1502 1184 1542 1219 ad
1566 1195 1646 1223 tom.
1667 1187 1705 1220 11.
1730 1183 1855 1221 Francf.
1880 1185 1946 1221 edi-

216 1246 324 1278 tionis.
378 1244 518 1277 Grauius
535 1240 575 1275 de
591 1254 627 1275 ea
640 1238 714 1274 tulit
730 1237 888 1274 iudicium
908 1238 1026 1272 Reiske
1046 1239 1080 1271 in
1095 1235 1232 1285 praefat.
1254 1250 1331 1284 pag.
1347 1239 1421 1271 XIII
1436 1234 1481 1284 sq.
1508 1238 1643 1272 XXVIII
1660 1233 1725 1286 sqq.
1746 1247 1777 1272 et
1799 1236 1945 1273 animad-

215 1294 353 1329 verlion.
369 1294 434 1328 vol.
456 1295 492 1326 Η.
509 1304 583 1340 pag.
601 1294 653 1327 116
670 1288 714 1338 sq.
768 1289 875 1324 Fluxit
891 1302 928 1324 ea
944 1288 1079 1337 quidem
1092 1302 1131 1323 ex
1147 1288 1316 1324 Bafileensi
1331 1287 1406 1323 edit.
1422 1298 1453 1324 et
1468 1285 1704 1337 insequentium
1723 1286 1809 1325 facta
1830 1288 1874 1324 est
1895 1290 1947 1325 ba-

218 1345 277 1382 sis:
306 1345 409 1379 multa
435 1357 533 1383 vexo.
558 1342 624 1377 siue
644 1354 684 1377 ex
706 1341 810 1381 libris,
836 1340 901 1376 fiue
923 1354 962 1376 ex
984 1341 1183 1382 coniectura,
1208 1342 1288 1376 bene
1302 1351 1427 1376 mutata
1443 1338 1561 1375 suntet
1579 1341 1744 1382 correcta,
1772 1339 1825 1375 sed
1843 1341 1949 1376 multa

221 1409 354 1446 quoque
370 1408 492 1431 temere
509 1393 578 1429 sunt
599 1393 740 1441 ingesta3
766 1406 872 1441 neque
887 1391 1037 1431 codices,
1065 1395 1119 1441 qui
1136 1391 1234 1427 effent
1248 1403 1303 1428 aut
1318 1394 1369 1427 vbi
1386 1392 1585 1440 prostarent,
1613 1389 1686 1427 sunt
1702 1390 1844 1427 indicati.
1897 1394 1948 1427 Ex

219 1450 353 1483 Iuntino
367 1445 521 1495 exemplo
537 1445 701 1482 interdurn
716 1455 888 1479 reuocatus
904 1444 950 1479 est
975 1444 1059 1479 ordo
1078 1447 1237 1488 vitarum3
1264 1455 1296 1479 at
1319 1443 1496 1478 deteriores
1521 1456 1653 1492 quoque
1673 1443 1830 1480 lectiones
1852 1442 1948 1479 redu-

221 1502 301 1535 istae.
330 1508 389 1533 etc.
415 1497 497 1533 adde
514 1499 671 1544 Frcytag.
688 1495 844 1532 Analecta
866 1509 939 1544 pag.
953 1509 1022 1543 900
1035 1516 1080 1521 —
1093 1508 1168 1541 902.
1209 1492 1419 1531 Thesaurum
1443 1495 1627 1531 bibliothec.
1648 1505 1728 1531 to‘m.
1747 1496 1786 1531 II.
1807 1507 1881 1544 pag.
1897 1497 1947 1538 65.

221 1553 260 1586 In
277 1551 353 1586 bibl.
368 1548 534 1590 Leidenfi,
561 1549 668 1593 (catal.
685 1561 760 1597 pag.
779 1560 844 1590 150.
863 1560 910 1584 nr.
927 1549 1012 1592 164.)
1030 1547 1198 1596 exemplar
1219 1547 1264 1583 est
1277 1561 1378 1582 manu
1392 1547 1526 1583 Claudii
1542 1545 1688 1582 Boscheti
1704 1545 1869 1587 Mestriaci
1890 1559 1950 1583 no-

222 1612 349 1639 tatum:
376 1600 451 1646 ibid.
466 1613 542 1649 pag.
560 1603 631 1635 226.
645 1613 694 1635 nr.
711 1604 779 1644 163.
792 1599 836 1634 est
852 1608 935 1636 torn.
951 1600 990 1636 Π,
1006 1601 1100 1635 vitar.
1123 1612 1200 1635 cum
1223 1598 1382 1635 adnotatt.
1399 1601 1523 1634 Mureti
1537 1600 1784 1648 marginalibus,

324 1679 453 1713 Textus
469 1680 579 1727 igitur,
604 1691 622 1712 a
637 1677 801 1724 Stephano
816 1674 1016 1717 constitutus,
1039 1677 1282 1726 propagabatur
1302 1678 1336 1712 in
1353 1676 1439 1715 editt.
1455 1677 1794 1727 Francnfm-terfibns‚
1814 1680 1846 1718 ι)
1861 1673 1949 1726 apud
1979 1694 1982 1697 >

226 1733 265 1766 A.
282 1730 451 1767 Wechelii
471 1728 623 1769 heredes,
650 1726 828 1763 Claudium
844 1728 1017 1762 Marnium
1037 1738 1068 1763 et
1084 1729 1131 1763 Io.
1149 1729 1310 1763 Aubrium
1326 1744 1352 1764 a.
1370 1742 1456 1775 ¹599·
1470 1726 1529 1763 fol.
1555 1728 1684 1764 duobus
1699 1730 1778 1766 voll.
1805 1741 1951 1777 quorum

225 1784 315 1830 prius
330 1785 407 1818 vitas
420 1794 555 1829 graece,
581 1793 658 1814 cum
673 1777 818 1814 versione
835 1778 977 1824 Cruserii
997 1789 1028 1815 et
1045 1782 1131 1815 notis
1148 1779 1292 1815 eiusdem
1311 1779 1472 1822 Cruserii,
1498 1779 1679 1824 Xylandri,
1704 1791 1802 1829 atque
1824 1781 1870 1815 H.
1882 1776 1954 1815 Ste-

225 1835 347 1884 phani3
372 1832 529 1882 posterius
550 1831 695 1867 Moralia
711 1843 789 1866 cum
801 1828 962 1874 Xylaudri
978 1829 1128 1866 verlione
1143 1842 1174 1866 et
1188 1834 1291 1878 notis,
1318 1842 1475 1880 notasque
1494 1832 1540 1867 H.
1556 1833 1713 1880 Stephani
1731 1841 1764 1867 et
1783 1833 1885 1866 varias
1906 1830 1952 1866 le-

227 1887 351 1921 &iones
377 1885 503 1920 exhibet
520 1884 566 1928 ²⁸).
595 1903 648 1910 -—-
674 1884 818 1928 2)1605.
835 1879 896 1916 fol.
922 1894 1056 1929 graece,
1087 1881 1174 1931 apud
1197 1882 1350 1919 Wechel.
1374 1896 1474 1932 quam
1495 1883 1679 1931 elegantem
1695 1892 1727 1917 et
1742 1881 1952 1918 emendatam

229 1935 308 1971 dicit
322 1937 494 1971 Fabricius.
519 1955 572 1961 —
597 1935 630 1978 3)
648 1938 742 1970 1620.
757 1946 872 1980 graece
886 1943 918 1968 et
932 1947 1008 1968 cum
1030 1934 1130 1969 latina
1154 1937 1419 1982 interpretatione
1444 1935 1558 1969 Herm.
1578 1934 1743 1981 Cruserii,
1771 1933 1862 1971 Guil.
1881 1935 1953 1982 Xy·

229 1988 345 2022 landri.
396 1990 472 2023 Ace.
488 1999 576 2021 nunc
592 1987 740 2034 prImum
757 1984 884 2020 libellus
901 1985 1047 2021 eiusdem
1063 1985 1259 2031 (Plutarchi)
1282 1985 1323 2021 de
1344 1985 1527 2021 fluuiorum
1552 1988 1787 2036 montiumque
1808 1988 1954 2022 nomini·
2000 2008 2013 2016 «ι

229 2040 308 2077 bus.
332 2051 408 2074 cum
432 2037 579 2073 versione
600 2037 773 2085 librifici,
802 2047 833 2072 et
855 2036 1031 2073 doctorum
1052 2039 1198 2072 virorum
1225 2040 1332 2080 notis,
1357 2047 1388 2073 et
1413 2036 1533 2072 libellis
1553 2040 1748 2073 variantium
1769 2038 1953 2079 lectionum
2012 2047 2013 2059 ³

230 2104 269 2127 ex
286 2092 383 2126 MSS.
400 2089 494 2125 codd.
512 2089 687 2137 dlligenter
704 2087 937 2130 collectarum,
965 2097 995 2124 et
1012 2088 1172 2124 indicibus
1186 2093 1360 2124 accuratis:
1385 2092 1419 2124 in
1443 2089 1576 2124 officina
1590 2091 1676 2126 Dan,
1697 2103 1735 2124 ac
1750 2088 1871 2125 Dauid.
1891 2092 1955 2124 Au·
2000 2086 2001 2138 l

231 2144 379 2178 briorum
396 2146 426 2177 e't
441 2143 605 2178 Clement.
621 2140 806 2177 Schleichii.
820 2142 858 2179 11.
875 2141 955 2177 voll.
969 2139 1029 2178 fol.
1056 2140 1265 2190 Bibliopolae
1279 2140 1412 2190 quidem
1426 2143 1460 2176 in
1475 2141 1613 2190 epistola
1628 2140 1956 2229 dedicatoriamnpgiig:
2000 2143 2001 2155 ³

277 2297 324 2333 ss)
347 2297 381 2326 In
395 2295 461 2326 aliis
476 2295 600 2337 exempl.
613 2297 653 2326 est
672 2294 768 2336 palma
781 2295 911 2331 Eebelii,
933 2303 1020 2337 atque
1035 2297 1069 2327 in
1163 2296 1204 2334 tt)
1227 2297 1262 2325 In
1278 2294 1359 2326 catal.
1372 2295 1539 2327 Thottiano
1557 2302 1627 2326 tom.
1643 2297 1694 2326 lv.
1715 2306 1782 2337 pag.
1797 2304 1841 2332 19.
1878 2294 1954 2325 Edit.
1998 2281 1999 2285 Ἰ

235 2340 315 2367 catal.
331 2341 440 2369 Bunau.
457 2343 479 2370 I.
497 2350 561 2381 pag.
578 2343 636 2374 165.
657 2347 684 2368 et
699 2339 764 2368 aliis
779 2339 885 2370 dicitur
901 2340 1001 2369 excusa
1016 2350 1070 2380 per
1122 2340 1202 2380 Opp.
1223 2342 1355 2370 omnium
1383 2351 1424 2378 gr.
1446 2348 1474 2370 et
1495 2340 1542 2370 lat.
1559 2342 1682 2379 interpr.
1700 2337 1835 2369 Cruserio
1853 2345 1881 2368 et
1895 2339 1952 2372 Xy-

236 2379 334 2410 Ann'r.
352 2381 563 2412 Cratandrum
577 2386 606 2412 et
622 2383 670 2413 Io.
685 2381 840 2413 Bebetium
851 2403 861 2417 ‚
881 2398 926 2405 —
947 2382 996 2412 lat.
1016 2384 1070 2413 Ba·
1121 2382 1225 2413 landro
1243 2382 1467 2423 Heidelbergae
1482 2391 1559 2420 ¹599·
1576 2382 1628 2413 fol.
1646 2385 1683 2414 11.
1698 2380 1772 2414 voll.
1793 2381 1910 2412 citatur.

235 2422 364 2461 fil.'1531.
384 2430 411 2452 et
423 2422 501 2464 apud
519 2424 615 2453 Bebel.
632 2432 703 2461 1535-
723 2422 775 2455 fol.
1951 2420 1954 2422 ¹
