<?xml version="1.0" encoding="UTF-8"?>
<!DOCTYPE html PUBLIC "-//W3C//DTD XHTML 1.0 Transitional//EN"
    "http://www.w3.org/TR/xhtml1/DTD/xhtml1-transitional.dtd">
<html xmlns="http://www.w3.org/1999/xhtml" xml:lang="en" lang="en">
 <head>
  <title>
</title>
<meta http-equiv="Content-Type" content="text/html;charset=utf-8" />
  <meta name='ocr-system' content='tesseract 3.04.00' />
  <meta name='ocr-capabilities' content='ocr_page ocr_carea ocr_par ocr_line ocrx_word'/>
</head>
<body>
  <div class='ocr_page' id='page_1' title='image "./bibliothecagraec05fabruoft_0831.png"; bbox 0 0 2049 2720; ppageno 0'>
   <div class='ocr_carea' id='block_1_1' title="bbox 44 73 1716 130">
    <p class='ocr_par' dir='ltr' id='par_1_1' title="bbox 44 73 1716 130">
     <span class='ocr_line' id='line_1_1' title="bbox 44 73 1716 130; baseline 0 2590"><span class='ocrx_word' id='word_1_1' title='bbox 44 73 1716 130; x_wconf 95' lang='lat' dir='ltr'> </span> 
     </span>
    </p>
   </div>
   <div class='ocr_carea' id='block_1_2' title="bbox 414 848 1318 931">
    <p class='ocr_par' dir='ltr' id='par_1_2' title="bbox 414 848 1318 931">
     <span class='ocr_line' id='line_1_2' title="bbox 414 848 1318 931; baseline -0.002 -28"><span class='ocrx_word' id='word_1_2' title='bbox 414 848 1318 931; x_wconf 75' lang='lat' dir='ltr'><strong>PRAEFATIO.</strong></span> 
     </span>
    </p>
   </div>
   <div class='ocr_carea' id='block_1_3' title="bbox 0 1276 1786 2317">
    <p class='ocr_par' dir='ltr' id='par_1_3' title="bbox 7 1276 1786 1410">
     <span class='ocr_line' id='line_1_3' title="bbox 7 1276 1786 1410; baseline 0.002 -89"><span class='ocrx_word' id='word_1_3' title='bbox 7 1276 293 1410; x_wconf 72' lang='lat' dir='ltr'>Promisti,</span> <span class='ocrx_word' id='word_1_4' title='bbox 322 1285 363 1323; x_wconf 88' lang='lat' dir='ltr'>in</span> <span class='ocrx_word' id='word_1_5' title='bbox 391 1282 624 1335; x_wconf 84' lang='lat' dir='ltr'>praefatione</span> <span class='ocrx_word' id='word_1_6' title='bbox 654 1282 703 1320; x_wconf 85' lang='lat' dir='ltr'>ad</span> <span class='ocrx_word' id='word_1_7' title='bbox 732 1281 900 1331; x_wconf 84' lang='lat' dir='ltr'>superius</span> <span class='ocrx_word' id='word_1_8' title='bbox 930 1281 1116 1319; x_wconf 89' lang='lat' dir='ltr'>volumen</span> <span class='ocrx_word' id='word_1_9' title='bbox 1144 1280 1250 1325; x_wconf 60' lang='lat' dir='ltr'>faeti,</span> <span class='ocrx_word' id='word_1_10' title='bbox 1287 1293 1453 1325; x_wconf 90' lang='lat' dir='ltr'>memor,</span> <span class='ocrx_word' id='word_1_11' title='bbox 1483 1278 1524 1320; x_wconf 81' lang='lat' dir='ltr'>in</span> <span class='ocrx_word' id='word_1_12' title='bbox 1554 1285 1630 1323; x_wconf 86' lang='lat' dir='ltr'>hoc</span> <span class='ocrx_word' id='word_1_13' title='bbox 1660 1299 1721 1324; x_wconf 82' lang='lat' dir='ltr'>vo·</span> <span class='ocrx_word' id='word_1_14' title='bbox 1781 1303 1786 1309; x_wconf 83' lang='lat'><strong>·</strong></span> 
     </span>
    </p>

    <p class='ocr_par' dir='ltr' id='par_1_4' title="bbox 0 1391 1718 2317">
     <span class='ocr_line' id='line_1_4' title="bbox 160 1391 1718 1445; baseline 0.001 -13"><span class='ocrx_word' id='word_1_15' title='bbox 160 1392 279 1432; x_wconf 82' lang='lat' dir='ltr'>lumine</span> <span class='ocrx_word' id='word_1_16' title='bbox 293 1393 398 1444; x_wconf 78' lang='lat' dir='ltr'>fixto</span> <span class='ocrx_word' id='word_1_17' title='bbox 425 1394 550 1444; x_wconf 87' lang='lat' dir='ltr'>capita</span> <span class='ocrx_word' id='word_1_18' title='bbox 580 1393 626 1430; x_wconf 91' lang='lat' dir='ltr'>de</span> <span class='ocrx_word' id='word_1_19' title='bbox 658 1392 798 1430; x_wconf 85' lang='lat' dir='ltr'>Gloffis</span> <span class='ocrx_word' id='word_1_20' title='bbox 829 1399 865 1429; x_wconf 92' lang='lat' dir='ltr'>et</span> <span class='ocrx_word' id='word_1_21' title='bbox 895 1391 1203 1442; x_wconf 82' lang='lat' dir='ltr'>Gloffographis‚</span> <span class='ocrx_word' id='word_1_22' title='bbox 1236 1392 1283 1429; x_wconf 89' lang='lat' dir='ltr'>de</span> <span class='ocrx_word' id='word_1_23' title='bbox 1307 1392 1576 1432; x_wconf 81' lang='lat' dir='ltr'>Grammaticis</span> <span class='ocrx_word' id='word_1_24' title='bbox 1607 1403 1718 1445; x_wconf 84' lang='lat' dir='ltr'>atque</span> 
     </span>
     <span class='ocr_line' id='line_1_5' title="bbox 7 1474 1715 1556; baseline 0.003 -18"><span class='ocrx_word' id='word_1_25' title='bbox 7 1503 154 1540; x_wconf 83' lang='lat' dir='ltr'>Lexicis</span> <span class='ocrx_word' id='word_1_26' title='bbox 185 1511 222 1540; x_wconf 85' lang='lat' dir='ltr'>et</span> <span class='ocrx_word' id='word_1_27' title='bbox 250 1503 568 1554; x_wconf 73' lang='lat' dir='ltr'>Lexicographis,</span> <span class='ocrx_word' id='word_1_28' title='bbox 624 1474 720 1552; x_wconf 59' lang='lat' dir='ltr'>quzie</span> <span class='ocrx_word' id='word_1_29' title='bbox 758 1504 799 1539; x_wconf 89' lang='lat' dir='ltr'>in</span> <span class='ocrx_word' id='word_1_30' title='bbox 831 1509 958 1539; x_wconf 90' lang='lat' dir='ltr'>vetere</span> <span class='ocrx_word' id='word_1_31' title='bbox 987 1501 1154 1539; x_wconf 77' lang='lat' dir='ltr'>editione</span> <span class='ocrx_word' id='word_1_32' title='bbox 1184 1515 1250 1552; x_wconf 91' lang='lat' dir='ltr'>per</span> <span class='ocrx_word' id='word_1_33' title='bbox 1280 1501 1495 1541; x_wconf 86' lang='lat' dir='ltr'>Volumina</span> <span class='ocrx_word' id='word_1_34' title='bbox 1524 1515 1715 1556; x_wconf 80' lang='lat' dir='ltr'>quartum,</span> 
     </span>
     <span class='ocr_line' id='line_1_6' title="bbox 4 1609 1713 1671; baseline 0.004 -24"><span class='ocrx_word' id='word_1_35' title='bbox 4 1609 219 1671; x_wconf 62' lang='lat' dir='ltr'>septimum,</span> <span class='ocrx_word' id='word_1_36' title='bbox 256 1625 405 1650; x_wconf 88' lang='lat' dir='ltr'>nonum</span> <span class='ocrx_word' id='word_1_37' title='bbox 435 1622 471 1651; x_wconf 87' lang='lat' dir='ltr'>et</span> <span class='ocrx_word' id='word_1_38' title='bbox 501 1614 692 1650; x_wconf 86' lang='lat' dir='ltr'>decimum</span> <span class='ocrx_word' id='word_1_39' title='bbox 721 1613 842 1662; x_wconf 84' lang='lat' dir='ltr'>sparsa</span> <span class='ocrx_word' id='word_1_40' title='bbox 879 1620 916 1648; x_wconf 89' lang='lat' dir='ltr'>et</span> <span class='ocrx_word' id='word_1_41' title='bbox 952 1611 1073 1648; x_wconf 84' lang='lat' dir='ltr'>veluti</span> <span class='ocrx_word' id='word_1_42' title='bbox 1111 1611 1261 1648; x_wconf 65' lang='lat' dir='ltr'>disiceta</span> <span class='ocrx_word' id='word_1_43' title='bbox 1296 1613 1467 1650; x_wconf 84' lang='lat' dir='ltr'>membra</span> <span class='ocrx_word' id='word_1_44' title='bbox 1504 1616 1713 1661; x_wconf 82' lang='lat' dir='ltr'>iacuerunt,</span> 
     </span>
     <span class='ocr_line' id='line_1_7' title="bbox 5 1720 1713 1771; baseline 0.005 -15"><span class='ocrx_word' id='word_1_45' title='bbox 5 1720 136 1769; x_wconf 88' lang='lat' dir='ltr'>collegi</span> <span class='ocrx_word' id='word_1_46' title='bbox 153 1730 268 1769; x_wconf 87' lang='lat' dir='ltr'>atque</span> <span class='ocrx_word' id='word_1_47' title='bbox 285 1723 462 1765; x_wconf 86' lang='lat' dir='ltr'>vinculo,</span> <span class='ocrx_word' id='word_1_48' title='bbox 491 1736 591 1770; x_wconf 81' lang='lat' dir='ltr'>reor,</span> <span class='ocrx_word' id='word_1_49' title='bbox 624 1723 804 1771; x_wconf 84' lang='lat' dir='ltr'>copulaui</span> <span class='ocrx_word' id='word_1_50' title='bbox 820 1722 987 1770; x_wconf 81' lang='lat' dir='ltr'>aptiore,</span> <span class='ocrx_word' id='word_1_51' title='bbox 1018 1720 1281 1769; x_wconf 83' lang='lat' dir='ltr'>capitibusque</span> <span class='ocrx_word' id='word_1_52' title='bbox 1299 1722 1345 1759; x_wconf 90' lang='lat' dir='ltr'>de</span> <span class='ocrx_word' id='word_1_53' title='bbox 1362 1724 1578 1763; x_wconf 80' lang='lat' dir='ltr'>rhetoribus</span> <span class='ocrx_word' id='word_1_54' title='bbox 1596 1738 1640 1764; x_wconf 88' lang='lat' dir='ltr'>ac</span> <span class='ocrx_word' id='word_1_55' title='bbox 1656 1727 1713 1764; x_wconf 89' lang='lat' dir='ltr'>so-</span> 
     </span>
     <span class='ocr_line' id='line_1_8' title="bbox 5 1828 1710 1883; baseline 0.004 -20"><span class='ocrx_word' id='word_1_56' title='bbox 5 1828 129 1878; x_wconf 84' lang='lat' dir='ltr'>phistis</span> <span class='ocrx_word' id='word_1_57' title='bbox 145 1829 374 1878; x_wconf 85' lang='lat' dir='ltr'>quibusdam</span> <span class='ocrx_word' id='word_1_58' title='bbox 388 1830 509 1868; x_wconf 82' lang='lat' dir='ltr'>statim</span> <span class='ocrx_word' id='word_1_59' title='bbox 529 1831 720 1868; x_wconf 85' lang='lat' dir='ltr'>subiunxi.</span> <span class='ocrx_word' id='word_1_60' title='bbox 779 1831 824 1866; x_wconf 93' lang='lat' dir='ltr'>In</span> <span class='ocrx_word' id='word_1_61' title='bbox 845 1832 965 1878; x_wconf 81' lang='lat' dir='ltr'>capite</span> <span class='ocrx_word' id='word_1_62' title='bbox 983 1831 1137 1878; x_wconf 86' lang='lat' dir='ltr'>quidem</span> <span class='ocrx_word' id='word_1_63' title='bbox 1155 1830 1200 1867; x_wconf 89' lang='lat' dir='ltr'>de</span> <span class='ocrx_word' id='word_1_64' title='bbox 1217 1831 1346 1867; x_wconf 79' lang='lat' dir='ltr'>Photii</span> <span class='ocrx_word' id='word_1_65' title='bbox 1366 1833 1615 1881; x_wconf 84' lang='lat' dir='ltr'>bibliotheca,</span> <span class='ocrx_word' id='word_1_66' title='bbox 1647 1834 1710 1883; x_wconf 75' lang='lat' dir='ltr'>(in</span> 
     </span>
     <span class='ocr_line' id='line_1_9' title="bbox 6 1935 1712 1989; baseline 0.005 -16"><span class='ocrx_word' id='word_1_67' title='bbox 6 1937 80 1976; x_wconf 82' lang='lat' dir='ltr'>vol.</span> <span class='ocrx_word' id='word_1_68' title='bbox 103 1938 167 1976; x_wconf 88' lang='lat' dir='ltr'>IX.</span> <span class='ocrx_word' id='word_1_69' title='bbox 201 1946 276 1976; x_wconf 86' lang='lat' dir='ltr'>vet.</span> <span class='ocrx_word' id='word_1_70' title='bbox 301 1935 386 1986; x_wconf 89' lang='lat' dir='ltr'>ed.)</span> <span class='ocrx_word' id='word_1_71' title='bbox 425 1939 537 1976; x_wconf 89' lang='lat' dir='ltr'>multi</span> <span class='ocrx_word' id='word_1_72' title='bbox 574 1950 729 1987; x_wconf 87' lang='lat' dir='ltr'>quoque</span> <span class='ocrx_word' id='word_1_73' title='bbox 758 1938 1011 1976; x_wconf 85' lang='lat' dir='ltr'>Grammatici</span> <span class='ocrx_word' id='word_1_74' title='bbox 1039 1950 1084 1976; x_wconf 86' lang='lat' dir='ltr'>ac</span> <span class='ocrx_word' id='word_1_75' title='bbox 1111 1940 1395 1989; x_wconf 79' lang='lat' dir='ltr'>Lexicograpbi</span> <span class='ocrx_word' id='word_1_76' title='bbox 1425 1950 1515 1978; x_wconf 84' lang='lat' dir='ltr'>vett.</span> <span class='ocrx_word' id='word_1_77' title='bbox 1545 1954 1712 1980; x_wconf 86' lang='lat' dir='ltr'>comme-</span> 
     </span>
     <span class='ocr_line' id='line_1_10' title="bbox 6 2027 1710 2099; baseline 0.003 -15"><span class='ocrx_word' id='word_1_78' title='bbox 6 2027 218 2092; x_wconf 53' lang='lat' dir='ltr'>morantur}</span> <span class='ocrx_word' id='word_1_79' title='bbox 248 2049 310 2086; x_wconf 89' lang='lat' dir='ltr'>sed</span> <span class='ocrx_word' id='word_1_80' title='bbox 340 2050 506 2095; x_wconf 78' lang='lat' dir='ltr'>veritus,</span> <span class='ocrx_word' id='word_1_81' title='bbox 548 2060 595 2084; x_wconf 78' lang='lat' dir='ltr'>ne</span> <span class='ocrx_word' id='word_1_82' title='bbox 626 2048 807 2096; x_wconf 80' lang='lat' dir='ltr'>temporis</span> <span class='ocrx_word' id='word_1_83' title='bbox 837 2048 935 2085; x_wconf 82' lang='lat' dir='ltr'>ratio</span> <span class='ocrx_word' id='word_1_84' title='bbox 966 2049 1078 2085; x_wconf 87' lang='lat' dir='ltr'>nimis</span> <span class='ocrx_word' id='word_1_85' title='bbox 1111 2048 1346 2097; x_wconf 82' lang='lat' dir='ltr'>turbaretur,</span> <span class='ocrx_word' id='word_1_86' title='bbox 1387 2058 1425 2087; x_wconf 86' lang='lat' dir='ltr'>et</span> <span class='ocrx_word' id='word_1_87' title='bbox 1454 2051 1561 2099; x_wconf 91' lang='lat' dir='ltr'>quod</span> <span class='ocrx_word' id='word_1_88' title='bbox 1589 2053 1710 2090; x_wconf 82' lang='lat' dir='ltr'>multa</span> 
     </span>
     <span class='ocr_line' id='line_1_11' title="bbox 0 2157 1706 2224; baseline 0.004 -32"><span class='ocrx_word' id='word_1_89' title='bbox 0 2167 153 2224; x_wconf 42' lang='lat' dir='ltr'>¹quoque</span> <span class='ocrx_word' id='word_1_90' title='bbox 183 2159 255 2194; x_wconf 87' lang='lat' dir='ltr'>alia</span> <span class='ocrx_word' id='word_1_91' title='bbox 284 2159 378 2194; x_wconf 85' lang='lat' dir='ltr'>alius</span> <span class='ocrx_word' id='word_1_92' title='bbox 408 2157 621 2207; x_wconf 83' lang='lat' dir='ltr'>argumenti</span> <span class='ocrx_word' id='word_1_93' title='bbox 642 2157 779 2206; x_wconf 87' lang='lat' dir='ltr'>scripta</span> <span class='ocrx_word' id='word_1_94' title='bbox 801 2158 855 2194; x_wconf 91' lang='lat' dir='ltr'>ibi</span> <span class='ocrx_word' id='word_1_95' title='bbox 884 2159 1134 2200; x_wconf 84' lang='lat' dir='ltr'>recensentur,</span> <span class='ocrx_word' id='word_1_96' title='bbox 1172 2160 1212 2194; x_wconf 85' lang='lat' dir='ltr'>in</span> <span class='ocrx_word' id='word_1_97' title='bbox 1236 2160 1416 2208; x_wconf 81' lang='lat' dir='ltr'>praesenti</span> <span class='ocrx_word' id='word_1_98' title='bbox 1443 2161 1482 2197; x_wconf 87' lang='lat' dir='ltr'>id</span> <span class='ocrx_word' id='word_1_99' title='bbox 1506 2163 1706 2210; x_wconf 81' lang='lat' dir='ltr'>praeterire</span> 
     </span>
     <span class='ocr_line' id='line_1_12' title="bbox 7 2265 1706 2317; baseline 0.002 -15"><span class='ocrx_word' id='word_1_100' title='bbox 7 2265 135 2302; x_wconf 75' lang='lat' dir='ltr'>malui:</span> <span class='ocrx_word' id='word_1_101' title='bbox 165 2275 316 2317; x_wconf 83' lang='lat' dir='ltr'>contra,</span> <span class='ocrx_word' id='word_1_102' title='bbox 343 2267 392 2304; x_wconf 87' lang='lat' dir='ltr'>ad</span> <span class='ocrx_word' id='word_1_103' title='bbox 420 2267 559 2305; x_wconf 86' lang='lat' dir='ltr'>iustum</span> <span class='ocrx_word' id='word_1_104' title='bbox 587 2268 772 2306; x_wconf 83' lang='lat' dir='ltr'>volumen</span> <span class='ocrx_word' id='word_1_105' title='bbox 799 2266 1102 2314; x_wconf 86' lang='lat' dir='ltr'>conficiendum,</span> <span class='ocrx_word' id='word_1_106' title='bbox 1141 2267 1268 2306; x_wconf 84' lang='lat' dir='ltr'>suffeci</span> <span class='ocrx_word' id='word_1_107' title='bbox 1290 2281 1338 2310; x_wconf 78' lang='lat' dir='ltr'>ex</span> <span class='ocrx_word' id='word_1_108' title='bbox 1367 2271 1513 2307; x_wconf 87' lang='lat' dir='ltr'>volum.</span> <span class='ocrx_word' id='word_1_109' title='bbox 1537 2269 1601 2307; x_wconf 88' lang='lat' dir='ltr'>V1.</span> <span class='ocrx_word' id='word_1_110' title='bbox 1621 2268 1706 2307; x_wconf 81' lang='lat' dir='ltr'>Vn.</span> 
     </span>
    </p>
   </div>
   <div class='ocr_carea' id='block_1_4' title="bbox 1045 2377 1709 2415">
    <p class='ocr_par' dir='ltr' id='par_1_5' title="bbox 1045 2377 1709 2415">
     <span class='ocr_line' id='line_1_13' title="bbox 1045 2377 1709 2415; baseline 0.003 -2"><span class='ocrx_word' id='word_1_111' title='bbox 1045 2377 1070 2413; x_wconf 94' lang='lat' dir='ltr'>b</span> <span class='ocrx_word' id='word_1_112' title='bbox 1673 2386 1709 2415; x_wconf 87' lang='lat' dir='ltr'>et</span> 
     </span>
    </p>
   </div>
  </div>
 </body>
</html>
