2179 2849
24 927 196 970 honore
222 935 266 968 et
292 933 378 968 tam
403 923 575 966 eximio
603 935 788 966 munere
815 918 1028 972 ornasses,
1058 919 1220 976 gratias
1247 929 1424 975 agerem
1447 913 1743 959 deuotiffimas

22 1047 308 1093 mentemque
336 1036 456 1091 piam
479 1034 704 1090 animique
731 1031 1057 1075 submiffionem
1080 1029 1227 1086 palam
1252 1027 1533 1071 declararem.
1580 1022 1744 1070 TVIS

23 1143 206 1201 quidem
239 1141 482 1185 virtutibus
515 1142 598 1182 rite
632 1139 911 1183 celebrandis
942 1152 1211 1194 quamquam
1240 1152 1311 1179 me
1346 1139 1560 1193 imparem
1594 1134 1748 1186 sentio,

23 1252 120 1295 fore
149 1262 316 1303 tamen,
357 1260 409 1293 vt
435 1248 528 1296 TV
551 1264 634 1307 pro
660 1264 729 1302 ea,
769 1263 882 1306 quae
907 1250 953 1291 in
982 1249 1130 1290 animo
1164 1245 1313 1292 TVO
1344 1246 1520 1298 residet,
1568 1244 1748 1287 lenitate

28 1372 157 1418 atque
182 1359 479 1417 indulgentia,
515 1375 641 1403 meae
666 1371 760 1403 tum
792 1356 1087 1403 imbecillitati
1117 1356 1293 1400 dicendi
1328 1357 1381 1400 ad
1408 1355 1497 1399 TE
1521 1355 1642 1397 iustis
1678 1352 1751 1395 de-

28 1472 224 1529 bitisque
249 1469 455 1521 laudibus
482 1470 808 1522 venerandum,
841 1481 935 1513 tum
959 1467 1189 1520 audaciae,
1228 1467 1315 1509 hoc
1343 1464 1576 1510 volumine
1609 1465 1752 1508 nomi-

30 1584 76 1625 ni
99 1580 248 1627 TVO
274 1593 668 1626 AVGVSTISSIMO
698 1581 930 1637 inscripto,
962 1579 1092 1622 facile
1119 1577 1343 1636 ignoscas,
1385 1575 1544 1620 blanda
1570 1573 1642 1631 spe
1677 1573 1755 1617 du-

32 1707 110 1734 cor
134 1702 177 1734 et
202 1691 294 1734 fere
318 1705 524 1748 auguror.
580 1690 750 1736 Saltem
776 1693 820 1737 id
848 1702 899 1735 vt
924 1690 1079 1742 fac-ias,
1114 1701 1177 1742 et,
1211 1703 1349 1746 quum
1375 1689 1498 1732 vires
1526 1684 1680 1736 defint‚
1706 1694 1756 1727 vt

32 1816 177 1846 meam
208 1800 509 1853 voluntatem,
547 1801 740 1859 religiosi
771 1803 971 1859 gratique
1005 1802 1093 1843 mei
1130 1800 1264 1842 animi
1296 1799 1334 1841 T
1345 1797 1365 1841 I
1376 1796 1445 1839 BI
1483 1794 1753 1846 testificandi,

35 1923 166 1969 atque
192 1911 279 1953 hoc
307 1908 543 1963 volumen,
575 1925 768 1955 NOMINI
799 1909 949 1957 TVO
977 1924 1140 1953 REG1O
1168 1908 1355 1961 sacrum,
1386 1904 1755 1963 indulgentiffime

37 2021 249 2076 accipias,
291 2035 371 2061 oro
396 2020 484 2064 TE
510 2035 713 2078 rogoque
739 2021 950 2066 submisse.
1019 2020 1263 2077 Equidem,
1304 2020 1380 2075 qui
1406 2016 1528 2061 nulla
1553 2017 1755 2059 oratione

39 2130 389 2185 magnitudinem
429 2142 473 2173 et
514 2133 733 2175 virtutum
763 2099 1087 2178 TVARVM
1116 2142 1161 2173 et
1195 2129 1528 2173 munificentiae
1567 2126 1756 2181 adsequi,

42 2239 207 2282 nedum
240 2251 428 2294 aequare
460 2239 645 2295 possem,
693 2240 913 2285 balbutire
941 2240 1096 2295 malui,
1146 2254 1278 2298 quam
1307 2255 1419 2297 quae
1453 2238 1544 2284 TV
1558 2205 1651 2281 ΛΕ
1685 2236 1759 2278 de·

1631 2349 1759 2391 beam
