2013 2725
241 148 303 183 500
354 134 424 170 Lib.
437 132 508 168 IV.
526 144 550 167 c.
564 131 677 168 XIX.
692 130 778 166 XX.
831 129 1018 167 MARCVS
1050 128 1319 167 ANTONINVS
1353 130 1443 167 IMP.
1751 131 1956 166 voi.1v.p.21
2009 127 2013 161 ἱ

345 228 497 262 Latinam
512 237 650 273 operum
667 224 785 260 Galeni
801 223 981 260 editionem
1000 226 1048 261 Io.
1066 225 1290 260 Lalanmntius
1308 224 1442 261 inolitus
1458 223 1513 267 est,
1540 223 1616 261 tesle
1630 223 1731 275 praef.
1748 226 1844 262 libri:
1874 227 1958 272 Opt-
2009 237 2013 240 ·

241 292 313 315 rwn
336 280 382 315 Ct.
398 279 515 314 Gnlrm·
530 279 667 312 onmium
687 279 785 311 latine
794 279 977 322 propediem
995 278 1068 312 eden
1080 281 1181 313 iorum
1187 279 1356 323 specimen.
1401 278 1457 311 Ex
1473 279 1519 311 lo.
1536 276 1730 313 Lolamontii
1745 280 1960 326 recognii‘ione

241 338 271 366 et
287 330 487 379 cosligatione
502 330 617 364 Graeii
633 330 744 363 codicis
759 329 834 363 Iocis
848 330 1134 364 innumerabilibus.
1170 330 1323 364 Eiusdem
1342 329 1538 363 Lalamantii
1551 329 1587 363 de
1596 330 1726 377 ptisana
1732 333 1790 378 sui
1807 332 1959 376 temporis·

242 383 375 418 Iibelliis.
405 383 524 417 Gmeu.
542 393 625 426 1579.
643 388 673 421 8.
726 381 864 416 Volebat
882 378 962 428 ipsas
978 393 1108 429 graecas
1131 380 1290 416 editiones
1312 381 1458 429 primum
1485 382 1667 428 corrigere,
1693 394 1761 430 quo
1784 378 1873 418 facto
1891 394 1961 416 ver-

242 433 368 470 sionem
390 434 523 468 latinam
540 432 701 467 librorum
717 444 915 480 graecorum
932 434 1030 481 longe
1046 434 1299 473 corrediiorem,
1327 442 1358 467 et
1385 433 1484 466 textui
1509 431 1611 478 longe
1635 436 1739 481 magis
1763 430 1960 482 responden-

243 495 311 521 tem
328 484 504 520 conficere.
559 484 733 532 Specinien
747 485 844 519 etiam
862 483 962 520 edidit
979 486 1283 532 interpretationum
1303 481 1432 518 suarum
1451 483 1540 518 libris
1555 482 1667 518 Galerii
1682 484 1722 519 de
1739 487 1866 533 optima
1889 496 1962 519 cor·

243 538 332 585 poris
348 535 449 571 nostri
464 534 716 578 constitutione,
743 534 784 571 de
801 534 949 584 pleniore
970 537 1096 578 habitu,
1123 535 1163 571 de
1184 534 1348 585 inaequali
1373 537 1585 582 intemperie,
1613 534 1785 584 quomodo
1808 535 1961 572 fimulan-

243 597 288 623 tes
304 588 461 623 morbum
478 586 539 622 sint
556 585 840 635 deprehendendi,
866 598 897 623 et
914 588 955 622 de
969 585 1088 635 ptisana
1105 591 1138 623 in
1154 589 1220 623 hoc
1236 585 1410 636 specimine
1426 586 1516 622 editis
1527 613 1537 628 ‚
1563 599 1603 622 ex
1619 587 1734 635 quibus
1757 585 1780 622 fi
1801 585 1962 623 iudicium

242 637 328 675 serre
351 638 392 674 de
415 648 485 675 toto
508 640 573 674 hoe
596 637 741 674 instituto
764 638 881 674 Galeni
904 639 1088 675 versionum
1111 638 1379 688 corrigendarum
1403 639 1495 681 licet,
1527 637 1688 674 versiones
1706 638 1826 685 latinae
1845 637 1961 674 Galeni

242 691 403 728 librorum
419 693 530 740 vtique
543 692 756 726 correstiores
773 688 904 726 fuissent
923 690 1036 726 editae.
1088 690 1152 727 Sed
1174 689 1410 740 sexagessmum
1434 700 1586 740 quartum
1610 704 1735 726 annum
1756 693 1822 726 iam
1847 689 1963 739 agebat

243 743 486 786 Lalamantius,
511 755 613 792 quum
637 743 703 778 hoc
725 740 901 778 confilium
923 741 1072 791 cepiffet,
1096 757 1114 778 a
1137 740 1228 778 senili
1253 743 1414 791 languore
1435 745 1467 777 in
1484 743 1547 778 hoe
1561 741 1734 791 propofito
1754 739 1962 791 exsequendo

242 792 426 843 impeditus.
459 813 511 821 —
544 792 733 829 Consilium
757 794 874 830 Galerii
897 807 1055 842 operum,
1082 797 1191 844 prouti
1210 794 1308 830 latine
1331 791 1419 829 versa
1440 792 1731 842 deprehenduntur
1758 796 1792 829 in
1818 793 1963 829 editione

243 847 406 880 Charterii
425 847 458 879 in
474 852 506 886 8.
536 843 738 880 edendorum
754 859 859 894 nuper
874 848 1135 882 communicauit
1149 859 1226 882 cum
1241 845 1371 882 erudito
1386 846 1466 881 orbe
1482 847 1664 888 Heckerus,
1689 844 1870 881 medicinae
1885 857 1963 893 pro·

244 894 345 932 feffor
361 899 394 931 in
409 895 517 931 studio
531 894 731 931 Erfordenfi.
771 896 833 932 Sed
851 910 920 932 non
935 895 1073 932 adrififfe
1087 897 1213 932 videtur
1228 896 1332 932 doctis
1348 899 1421 932 viris
1437 896 1469 932 id
1483 896 1711 944 propositum,
1737 909 1843 945 neque
1860 893 1964 944 potest

245 946 410 989 adridere,
438 950 472 981 in
493 957 581 981 tanta
596 948 772 982 latinarum
788 947 974 983 editionum
996 961 1134 996 operum
1151 948 1286 990 Galeni,
1313 960 1450 996 quarum
1476 957 1601 993 partem
1627 946 1715 983 haud
1739 949 1894 995 exiguam
1910 959 1965 982 cu.

246 1008 356 1034 rarunt
373 1000 430 1033 viri
448 996 623 1033 doetiffimi
639 1009 670 1033 et
689 1001 722 1033 in
737 997 948 1034 emendandis
968 999 1071 1034 latinis
1090 997 1290 1034 versionibus
1305 997 1560 1046 diligentiffimi‚
1588 1001 1692 1047 copia.
1734 1000 1849 1048 Neque
1861 999 1964 1034 Char-

245 1053 342 1086 terius
362 1052 386 1084 is
403 1048 599 1097 reputandus
617 1048 681 1087 est,
704 1064 722 1084 a
736 1063 803 1099 quo
818 1049 938 1085 latinae
960 1049 1121 1086 versiones
1148 1051 1301 1086 omnibus
1324 1053 1470 1087 numeris
1494 1048 1659 1088 absolutae
1681 1060 1780 1100 atque
1801 1052 1901 1087 textui
1922 1048 1964 1086 ad

248 1114 386 1138 omnem
401 1111 529 1150 partem
543 1099 772 1151 respondentes
787 1099 949 1151 proficisci
970 1105 1135 1152 potuerint
1149 1105 1210 1146 ¹⁴¹⁴).

604 1281 641 1326 c
683 1283 727 1326 A
766 1283 802 1326 P
840 1282 884 1328 V
929 1284 967 1328 T
1028 1284 1141 1328 XX
1203 1284 1352 1340 (oiim
1382 1283 1611 1339 xx111)·>

247 1364 316 1400 DE
342 1365 537 1400 MARCO
563 1367 803 1402 AVRELIO
829 1369 1145 1411 ANTONINO,
1167 1370 1392 1404 MAXIMO
1419 1370 1593 1404 TYRIO
1618 1368 1691 1404 ET
1715 1366 1967 1403 ALCINOO.

246 1449 272 1480 1.
288 1448 334 1479 M.
351 1447 473 1480 Aurelii
487 1448 639 1481 Antonini
653 1455 742 1482 aetas
758 1455 787 1483 et
798 1457 1018 1492 praeceptores.
1063 1452 1237 1493 Scriptores
1252 1452 1288 1484 de
1303 1454 1366 1484 eius
1379 1455 1447 1484 vita
1459 1453 1629 1494 praecipui.
1672 1450 1822 1495 Diuersus
1836 1461 1856 1483 a
1876 1450 1969 1484 Theo-

321 1490 425 1532 sebio‚
457 1492 572 1523 Suiiiae
592 1499 771 1525 memorato.
849 1497 886 1525 11.
912 1495 991 1526 Eius
1013 1495 1086 1526 libri
1105 1496 1185 1527 XII.
1207 1496 1252 1527 ad
1262 1496 1296 1538 se
1319 1496 1413 1538 ipsum
1435 1507 1494 1527 non
1521 1499 1665 1536 excerpta
1690 1506 1705 1526 e
1727 1496 1844 1526 maiore
1867 1504 1968 1535 opere.

334 1535 388 1564 111.
404 1534 495 1566 Codd.
517 1537 607 1566 mssti
629 1541 658 1566 et
677 1539 764 1568 editt.
808 1541 859 1568 IV.
878 1538 979 1569 Index
994 1537 1182 1578 scriptorum
1205 1543 1235 1568 et
1257 1540 1395 1570 virorum
1417 1539 1593 1581 illustrium,
1617 1539 1656 1569 ab
1672 1549 1704 1569 eo
1717 1543 1965 1569 memoratorum.

331 1579 367 1606 V.
384 1577 540 1618 Veifiones
555 1581 745 1611 vernaculae.
769 1583 818 1610 Vl.
833 1581 994 1611 Editiones
1008 1579 1178 1622 promrffize.
1210 1584 1273 1613 VII.
1291 1581 1365 1613 Alia
1380 1583 1426 1612 M.
1441 1582 1593 1613 Antonini
1596 1580 1728 1622 scripta.
1759 1581 1840 1612 vm.
1857 1581 1966 1611 Maxi-

333 1619 375 1648 mi
402 1620 488 1658 Tyrii
511 1626 606 1651 aetas.
650 1622 717 1653 Alii
740 1623 866 1664 quidam
888 1624 1032 1654 Maximi.
1078 1627 1127 1654 IX.
1153 1624 1263 1654 Vtrum
1276 1624 1311 1666 se
1333 1624 1392 1666 ipse
1413 1625 1572 1666 impensius
1589 1624 1776 1655 laudauerit.
1836 1625 1871 1654 X.
1887 1623 1966 1654 Eius

331 1658 468 1696 διαλέξεις.
527 1665 576 1694 XI.
598 1664 689 1696 Codd.
710 1668 793 1696 editt.
815 1670 845 1696 et
863 1665 1018 1706 vezfiones.
1074 1669 1136 1696 xii.
1153 1668 1255 1697 Index
1271 1668 1476 1708 firmatorum,
1508 1677 1528 1698 a
1549 1667 1694 1698 Maximo
1714 1667 1804 1706 Tyrio
1826 1665 1967 1697 laudato-

329 1714 408 1788 rmJ.
461 1707 540 1735 XIII.
555 1705 603 1737 De
615 1705 753 1739 Alcinoo.
807 1710 885 1741 xiv.
900 1708 978 1739 Eius
992 1707 1123 1749 {sagoge
1144 1710 1176 1739 in
1189 1711 1333 1740 Platonis
1356 1711 1518 1750 dogmata.
1577 1712 1642 1741 XV.
1658 1709 1751 1741 Codd.
1773 1708 1918 1741 editiones
1936 1711 1969 1739 et

331 1756 386 1777 ver
398 1756 487 1778 iones.

822 1818 912 1853 [Cum
934 1817 1140 1860 supplementis
1159 1817 1196 1849 G.
1217 1817 1245 1851 C.
1260 1817 1399 1854 Harles]

1095 1910 1110 1942 Ι

245 1964 386 2037 Natus
409 1961 452 1998 est
476 1964 526 2002 M,
543 1964 697 2000 Aurelius
713 1965 900 2001 Antoninus
917 1967 973 2002 vi.
989 1966 1060 2002 Cal.
1075 1969 1159 2002 Maii
1182 1969 1219 2002 A.
1238 1968 1278 2004 C.
1304 1980 1367 2004 121.
1389 1969 1424 2004 L.
1439 1970 1549 2004 Annio
1568 1968 1656 2005 Vero
1688 1967 1784 2017 ipsius
1813 1981 1895 2012 aiio,
1933 1979 1967 2006 et

344 2015 478 2050 Aurelio
495 2018 665 2064 Augurino
682 2015 771 2052 Coff.
827 2016 955 2053 Deinde
972 2017 1145 2068 adoptatus
1161 2034 1178 2054 a
1193 2020 1238 2054 T.
1256 2022 1427 2055 Antonino
1448 2023 1503 2055 rio
1517 2023 1557 2056 V.
1569 2020 1640 2058 Cal.
1657 2023 1768 2057 Martii
1786 2024 1823 2055 A.
1841 2023 1880 2057 C.
1898 2028 1965 2063 138.

247 2067 281 2100 iri
305 2067 444 2115 imperio
468 2065 595 2107 eidem,
623 2070 727 2112 (cuius
747 2068 861 2112 filiam,
882 2072 1026 2105 Anniam
1043 2070 1209 2106 Galeriam
1234 2071 1418 2106 Faustinam
1437 2070 1483 2117 l⁷),
1506 2072 1614 2114 duxit,
1640 2070 1828 2108 defundlam
1853 2071 1964 2120 postea

195 2165 201 2168 ³
247 2132 275 2155 a.
293 2120 374 2165 175.)
395 2115 537 2154 suecessit
562 2129 698 2156 mortuo
720 2122 826 2157 Nonis
843 2122 960 2157 Martii
979 2124 1020 2158 A.
1044 2124 1083 2158 C.
1104 2124 1168 2158 161.
1191 2122 1421 2172 collegamque
1437 2121 1568 2159 adsciuit
1582 2124 1619 2159 L.
1630 2126 1774 2165 Verum,
1797 2123 1908 2165 itidem
1925 2124 1963 2159 ab

1793 2178 1963 2211 Antonino

288 2264 348 2301 uu)
370 2262 458 2292 Index
473 2261 658 2303 scriptorum,
679 2274 696 2294 a
711 2264 822 2295 Galerio
839 2272 1083 2303 memoratorum,
1128 2273 1213 2306 caput
1236 2266 1410 2305 subiungere
1430 2266 1630 2304 antecedenti,
1666 2266 1771 2297 meiius
1796 2266 1890 2298 visum
1913 2269 1963 2299 est.

246 2305 306 2335 alio
329 2313 461 2346 tempore
478 2306 621 2345 sequetur.
1126 2309 1220 2339 Harl.

290 2350 322 2378 a)
346 2351 467 2388 Propter
484 2351 623 2388 temporis
638 2351 781 2379 rationem
795 2373 802 2385 ‚
827 2358 856 2380 et
872 2353 951 2392 quod
969 2352 1081 2382 Aurelii

247 2393 387 2421 Antonini
403 2393 512 2422 mentio
524 2393 582 2421 iam
597 2391 670 2422 faeta
684 2394 724 2423 esi
738 2395 769 2422 in
783 2392 1001 2434 superioribus,
1023 2397 1079 2426 hoc
1166 2393 1202 2433 b)
1225 2394 1292 2426 vid.
1309 2394 1441 2435 Eutrop.
1457 2395 1518 2427 vn.
1535 2404 1579 2425 10.
1602 2395 1703 2436 ibique
1725 2396 1847 2438 interpr.
1869 2395 1962 2427 Harl.
