2049 2720
65 90 369 137 voi.1x.p.728PAE2
493 109 501 115 ν
686 87 753 124 ,ΒΕ
780 88 938 138 QVIBVS
968 89 1130 125 SVIDAS.
1378 89 1454 126 Lib.
1480 89 1528 127 V.
1550 103 1574 127 c.
1591 92 1669 129 XL.
1722 103 1781 140 >481

62 198 83 230 j,
144 184 321 232 ,pendium
338 182 503 232 Eulogio,
531 178 759 232 philosopho,
778 181 846 218 dari
865 180 1012 225 iuffisset,
1050 193 1082 219 et
1109 181 1243 232 quidam
1264 195 1306 220 ex
1324 183 1496 220 Eunuc‘his
1515 183 1657 229 dixisset,
1691 190 1781 225 'hauc

162 237 334 284 pecuniam
360 237 393 271 in
418 236 535 272 milites
559 233 835 285 impendendam:
862 238 1006 281 vtinam,
1032 237 1154 285 inquit,
1181 246 1283 271 aetate
1303 249 1376 272 mea
1398 239 1586 285 contingat,
1614 239 1778 290 vtssipen.

161 287 216 324 dia
239 288 381 324 militum
404 291 436 323 in
458 287 610 324 doctores
634 286 857 324 conferantur.
887 331 889 334 ι
917 290 992 323 Eius
1010 289 1211 337 temporibus
1227 286 1460 332 fuitAcaciu-s,
1484 291 1674 338 patriarcha.

56 339 242 388 Leugoras‚
270 351 361 388 pater
378 339 573 379 Andocidis‚
601 341 750 376 oratoris.

56 393 204 430 Leonas,
241 389 402 440 sophista,
439 395 574 427 natione
596 390 738 432 lsaurus,
776 388 911 425 celebris
937 393 1021 425 inter
1051 390 1197 426 eiusdem
1228 394 1302 426 artis
1335 389 1529 440 professores
1550 391 1776 437 Alexandriae,

157 445 212 492 qui
238 442 388 478 Proclum
412 457 482 479 non
505 441 612 479 solum
639 442 826 478 eruditionis
849 440 922 477 suae
941 444 1133 491 participem
1158 441 1254 484 fecit,
1300 441 1351 478 sed
1377 453 1406 477 et
1427 444 1695 480 contubernalem
1719 445 1774 481 ad-

93 523 110 528 .‚
153 493 268 536 -sciuit,
307 506 338 530 et
364 506 439 530 cum
470 510 570 531 vxore
600 496 773 543 liberisque
804 491 865 528 suis
895 505 962 529 tam
984 492 1188 529 familiariter
1210 497 1318 530 viuere
1344 494 1446 536 iussit,
1485 510 1522 530 ac
1551 495 1574 530 fi
1599 510 1774 544 germanus

161 545 257 594 ipsius
280 546 367 581 filius
393 545 477 582 ess'et.
532 548 624 584 Idem
648 544 773 586 effecit,
799 557 830 580 vt
854 546 1052 595 principibus
1079 548 1110 580 in
1134 549 1290 594 Aegypto
1313 549 1386 580 viris
1415 545 1639 584 innotesceret.

55 596 227 639 Leontius,
254 599 403 647 Tripolis
420 597 562 642 Lydiae,
584 610 731 647 tempore
749 597 950 636 Constantii,
973 596 1161 647 episcopus,
1184 611 1282 644 quem
1310 597 1542 645 Philoslorgius
1564 598 1671 634 laudat
1691 608 1771 634 tam-

149 662 257 697 ‹quam
280 649 534 696 adprobatorem
560 653 697 685 Arianae
719 648 792 684 suae
813 647 969 685 vesaniae.
1023 646 1158 688 Κανόνα
1179 646 1211 688 δ’
1227 645 1329 688 αὐτὸν
1353 646 1480 688 ἐκοὶλεν
1496 651 1560 693 ,τῆς
1577 651 1769 694 ἐκκλησίαις,

152 700 241 733 hunc
267 702 398 748 ecclefiae
421 702 564 747 regulam
587 702 746 736 vocabant
763 712 822 736 etc.

51 751 230 791 Leontius,
254 753 478 787 Antiochenus
499 750 594 801 episc.
617 750 647 787 se
673 749 779 800 ipsum
806 750 964 790 exsecuit,
991 753 1041 786 vir
1064 761 1168 787 cetera
1194 764 1324 801 quoque
1346 750 1523 800 profanus:
1552 762 1584 786 vt
1598 762 1629 787 et
1648 754 1768 794 Aetius,

111 827 113 829 ·
155 804 311 838 Eunomii
332 803 505 851 magister,
534 807 589 853 qui
611 806 677 839 Arii
703 801 938 852 blasphemiam
963 801 1024 837 suis
1047 806 1180 852 argutiis
1211 802 1349 839 adauxit.
1614 818 1617 819 ⁷

51 853 216 890 Leontius.
251 856 291 889 Et
304 857 356 889 hic
377 858 569 891 Antiochiae
586 854 647 891 fuit
663 857 860 897 haereticus,
888 864 1003 890 contra
1018 868 1116 902 quem
1134 857 1279 896 Photius,
1305 855 1497 903 patriarcha,
1521 851 1650 902 scripsit.
1703 856 1767 889 Hic

79 944 83 946 Ἴ
151 904 191 940 de
214 904 394 942 homousio
415 906 590 955 disputauit
608 920 685 941 cum
712 905 884 951 Flauiano,
910 905 1043 941 audacia
1066 916 1096 941 et
1117 904 1303 954 blasphema
1328 905 1538 941 deliramenta
1562 904 1741 954 proferens.

51 954 109 1001 [if]
135 957 308 996 Leontius,
336 960 539 999 monachus,
565 956 620 993 sub
647 963 779 994 Zenone
802 960 893 996 vixit,
947 959 1013 992 Hic
1038 970 1141 1006 quum
1166 960 1356 1006 prophetica
1379 959 1482 1003 gratia
1510 956 1661 992 obscuros
1683 959 1766 991 Scri-

150 1017 262 1056 pturae
288 1009 384 1045 locos
403 1008 601 1050 declararet,
636 1010 760 1045 multos
787 1012 873 1045 viros
898 1010 1003 1045 bonos
1025 1010 1155 1050 habuit,
1193 1011 1250 1058 qui
1273 1008 1312 1044 ad
1339 1007 1443 1058 ipsum
1468 1004 1656 1057 frequenter
1680 1022 1768 1043 acce-

151 1059 270 1096 debant
296 1069 356 1096 etc.

48 1110 237 1154 Lesbonax,
265 1111 504 1156 Mytilenaeus,
532 1109 769 1162 philosophuS,
796 1114 851 1162 qui
871 1114 953 1147 vixit
967 1111 1103 1160 Augusti
1122 1111 1344 1160 temporibus,
1371 1121 1463 1160 pater
1479 1113 1682 1154 Potamonis,
1699 1111 1768 1159 phi-

149 1160 289 1211 losophi.
342 1163 473 1213 Scripsit
496 1163 657 1211 plurimos
679 1165 778 1200 libros
801 1162 1061 1212 philosophicos.

44 1214 197 1261 Λέσχη.
249 1213 424 1250 Cleanthes
439 1214 534 1256 dicit,
563 1213 698 1251 Leschas
713 1215 860 1263 Apollini
875 1214 992 1249 dicatas
1009 1213 1088 1255 esse,
1115 1227 1232 1262 easque
1248 1212 1372 1249 exedris
1389 1211 1451 1249 esse
1466 1212 1596 1248 ssmiles.
1643 1213 1765 1261 Apollo

126 1293 131 1297 .
149 1267 202 1299 cui
223 1263 346 1301 dicatae
368 1263 462 1301 fuisse
482 1267 697 1314 perhibentur
716 1265 858 1310 ieschae,
887 1265 963 1301 inde
984 1265 1089 1302 dictus
1112 1262 1340 1316 λεσχηνὸξιος.
1391 1267 1500 1300 Etiam
1524 1266 1655 1313 λέσχοᾳ
1679 1263 1764 1300 diffisa

143 1320 301 1365 poemata
317 1316 518 1361 Heraclidis,
551 1320 695 1361 Pontici,
731 1328 840 1354 metro
857 1317 1029 1353 Phalaecio
1045 1316 1096 1352 vel
1113 1319 1277 1365 Sapphico
1304 1315 1429 1364 scripta.
1483 1314 1638 1358 Leselue,
1677 1314 1763 1350 sedes

150 1367 203 1403 vel
230 1367 323 1407 loca,
362 1371 396 1404 in
422 1382 505 1419 quae
529 1371 682 1405 homines
710 1369 751 1405 de
778 1371 872 1406 rebus
895 1367 1131 1418 philosophicis
1156 1366 1337 1419 disputandi
1359 1371 1463 1417 gratia
1483 1371 1661 1404 conuenire
1682 1365 1764 1403 sole-

149 1419 236 1459 bant,
287 1422 340 1456 Sic
361 1420 531 1457 Hierocles
554 1421 637 1457 libro
664 1423 776 1469 primo
798 1419 1140 1470 Philosophumenon.

42 1468 233 1514 Leschides,
257 1482 354 1521 poeta
366 1475 503 1521 vepicus,
522 1476 624 1521 regis,
646 1475 818 1516 Eumenis,
844 1474 876 1508 in
893 1472 1152 1520 expeditionibus
1169 1471 1290 1507 bellicis
1304 1484 1434 1513 comes,
1461 1480 1633 1519 poetarum
1659 1468 1764 1505 claris-

145 1522 255 1558 fimus.
308 1525 415 1559 Huius
436 1521 668 1559 consuetudine
685 1528 781 1560 etiam
800 1521 870 1559 vsus
887 1523 949 1559 fuit
966 1526 1112 1568 Pythias,
1134 1524 1319 1565 historicus,
1347 1534 1377 1558 et
1395 1521 1589 1562 Menander,
1607 1520 1763 1556 medicus.

41 1572 200 1615 (Leucon,
238 1574 417 1621 Agnufius,
451 1575 733 1623 Peloponnefiacis
755 1577 956 1625 temporibus
982 1577 1071 1611 vixit.
1126 1576 1176 1610 Ex
1200 1573 1300 1624 ipsius
1330 1573 1528 1610 dramatibus
1558 1570 1646 1607 sunt:
1685 1570 1764 1615 'o'v05‚

140 1622 356 1675 τίακσφόςος»
381 1625 566 1677 φράτορες.

38 1675 214 1718 Lffianius,
239 1680 474 1719 Antiochenus,
499 1677 654 1726 sophista,
681 1677 787 1714 clarus
803 1677 930 1721 Iuliani,
953 1677 1128 1727 apostatae,
1152 1677 1363 1726 temporibus,
1390 1675 1429 1712 ad
1445 1673 1678 1712 Theodosium
1695 1687 1765 1709 ma-

148 1731 257 1764 iorem
282 1743 383 1778 vsque
405 1732 504 1771 vixit,
532 1731 617 1765 filius
642 1731 832 1779 Phasganii.,
859 1731 1039 1778 Diophanti
1063 1728 1251 1777 discipulus.
1306 1727 1435 1777 Scripsit
1458 1727 1601 1769 infinita,
1628 1737 1658 1762 et
1682 1728 1764 1760 inter

148 1794 186 1816 ea
212 1781 389 1828 Constantii
411 1784 486 1826 imp.
508 1784 676 1816 encomium
698 1793 730 1816 et
757 1782 896 1817 alterum
929 1783 1068 1816 Iuliani:
1107 1783 1345 1828 detlarnationes
1376 1782 1569 1814 rhetoricas:
1606 1777 1762 1823 epistolas.

146 1830 277 1867 Eodem
296 1842 446 1880 tempore
469 1830 602 1867 fuerunt
627 1833 766 1881 Basilius
789 1842 819 1866 et
847 1832 1032 1877 Gregorius
1054 1833 1181 1877 (Νη).
1206 1834 1350 1866 Iulianus
1371 1844 1450 1866 vero
1472 1830 1546 1865 licet
1561 1838 1610 1863 tot
1626 1831 1762 1872 negotiis

147 1882 342 1930 implicitus,
368 1894 478 1918 tamen
499 1895 530 1918 et
556 1883 668 1918 litteris
690 1881 802 1918 sedulo
829 1895 965 1931 operam
987 1882 1101 1923 dabat,
1128 1893 1157 1918 et
1181 1884 1213 1917 in
1238 1882 1299 1916 illis
1323 1881 1481 1917 excellere
1502 1880 1601 1914 videri
1624 1880 1760 1919 volebat,

147 1931 390 1983 sophistamque
405 1936 662 1973 Antiochenuin,
688 1935 871 1973 Libanium‚
895 1931 989 1982 supra
1011 1933 1150 1969 modum
1167 1933 1403 1974 admirabatur,
1430 1931 1645 1979 laudibusque
1668 1943 1762 1965 orna·

144 1984 210 2028 bat,
233 1996 341 2033 atque,
368 1996 400 2020 vt
416 1999 540 2034 magno
555 1984 725 2034 sophistae,
742 1984 936 2027 Proaeresm,
952 1998 1048 2033 aegre
1063 1983 1195 2026 faceret,
1220 1985 1314 2019 illum
1331 1986 1404 2019 huic
1419 1981 1627 2032 praeferebat.
1681 1981 1764 2016 Ara·

148 2039 214 2071 cius
230 2039 338 2084 igitur,
362 2034 514 2085 sophista,
540 2036 669 2072 dicendi
684 2036 778 2072 valde
795 2038 927 2085 peritus,
951 2047 981 2072 et
1004 2037 1196 2085 Tufic‘anus,
1218 2037 1344 2085 Phryx,
1365 2034 1440 2071 ideo
1458 2048 1534 2071 eum
1552 2032 1678 2083 semper
1696 2033 1761 2069 cul-

151 2089 287 2137 pabantq
317 2091 447 2138 eiusque
470 2088 626 2125 iudicium
648 2088 937 2137 reprehendebant.

44 2140 166 2179 Linus,
193 2140 432 2183 Chalcidensis,
458 2141 620 2189 Apollinis
647 2151 677 2176 et
697 2139 933 2188 Terpsichores
949 2141 982 2178 F,
1005 2139 1078 2182 vel,
1106 2149 1139 2175 vt
1157 2138 1230 2181 alii,
1255 2139 1464 2185 Amphimari
1480 2147 1509 2172 et
1526 2139 1686 2175 Uraniae,
1712 2134 1763 2170 vel

150 2193 288 2227 Vraniae
310 2202 341 2227 et
365 2195 530 2229 Mercurii.
584 2196 649 2228 Hic
672 2194 799 2241 primus
826 2205 863 2227 ex
889 2194 1060 2227 Phoenicia
1084 2192 1205 2226 litteras
1234 2192 1267 2224 in
1290 2191 1461 2225 Graeciam
1486 2186 1644 2229 intulisse,
1682 2189 1765 2222 Her-

149 2243 325 2292 culemque
347 2243 466 2279 litteras
491 2242 655 2284 docuisse.
688 2253 719 2279 et
747 2246 900 2279 carminis
920 2243 1017 2287 lyrici
1039 2245 1166 2293 primus
1186 2243 1302 2277 audior
1325 2238 1415 2276 fuiss'e
1441 2237 1556 2276 fertur.

49 2295 146 2330 Linus
163 2295 254 2334 alter,
277 2296 466 2337 Thebanus,
487 2298 616 2335 iunior,
640 2295 866 2344 philosophuS.

50 2345 164 2385 Linus,
187 2359 288 2394 genus
302 2348 438 2393 hymni,
465 2357 498 2383 vt
516 2360 627 2397 paean.
654 2344 744 2383 conf.
761 2346 885 2383 Kiisser.
902 2347 940 2381 11.
965 2358 1038 2396 pag.
1053 2350 1126 2392 449.
1147 2353 1215 2380 not.
1233 2355 1262 2388 3.

97 2403 162 2439 Vol·
183 2405 240 2438 VJ.
1127 2399 1210 2446 Ppp
1597 2388 1766 2437 Lityerses,
