<?xml version="1.0" encoding="UTF-8"?>
<!DOCTYPE html PUBLIC "-//W3C//DTD XHTML 1.0 Transitional//EN"
    "http://www.w3.org/TR/xhtml1/DTD/xhtml1-transitional.dtd">
<html xmlns="http://www.w3.org/1999/xhtml" xml:lang="en" lang="en">
 <head>
  <title>
</title>
<meta http-equiv="Content-Type" content="text/html;charset=utf-8" />
  <meta name='ocr-system' content='tesseract 3.04.00' />
  <meta name='ocr-capabilities' content='ocr_page ocr_carea ocr_par ocr_line ocrx_word'/>
</head>
<body>
  <div class='ocr_page' id='page_1' title='image "./bibliothecagraec05fabruoft_1328.png"; bbox 0 0 2013 2725; ppageno 0'>
   <div class='ocr_carea' id='block_1_1' title="bbox 172 84 1896 140">
    <p class='ocr_par' dir='ltr' id='par_1_1' title="bbox 172 84 1896 140">
     <span class='ocr_line' id='line_1_1' title="bbox 172 84 1896 140; baseline -0.012 -1"><span class='ocrx_word' id='word_1_1' title='bbox 172 103 236 140; x_wconf 65' lang='lat'>488</span> <span class='ocrx_word' id='word_1_2' title='bbox 289 92 362 129; x_wconf 75' lang='lat' dir='ltr'>Lib.</span> <span class='ocrx_word' id='word_1_3' title='bbox 381 90 429 128; x_wconf 80' lang='lat' dir='ltr'>V.</span> <span class='ocrx_word' id='word_1_4' title='bbox 453 103 477 126; x_wconf 81' lang='lat' dir='ltr'>c.</span> <span class='ocrx_word' id='word_1_5' title='bbox 492 87 573 126; x_wconf 56' lang='grc' dir='ltr'>Χεῐζ</span> <span class='ocrx_word' id='word_1_6' title='bbox 842 85 987 123; x_wconf 74' lang='grc' dir='ltr'>ἸΝΒΕΧ</span> <span class='ocrx_word' id='word_1_7' title='bbox 1013 84 1310 124; x_wconf 68' lang='lat' dir='ltr'>SCRIPTORVM</span> <span class='ocrx_word' id='word_1_8' title='bbox 1582 90 1706 140; x_wconf 52' lang='lat' dir='ltr'>QJX.</span> <span class='ocrx_word' id='word_1_9' title='bbox 1724 95 1896 128; x_wconf 71' lang='lat' dir='ltr'>r·737P73⁹</span> 
     </span>
    </p>
   </div>
   <div class='ocr_carea' id='block_1_2' title="bbox 141 178 1905 1060">
    <p class='ocr_par' dir='ltr' id='par_1_2' title="bbox 174 178 1898 338">
     <span class='ocr_line' id='line_1_2' title="bbox 174 178 1898 238; baseline -0.001 -13"><span class='ocrx_word' id='word_1_10' title='bbox 174 186 438 238; x_wconf 78' lang='lat' dir='ltr'>Melanippides,</span> <span class='ocrx_word' id='word_1_11' title='bbox 473 183 604 220; x_wconf 80' lang='lat' dir='ltr'>senioris</span> <span class='ocrx_word' id='word_1_12' title='bbox 626 194 667 218; x_wconf 83' lang='lat' dir='ltr'>ex</span> <span class='ocrx_word' id='word_1_13' title='bbox 696 180 767 217; x_wconf 84' lang='lat' dir='ltr'>filia</span> <span class='ocrx_word' id='word_1_14' title='bbox 792 194 920 230; x_wconf 78' lang='lat' dir='ltr'>nepos,</span> <span class='ocrx_word' id='word_1_15' title='bbox 967 183 1111 219; x_wconf 85' lang='lat' dir='ltr'>Critonis</span> <span class='ocrx_word' id='word_1_16' title='bbox 1128 182 1166 217; x_wconf 76' lang='lat' dir='ltr'>F.</span> <span class='ocrx_word' id='word_1_17' title='bbox 1182 191 1213 217; x_wconf 85' lang='lat' dir='ltr'>et</span> <span class='ocrx_word' id='word_1_18' title='bbox 1243 178 1309 231; x_wconf 80' lang='lat' dir='ltr'>ipse</span> <span class='ocrx_word' id='word_1_19' title='bbox 1337 180 1480 227; x_wconf 80' lang='lat' dir='ltr'>lyricus:</span> <span class='ocrx_word' id='word_1_20' title='bbox 1513 188 1569 234; x_wconf 77' lang='lat' dir='ltr'>qui</span> <span class='ocrx_word' id='word_1_21' title='bbox 1596 189 1629 223; x_wconf 88' lang='lat' dir='ltr'>in</span> <span class='ocrx_word' id='word_1_22' title='bbox 1655 187 1898 237; x_wconf 80' lang='lat' dir='ltr'>compositione</span> 
     </span>
     <span class='ocr_line' id='line_1_3' title="bbox 277 233 1898 288; baseline -0.012 -11"><span class='ocrx_word' id='word_1_23' title='bbox 277 238 566 285; x_wconf 68' lang='lat' dir='ltr'>dithyramborum</span> <span class='ocrx_word' id='word_1_24' title='bbox 587 234 728 283; x_wconf 85' lang='lat' dir='ltr'>plurima</span> <span class='ocrx_word' id='word_1_25' title='bbox 751 236 941 275; x_wconf 86' lang='lat' dir='ltr'>innouauit,</span> <span class='ocrx_word' id='word_1_26' title='bbox 977 244 1008 270; x_wconf 91' lang='lat' dir='ltr'>et</span> <span class='ocrx_word' id='word_1_27' title='bbox 1031 233 1116 282; x_wconf 89' lang='lat' dir='ltr'>apud</span> <span class='ocrx_word' id='word_1_28' title='bbox 1139 233 1346 277; x_wconf 78' lang='lat' dir='ltr'><strong>Perdiccam,</strong></span> <span class='ocrx_word' id='word_1_29' title='bbox 1375 247 1507 286; x_wconf 66' lang='lat' dir='ltr'>regem,</span> <span class='ocrx_word' id='word_1_30' title='bbox 1540 236 1683 288; x_wconf 53' lang='lat' dir='ltr'><strong>degens,</strong></span> <span class='ocrx_word' id='word_1_31' title='bbox 1706 242 1774 277; x_wconf 61' lang='lat' dir='ltr'>mic</span> <span class='ocrx_word' id='word_1_32' title='bbox 1796 244 1898 277; x_wconf 60' lang='lat' dir='ltr'>vitam</span> 
     </span>
     <span class='ocr_line' id='line_1_4' title="bbox 279 284 1266 338; baseline -0.007 -11"><span class='ocrx_word' id='word_1_33' title='bbox 279 295 377 331; x_wconf 86' lang='lat' dir='ltr'>finiit.</span> <span class='ocrx_word' id='word_1_34' title='bbox 423 287 559 338; x_wconf 63' lang='lat' dir='ltr'>Scripsit</span> <span class='ocrx_word' id='word_1_35' title='bbox 583 297 614 322; x_wconf 91' lang='lat' dir='ltr'>et</span> <span class='ocrx_word' id='word_1_36' title='bbox 634 284 698 334; x_wconf 92' lang='lat' dir='ltr'>ipse</span> <span class='ocrx_word' id='word_1_37' title='bbox 721 288 841 320; x_wconf 80' lang='lat' dir='ltr'>cantica</span> <span class='ocrx_word' id='word_1_38' title='bbox 866 285 970 333; x_wconf 67' lang='lat' dir='ltr'>lyrica</span> <span class='ocrx_word' id='word_1_39' title='bbox 989 296 1019 321; x_wconf 88' lang='lat' dir='ltr'>et</span> <span class='ocrx_word' id='word_1_40' title='bbox 1040 287 1266 334; x_wconf 70' lang='lat' dir='ltr'>dithyrambos.</span> 
     </span>
    </p>

    <p class='ocr_par' dir='ltr' id='par_1_3' title="bbox 181 340 927 393">
     <span class='ocr_line' id='line_1_5' title="bbox 181 340 927 393; baseline -0.013 -11"><span class='ocrx_word' id='word_1_41' title='bbox 181 345 399 393; x_wconf 73' lang='lat' dir='ltr'>Melampus,</span> <span class='ocrx_word' id='word_1_42' title='bbox 427 340 541 377; x_wconf 81' lang='lat' dir='ltr'>adfinis</span> <span class='ocrx_word' id='word_1_43' title='bbox 553 340 752 386; x_wconf 80' lang='lat' dir='ltr'>&#39;Diophanti,</span> <span class='ocrx_word' id='word_1_44' title='bbox 780 341 927 374; x_wconf 81' lang='lat' dir='ltr'>oratoris.</span> 
     </span>
    </p>

    <p class='ocr_par' dir='ltr' id='par_1_4' title="bbox 179 387 1900 488">
     <span class='ocr_line' id='line_1_6' title="bbox 179 387 1900 441; baseline -0.003 -7"><span class='ocrx_word' id='word_1_45' title='bbox 179 394 412 436; x_wconf 76' lang='lat' dir='ltr'>Melesermus,</span> <span class='ocrx_word' id='word_1_46' title='bbox 440 389 665 432; x_wconf 56' lang='lat' dir='ltr'>Atheniensis,</span> <span class='ocrx_word' id='word_1_47' title='bbox 692 388 843 438; x_wconf 79' lang='lat' dir='ltr'>sophista.</span> <span class='ocrx_word' id='word_1_48' title='bbox 908 387 1038 439; x_wconf 80' lang='lat' dir='ltr'>Scripflt</span> <span class='ocrx_word' id='word_1_49' title='bbox 1059 391 1307 424; x_wconf 72' lang='lat' dir='ltr'>meretriciarzcm</span> <span class='ocrx_word' id='word_1_50' title='bbox 1330 390 1528 436; x_wconf 77' lang='lat' dir='ltr'>epistolarum</span> <span class='ocrx_word' id='word_1_51' title='bbox 1551 392 1649 428; x_wconf 75' lang='lat' dir='ltr'>libros</span> <span class='ocrx_word' id='word_1_52' title='bbox 1670 393 1779 430; x_wconf 83' lang='lat' dir='ltr'>XIV.</span> <span class='ocrx_word' id='word_1_53' title='bbox 1807 394 1900 441; x_wconf 75' lang='lat' dir='ltr'>rusti-</span> 
     </span>
     <span class='ocr_line' id='line_1_7' title="bbox 279 441 1614 488; baseline -0.003 -5"><span class='ocrx_word' id='word_1_54' title='bbox 279 459 387 483; x_wconf 74' lang='lat' dir='ltr'>carum</span> <span class='ocrx_word' id='word_1_55' title='bbox 409 458 524 483; x_wconf 60' lang='lat' dir='ltr'>vunnu</span> <span class='ocrx_word' id='word_1_56' title='bbox 551 443 739 478; x_wconf 75' lang='lat' dir='ltr'>culinarinm</span> <span class='ocrx_word' id='word_1_57' title='bbox 765 441 967 488; x_wconf 73' lang='lat' dir='ltr'>epistolarum</span> <span class='ocrx_word' id='word_1_58' title='bbox 994 454 1090 476; x_wconf 82' lang='lat' dir='ltr'>vnum</span> <span class='ocrx_word' id='word_1_59' title='bbox 1099 455 1111 480; x_wconf 89' lang='lat'><em>;</em></span> <span class='ocrx_word' id='word_1_60' title='bbox 1137 443 1347 477; x_wconf 75' lang='lat' dir='ltr'>conuiualium</span> <span class='ocrx_word' id='word_1_61' title='bbox 1370 445 1485 478; x_wconf 78' lang='lat' dir='ltr'>librum</span> <span class='ocrx_word' id='word_1_62' title='bbox 1509 456 1614 480; x_wconf 78' lang='lat' dir='ltr'>mium.</span> 
     </span>
    </p>

    <p class='ocr_par' dir='ltr' id='par_1_5' title="bbox 141 493 1902 703">
     <span class='ocr_line' id='line_1_8' title="bbox 141 493 1901 548; baseline -0.001 -13"><span class='ocrx_word' id='word_1_63' title='bbox 141 514 143 516; x_wconf 95' lang='lat'>·</span> <span class='ocrx_word' id='word_1_64' title='bbox 182 501 235 548; x_wconf 66' lang='lat' dir='ltr'>[If]</span> <span class='ocrx_word' id='word_1_65' title='bbox 264 498 421 538; x_wconf 72' lang='lat' dir='ltr'>MelituS,</span> <span class='ocrx_word' id='word_1_66' title='bbox 443 498 519 532; x_wconf 69' lang='lat' dir='ltr'>⁴Lari</span> <span class='ocrx_word' id='word_1_67' title='bbox 534 496 570 531; x_wconf 84' lang='lat' dir='ltr'>F.</span> <span class='ocrx_word' id='word_1_68' title='bbox 594 493 814 536; x_wconf 78' lang='lat' dir='ltr'>Atheniensis,</span> <span class='ocrx_word' id='word_1_69' title='bbox 839 505 969 533; x_wconf 74' lang='lat' dir='ltr'>orator,</span> <span class='ocrx_word' id='word_1_70' title='bbox 997 496 1143 541; x_wconf 85' lang='lat' dir='ltr'>quicum</span> <span class='ocrx_word' id='word_1_71' title='bbox 1160 497 1272 538; x_wconf 85' lang='lat' dir='ltr'>Anyto</span> <span class='ocrx_word' id='word_1_72' title='bbox 1289 495 1457 530; x_wconf 82' lang='lat' dir='ltr'>Socratem</span> <span class='ocrx_word' id='word_1_73' title='bbox 1484 494 1643 532; x_wconf 81' lang='lat' dir='ltr'>accusauit</span> <span class='ocrx_word' id='word_1_74' title='bbox 1663 495 1703 532; x_wconf 76' lang='lat' dir='ltr'>et&#39;</span> <span class='ocrx_word' id='word_1_75' title='bbox 1718 497 1901 546; x_wconf 81' lang='lat' dir='ltr'>tragoedias</span> 
     </span>
     <span class='ocr_line' id='line_1_9' title="bbox 276 543 1901 599; baseline 0.001 -15"><span class='ocrx_word' id='word_1_76' title='bbox 276 548 413 599; x_wconf 66' lang='lat' dir='ltr'>scripsit.</span> <span class='ocrx_word' id='word_1_77' title='bbox 472 551 500 583; x_wconf 85' lang='lat' dir='ltr'>A</span> <span class='ocrx_word' id='word_1_78' title='bbox 521 548 657 582; x_wconf 81' lang='lat' dir='ltr'>comicis</span> <span class='ocrx_word' id='word_1_79' title='bbox 680 556 789 581; x_wconf 86' lang='lat' dir='ltr'>autem</span> <span class='ocrx_word' id='word_1_80' title='bbox 810 545 1054 595; x_wconf 75' lang='lat' dir='ltr'>perstringitur,</span> <span class='ocrx_word' id='word_1_81' title='bbox 1083 555 1115 579; x_wconf 93' lang='lat' dir='ltr'>vt</span> <span class='ocrx_word' id='word_1_82' title='bbox 1140 555 1235 592; x_wconf 84' lang='lat' dir='ltr'>poeta</span> <span class='ocrx_word' id='word_1_83' title='bbox 1253 543 1392 594; x_wconf 78' lang='lat' dir='ltr'>frigidus</span> <span class='ocrx_word' id='word_1_84' title='bbox 1416 557 1445 582; x_wconf 87' lang='lat' dir='ltr'>et</span> <span class='ocrx_word' id='word_1_85' title='bbox 1468 546 1632 584; x_wconf 83' lang='lat' dir='ltr'>malitioso</span> <span class='ocrx_word' id='word_1_86' title='bbox 1657 552 1794 597; x_wconf 84' lang='lat' dir='ltr'>ingenio</span> <span class='ocrx_word' id='word_1_87' title='bbox 1810 563 1901 597; x_wconf 87' lang='lat' dir='ltr'>prae·</span> 
     </span>
     <span class='ocr_line' id='line_1_10' title="bbox 284 593 1902 647; baseline 0 -10"><span class='ocrx_word' id='word_1_88' title='bbox 284 603 378 637; x_wconf 81' lang='lat' dir='ltr'>ditus.</span> <span class='ocrx_word' id='word_1_89' title='bbox 432 599 598 646; x_wconf 84' lang='lat' dir='ltr'>Aristoph.</span> <span class='ocrx_word' id='word_1_90' title='bbox 624 594 748 636; x_wconf 71' lang='grc' dir='ltr'>σκολιοὲ</span> <span class='ocrx_word' id='word_1_91' title='bbox 765 599 906 637; x_wconf 56' lang='lat' dir='ltr'>Moatra</span> <span class='ocrx_word' id='word_1_92' title='bbox 924 597 1075 647; x_wconf 63' lang='grc' dir='ltr'>Καρικῶν</span> <span class='ocrx_word' id='word_1_93' title='bbox 1092 593 1324 646; x_wconf 61' lang='grc' dir='ltr'>αὐλημάτων,</span> <span class='ocrx_word' id='word_1_94' title='bbox 1342 599 1515 646; x_wconf 79' lang='lat' dir='ltr'>fioliorum</span> <span class='ocrx_word' id='word_1_95' title='bbox 1531 601 1640 635; x_wconf 76' lang='lat' dir='ltr'>Meliti</span> <span class='ocrx_word' id='word_1_96' title='bbox 1664 608 1695 635; x_wconf 82' lang='lat' dir='ltr'>et</span> <span class='ocrx_word' id='word_1_97' title='bbox 1718 603 1902 645; x_wconf 77' lang='lat' dir='ltr'><em>carminum,</em></span> 
     </span>
     <span class='ocr_line' id='line_1_11' title="bbox 280 650 1500 703; baseline -0.002 -15"><span class='ocrx_word' id='word_1_98' title='bbox 280 665 359 703; x_wconf 76' lang='lat' dir='ltr'>qnae</span> <span class='ocrx_word' id='word_1_99' title='bbox 388 652 488 688; x_wconf 79' lang='lat' dir='ltr'>Cares</span> <span class='ocrx_word' id='word_1_100' title='bbox 513 653 590 686; x_wconf 78' lang='lat' dir='ltr'>tibia</span> <span class='ocrx_word' id='word_1_101' title='bbox 612 658 751 684; x_wconf 75' lang='lat' dir='ltr'><em>cantant.</em></span> <span class='ocrx_word' id='word_1_102' title='bbox 807 651 960 685; x_wconf 82' lang='lat' dir='ltr'>Carmina</span> <span class='ocrx_word' id='word_1_103' title='bbox 984 662 1062 684; x_wconf 86' lang='lat' dir='ltr'>vero</span> <span class='ocrx_word' id='word_1_104' title='bbox 1085 652 1200 684; x_wconf 80' lang='lat' dir='ltr'>Carica</span> <span class='ocrx_word' id='word_1_105' title='bbox 1223 661 1314 685; x_wconf 85' lang='lat' dir='ltr'>erant</span> <span class='ocrx_word' id='word_1_106' title='bbox 1338 650 1500 698; x_wconf 85' lang='lat' dir='ltr'>lugubria.</span> 
     </span>
    </p>

    <p class='ocr_par' dir='ltr' id='par_1_6' title="bbox 179 701 1904 908">
     <span class='ocr_line' id='line_1_12' title="bbox 179 701 1904 752; baseline 0.012 -33"><span class='ocrx_word' id='word_1_107' title='bbox 179 706 318 747; x_wconf 77' lang='lat' dir='ltr'>Melitus</span> <span class='ocrx_word' id='word_1_108' title='bbox 332 705 410 740; x_wconf 90' lang='lat' dir='ltr'>vixit</span> <span class='ocrx_word' id='word_1_109' title='bbox 425 702 627 751; x_wconf 78' lang='lat' dir='ltr'>temporibus</span> <span class='ocrx_word' id='word_1_110' title='bbox 649 701 808 742; x_wconf 76' lang='lat' dir='ltr'>Zenonis,</span> <span class='ocrx_word' id='word_1_111' title='bbox 836 701 986 743; x_wconf 80' lang='lat' dir='ltr'>Eleatae,</span> <span class='ocrx_word' id='word_1_112' title='bbox 1011 711 1040 736; x_wconf 92' lang='lat' dir='ltr'>et</span> <span class='ocrx_word' id='word_1_113' title='bbox 1053 701 1278 749; x_wconf 83' lang='lat' dir='ltr'>Empedoclis.</span> <span class='ocrx_word' id='word_1_114' title='bbox 1332 701 1462 751; x_wconf 77' lang='lat' dir='ltr'>Scripsit</span> <span class='ocrx_word' id='word_1_115' title='bbox 1486 705 1522 738; x_wconf 78' lang='lat' dir='ltr'>de</span> <span class='ocrx_word' id='word_1_116' title='bbox 1546 710 1623 740; x_wconf 80' lang='lat' dir='ltr'>ente.</span> <span class='ocrx_word' id='word_1_117' title='bbox 1679 705 1716 738; x_wconf 87' lang='lat' dir='ltr'>In</span> <span class='ocrx_word' id='word_1_118' title='bbox 1745 706 1824 752; x_wconf 84' lang='lat' dir='ltr'>reip.</span> <span class='ocrx_word' id='word_1_119' title='bbox 1848 703 1904 740; x_wconf 87' lang='lat' dir='ltr'>ad-</span> 
     </span>
     <span class='ocr_line' id='line_1_13' title="bbox 276 750 1901 804; baseline 0 -13"><span class='ocrx_word' id='word_1_120' title='bbox 276 757 522 794; x_wconf 74' lang='lat' dir='ltr'>ministratione</span> <span class='ocrx_word' id='word_1_121' title='bbox 558 750 738 789; x_wconf 81' lang='lat' dir='ltr'>aduersatus</span> <span class='ocrx_word' id='word_1_122' title='bbox 765 753 809 787; x_wconf 82' lang='lat' dir='ltr'>est</span> <span class='ocrx_word' id='word_1_123' title='bbox 836 753 969 795; x_wconf 77' lang='lat' dir='ltr'>Pericli,</span> <span class='ocrx_word' id='word_1_124' title='bbox 1003 763 1032 787; x_wconf 84' lang='lat' dir='ltr'>et</span> <span class='ocrx_word' id='word_1_125' title='bbox 1065 766 1167 801; x_wconf 86' lang='lat' dir='ltr'>quum</span> <span class='ocrx_word' id='word_1_126' title='bbox 1199 755 1389 789; x_wconf 78' lang='lat' dir='ltr'>Samiorum</span> <span class='ocrx_word' id='word_1_127' title='bbox 1421 754 1488 788; x_wconf 86' lang='lat' dir='ltr'>dux</span> <span class='ocrx_word' id='word_1_128' title='bbox 1515 752 1608 795; x_wconf 78' lang='lat' dir='ltr'>esset,</span> <span class='ocrx_word' id='word_1_129' title='bbox 1641 754 1747 790; x_wconf 86' lang='lat' dir='ltr'>nauali</span> <span class='ocrx_word' id='word_1_130' title='bbox 1778 755 1901 804; x_wconf 78' lang='lat' dir='ltr'>praelio</span> 
     </span>
     <span class='ocr_line' id='line_1_14' title="bbox 285 803 1903 858; baseline -0.001 -15"><span class='ocrx_word' id='word_1_131' title='bbox 285 811 442 858; x_wconf 88' lang='lat' dir='ltr'>pugnauit</span> <span class='ocrx_word' id='word_1_132' title='bbox 458 820 534 841; x_wconf 87' lang='lat' dir='ltr'>cum</span> <span class='ocrx_word' id='word_1_133' title='bbox 549 804 732 853; x_wconf 77' lang='lat' dir='ltr'>Sophocle,</span> <span class='ocrx_word' id='word_1_134' title='bbox 760 807 908 852; x_wconf 84' lang='lat' dir='ltr'>tragico,</span> <span class='ocrx_word' id='word_1_135' title='bbox 934 803 1138 852; x_wconf 75' lang='lat' dir='ltr'>Olympiade</span> <span class='ocrx_word' id='word_1_136' title='bbox 1151 806 1322 840; x_wconf 82' lang='lat' dir='ltr'>LXXXIV.</span> <span class='ocrx_word' id='word_1_137' title='bbox 1376 805 1504 850; x_wconf 79' lang='lat' dir='ltr'>[suidas</span> <span class='ocrx_word' id='word_1_138' title='bbox 1516 808 1597 840; x_wconf 89' lang='lat' dir='ltr'>huic</span> <span class='ocrx_word' id='word_1_139' title='bbox 1609 809 1707 842; x_wconf 84' lang='lat' dir='ltr'>etiam</span> <span class='ocrx_word' id='word_1_140' title='bbox 1725 820 1766 841; x_wconf 84' lang='lat' dir='ltr'>ea</span> <span class='ocrx_word' id='word_1_141' title='bbox 1781 809 1903 849; x_wconf 81' lang='lat' dir='ltr'>tribuit,</span> 
     </span>
     <span class='ocr_line' id='line_1_15' title="bbox 286 854 795 908; baseline -0.012 -14"><span class='ocrx_word' id='word_1_142' title='bbox 286 873 368 908; x_wconf 87' lang='lat' dir='ltr'>quae</span> <span class='ocrx_word' id='word_1_143' title='bbox 386 858 510 893; x_wconf 81' lang='lat' dir='ltr'>dixerat</span> <span class='ocrx_word' id='word_1_144' title='bbox 531 856 571 891; x_wconf 91' lang='lat' dir='ltr'>de</span> <span class='ocrx_word' id='word_1_145' title='bbox 605 854 795 903; x_wconf 70' lang='lat' dir='ltr'>superiore]</span> 
     </span>
    </p>

    <p class='ocr_par' dir='ltr' id='par_1_7' title="bbox 182 905 1465 955">
     <span class='ocr_line' id='line_1_16' title="bbox 182 905 1465 955; baseline -0.008 -8"><span class='ocrx_word' id='word_1_146' title='bbox 182 909 387 955; x_wconf 72' lang='lat' dir='ltr'>Menander,</span> <span class='ocrx_word' id='word_1_147' title='bbox 423 905 641 948; x_wconf 79' lang='lat' dir='ltr'>Atheniensis,</span> <span class='ocrx_word' id='word_1_148' title='bbox 669 908 823 941; x_wconf 24' lang='lat' dir='ltr'>*comicus</span> <span class='ocrx_word' id='word_1_149' title='bbox 846 906 1010 955; x_wconf 79' lang='lat' dir='ltr'>antiquus.</span> <span class='ocrx_word' id='word_1_150' title='bbox 1463 941 1465 943; x_wconf 22' lang='lat'><strong><em>¹</em></strong></span> 
     </span>
    </p>

    <p class='ocr_par' dir='ltr' id='par_1_8' title="bbox 183 955 1905 1060">
     <span class='ocr_line' id='line_1_17' title="bbox 183 955 1904 1006; baseline -0.003 -5"><span class='ocrx_word' id='word_1_151' title='bbox 183 962 369 1002; x_wconf 80' lang='lat' dir='ltr'>Menander</span> <span class='ocrx_word' id='word_1_152' title='bbox 386 960 486 1001; x_wconf 82' lang='lat' dir='ltr'>alius,</span> <span class='ocrx_word' id='word_1_153' title='bbox 514 957 736 999; x_wconf 77' lang='lat' dir='ltr'>Atheniensis,</span> <span class='ocrx_word' id='word_1_154' title='bbox 759 957 925 1006; x_wconf 80' lang='lat' dir='ltr'>Diopitliis</span> <span class='ocrx_word' id='word_1_155' title='bbox 941 969 971 992; x_wconf 87' lang='lat' dir='ltr'>et</span> <span class='ocrx_word' id='word_1_156' title='bbox 987 955 1218 1006; x_wconf 78' lang='lat' dir='ltr'>Hegefislrates</span> <span class='ocrx_word' id='word_1_157' title='bbox 1234 957 1268 992; x_wconf 84' lang='lat' dir='ltr'>F.</span> <span class='ocrx_word' id='word_1_158' title='bbox 1290 959 1347 1006; x_wconf 89' lang='lat' dir='ltr'>qui</span> <span class='ocrx_word' id='word_1_159' title='bbox 1369 960 1524 994; x_wconf 88' lang='lat' dir='ltr'>omnium</span> <span class='ocrx_word' id='word_1_160' title='bbox 1547 955 1699 994; x_wconf 82' lang='lat' dir='ltr'>sermone</span> <span class='ocrx_word' id='word_1_161' title='bbox 1719 959 1904 996; x_wconf 79' lang='lat' dir='ltr'>celebratur.</span> 
     </span>
     <span class='ocr_line' id='line_1_18' title="bbox 282 1007 1905 1060; baseline -0.001 -11"><span class='ocrx_word' id='word_1_162' title='bbox 282 1017 400 1051; x_wconf 89' lang='lat' dir='ltr'>Nouae</span> <span class='ocrx_word' id='word_1_163' title='bbox 422 1010 616 1047; x_wconf 87' lang='lat' dir='ltr'>comoediae</span> <span class='ocrx_word' id='word_1_164' title='bbox 638 1020 752 1060; x_wconf 81' lang='lat' dir='ltr'>poeta,</span> <span class='ocrx_word' id='word_1_165' title='bbox 779 1009 884 1044; x_wconf 83' lang='lat' dir='ltr'>strabo</span> <span class='ocrx_word' id='word_1_166' title='bbox 918 1008 1052 1057; x_wconf 85' lang='lat' dir='ltr'>quidem</span> <span class='ocrx_word' id='word_1_167' title='bbox 1083 1010 1206 1050; x_wconf 88' lang='lat' dir='ltr'>oculis,</span> <span class='ocrx_word' id='word_1_168' title='bbox 1240 1007 1294 1044; x_wconf 81' lang='lat' dir='ltr'>sed</span> <span class='ocrx_word' id='word_1_169' title='bbox 1330 1021 1428 1045; x_wconf 86' lang='lat' dir='ltr'>acuto</span> <span class='ocrx_word' id='word_1_170' title='bbox 1460 1012 1594 1058; x_wconf 85' lang='lat' dir='ltr'>ingenio</span> <span class='ocrx_word' id='word_1_171' title='bbox 1618 1011 1785 1058; x_wconf 74' lang='lat' dir='ltr'>praeditus</span> <span class='ocrx_word' id='word_1_172' title='bbox 1814 1022 1844 1046; x_wconf 91' lang='lat' dir='ltr'>et</span> <span class='ocrx_word' id='word_1_173' title='bbox 1871 1015 1905 1048; x_wconf 80' lang='lat' dir='ltr'>in</span> 
     </span>
    </p>
   </div>
   <div class='ocr_carea' id='block_1_3' title="bbox 279 1059 1963 1111">
    <p class='ocr_par' dir='ltr' id='par_1_9' title="bbox 279 1059 1963 1111">
     <span class='ocr_line' id='line_1_19' title="bbox 279 1059 1963 1111; baseline -0.002 -9"><span class='ocrx_word' id='word_1_174' title='bbox 279 1066 460 1102; x_wconf 55' lang='lat' dir='ltr'>&gt;mulierum</span> <span class='ocrx_word' id='word_1_175' title='bbox 487 1076 637 1099; x_wconf 85' lang='lat' dir='ltr'>amorem</span> <span class='ocrx_word' id='word_1_176' title='bbox 666 1059 793 1097; x_wconf 79' lang='lat' dir='ltr'>effusus.</span> <span class='ocrx_word' id='word_1_177' title='bbox 847 1060 977 1108; x_wconf 81' lang='lat' dir='ltr'>Scripsit</span> <span class='ocrx_word' id='word_1_178' title='bbox 1006 1063 1179 1096; x_wconf 80' lang='lat' dir='ltr'>comoedias</span> <span class='ocrx_word' id='word_1_179' title='bbox 1201 1060 1346 1097; x_wconf 87' lang='lat' dir='ltr'><em>CVIII.</em></span> <span class='ocrx_word' id='word_1_180' title='bbox 1378 1065 1524 1111; x_wconf 86' lang='lat' dir='ltr'>itemque</span> <span class='ocrx_word' id='word_1_181' title='bbox 1553 1062 1695 1109; x_wconf 64' lang='lat' dir='ltr'>epistolas</span> <span class='ocrx_word' id='word_1_182' title='bbox 1724 1064 1768 1098; x_wconf 86' lang='lat' dir='ltr'>aa&#39;</span> <span class='ocrx_word' id='word_1_183' title='bbox 1794 1063 1905 1100; x_wconf 71' lang='lat' dir='ltr'>Ptole·</span> <span class='ocrx_word' id='word_1_184' title='bbox 1961 1072 1963 1074; x_wconf 85' lang='lat'>&#39;</span> 
     </span>
    </p>
   </div>
   <div class='ocr_carea' id='block_1_4' title="bbox 183 1110 1908 2403">
    <p class='ocr_par' dir='ltr' id='par_1_10' title="bbox 282 1110 1719 1162">
     <span class='ocr_line' id='line_1_20' title="bbox 282 1110 1719 1162; baseline -0.006 -9"><span class='ocrx_word' id='word_1_185' title='bbox 282 1130 423 1157; x_wconf 77' lang='lat' dir='ltr'>maeum,</span> <span class='ocrx_word' id='word_1_186' title='bbox 446 1128 568 1162; x_wconf 67' lang='lat' dir='ltr'>regem,</span> <span class='ocrx_word' id='word_1_187' title='bbox 596 1125 626 1150; x_wconf 92' lang='lat' dir='ltr'>et</span> <span class='ocrx_word' id='word_1_188' title='bbox 643 1116 792 1149; x_wconf 90' lang='lat' dir='ltr'>oratione</span> <span class='ocrx_word' id='word_1_189' title='bbox 813 1110 907 1160; x_wconf 84' lang='lat' dir='ltr'>prosa</span> <span class='ocrx_word' id='word_1_190' title='bbox 926 1112 1070 1162; x_wconf 86' lang='lat' dir='ltr'>plurima</span> <span class='ocrx_word' id='word_1_191' title='bbox 1091 1112 1166 1148; x_wconf 86' lang='lat' dir='ltr'>alia.</span> <span class='ocrx_word' id='word_1_192' title='bbox 1705 1136 1719 1153; x_wconf 40' lang='grc' dir='ltr'>ᾖ</span> 
     </span>
    </p>

    <p class='ocr_par' dir='ltr' id='par_1_11' title="bbox 183 1162 1905 1268">
     <span class='ocr_line' id='line_1_21' title="bbox 183 1162 1905 1215; baseline -0.004 -7"><span class='ocrx_word' id='word_1_193' title='bbox 183 1168 388 1211; x_wconf 82' lang='lat' dir='ltr'>Menander,</span> <span class='ocrx_word' id='word_1_194' title='bbox 414 1166 592 1209; x_wconf 79' lang='lat' dir='ltr'>Laodicea,</span> <span class='ocrx_word' id='word_1_195' title='bbox 615 1165 654 1201; x_wconf 87' lang='lat' dir='ltr'>ad</span> <span class='ocrx_word' id='word_1_196' title='bbox 669 1167 809 1210; x_wconf 85' lang='lat' dir='ltr'>Lycum,</span> <span class='ocrx_word' id='word_1_197' title='bbox 832 1163 983 1209; x_wconf 80' lang='lat' dir='ltr'>fluuium,</span> <span class='ocrx_word' id='word_1_198' title='bbox 1005 1163 1081 1206; x_wconf 82' lang='lat' dir='ltr'>fita,</span> <span class='ocrx_word' id='word_1_199' title='bbox 1109 1162 1284 1206; x_wconf 85' lang='lat' dir='ltr'>oriundus,</span> <span class='ocrx_word' id='word_1_200' title='bbox 1313 1162 1464 1214; x_wconf 83' lang='lat' dir='ltr'>sophista,</span> <span class='ocrx_word' id='word_1_201' title='bbox 1487 1162 1608 1215; x_wconf 79' lang='lat' dir='ltr'>scripsit</span> <span class='ocrx_word' id='word_1_202' title='bbox 1626 1167 1861 1201; x_wconf 79' lang='lat' dir='ltr'>commentarios</span> <span class='ocrx_word' id='word_1_203' title='bbox 1874 1167 1905 1201; x_wconf 80' lang='lat' dir='ltr'>in</span> 
     </span>
     <span class='ocr_line' id='line_1_22' title="bbox 286 1215 1871 1268; baseline -0.004 -12"><span class='ocrx_word' id='word_1_204' title='bbox 286 1222 500 1268; x_wconf 78' lang='lat' dir='ltr'>Hermogenis</span> <span class='ocrx_word' id='word_1_205' title='bbox 525 1225 624 1254; x_wconf 77' lang='lat' dir='ltr'>artem</span> <span class='ocrx_word' id='word_1_206' title='bbox 645 1227 677 1253; x_wconf 86' lang='lat' dir='ltr'>et</span> <span class='ocrx_word' id='word_1_207' title='bbox 699 1218 881 1253; x_wconf 69' lang='lat' dir='ltr'>Minuciam</span> <span class='ocrx_word' id='word_1_208' title='bbox 900 1217 1205 1265; x_wconf 77' lang='lat' dir='ltr'>progymnasmata,</span> <span class='ocrx_word' id='word_1_209' title='bbox 1232 1227 1262 1251; x_wconf 85' lang='lat' dir='ltr'>et</span> <span class='ocrx_word' id='word_1_210' title='bbox 1285 1215 1357 1252; x_wconf 86' lang='lat' dir='ltr'>alia.</span> <span class='ocrx_word' id='word_1_211' title='bbox 1835 1235 1838 1238; x_wconf 86' lang='lat'><strong>·</strong></span> <span class='ocrx_word' id='word_1_212' title='bbox 1867 1256 1871 1259; x_wconf 30' lang='lat'><strong><em>¹</em></strong></span> 
     </span>
    </p>

    <p class='ocr_par' dir='ltr' id='par_1_12' title="bbox 183 1265 1907 1836">
     <span class='ocr_line' id='line_1_23' title="bbox 183 1265 1904 1320; baseline -0.003 -11"><span class='ocrx_word' id='word_1_213' title='bbox 183 1272 388 1313; x_wconf 77' lang='lat' dir='ltr'>Menander,</span> <span class='ocrx_word' id='word_1_214' title='bbox 415 1272 601 1320; x_wconf 69' lang='lat' dir='ltr'>proted’tor,</span> <span class='ocrx_word' id='word_1_215' title='bbox 629 1270 817 1309; x_wconf 85' lang='lat' dir='ltr'>historicus,</span> <span class='ocrx_word' id='word_1_216' title='bbox 845 1270 901 1317; x_wconf 85' lang='lat' dir='ltr'>qui</span> <span class='ocrx_word' id='word_1_217' title='bbox 924 1268 967 1303; x_wconf 84' lang='lat' dir='ltr'>sic</span> <span class='ocrx_word' id='word_1_218' title='bbox 992 1268 1032 1303; x_wconf 91' lang='lat' dir='ltr'>de</span> <span class='ocrx_word' id='word_1_219' title='bbox 1058 1267 1181 1316; x_wconf 86' lang='lat' dir='ltr'>seipso</span> <span class='ocrx_word' id='word_1_220' title='bbox 1210 1265 1330 1303; x_wconf 85' lang='lat' dir='ltr'>scribit:</span> <span class='ocrx_word' id='word_1_221' title='bbox 1367 1269 1474 1308; x_wconf 82' lang='lat' dir='ltr'>Pater,</span> <span class='ocrx_word' id='word_1_222' title='bbox 1508 1269 1590 1302; x_wconf 82' lang='lat' dir='ltr'>mihi</span> <span class='ocrx_word' id='word_1_223' title='bbox 1620 1278 1688 1304; x_wconf 80' lang='lat' dir='ltr'>erat</span> <span class='ocrx_word' id='word_1_224' title='bbox 1722 1269 1904 1317; x_wconf 71' lang='lat' dir='ltr'>Euphratas</span> 
     </span>
     <span class='ocr_line' id='line_1_24' title="bbox 283 1317 1903 1370; baseline -0.002 -10"><span class='ocrx_word' id='word_1_225' title='bbox 283 1326 446 1369; x_wconf 84' lang='lat' dir='ltr'>Byzantio</span> <span class='ocrx_word' id='word_1_226' title='bbox 465 1321 642 1362; x_wconf 88' lang='lat' dir='ltr'>oriundus,</span> <span class='ocrx_word' id='word_1_227' title='bbox 670 1323 808 1356; x_wconf 83' lang='lat' dir='ltr'>minime</span> <span class='ocrx_word' id='word_1_228' title='bbox 829 1319 884 1356; x_wconf 91' lang='lat' dir='ltr'>ille</span> <span class='ocrx_word' id='word_1_229' title='bbox 911 1320 1044 1370; x_wconf 86' lang='lat' dir='ltr'>quidem</span> <span class='ocrx_word' id='word_1_230' title='bbox 1066 1319 1218 1355; x_wconf 82' lang='lat' dir='ltr'>eruditus.</span> <span class='ocrx_word' id='word_1_231' title='bbox 1270 1317 1464 1355; x_wconf 84' lang='lat' dir='ltr'>Herodotus</span> <span class='ocrx_word' id='word_1_232' title='bbox 1485 1317 1585 1354; x_wconf 86' lang='lat' dir='ltr'>frater</span> <span class='ocrx_word' id='word_1_233' title='bbox 1605 1333 1802 1368; x_wconf 81' lang='lat' dir='ltr'>germanus,</span> <span class='ocrx_word' id='word_1_234' title='bbox 1836 1323 1903 1368; x_wconf 86' lang='lat' dir='ltr'>qui,</span> 
     </span>
     <span class='ocr_line' id='line_1_25' title="bbox 282 1369 1905 1425; baseline -0.004 -12"><span class='ocrx_word' id='word_1_235' title='bbox 282 1376 397 1425; x_wconf 86' lang='lat' dir='ltr'>legum</span> <span class='ocrx_word' id='word_1_236' title='bbox 433 1374 581 1411; x_wconf 57' lang='lat' dir='ltr'>doctrina</span> <span class='ocrx_word' id='word_1_237' title='bbox 615 1373 802 1420; x_wconf 75' lang='lat' dir='ltr'>degustata,</span> <span class='ocrx_word' id='word_1_238' title='bbox 837 1372 941 1408; x_wconf 78' lang='lat' dir='ltr'>statim</span> <span class='ocrx_word' id='word_1_239' title='bbox 970 1372 1008 1408; x_wconf 79' lang='lat' dir='ltr'>ab</span> <span class='ocrx_word' id='word_1_240' title='bbox 1028 1373 1144 1407; x_wconf 83' lang='lat' dir='ltr'>harum</span> <span class='ocrx_word' id='word_1_241' title='bbox 1168 1369 1272 1407; x_wconf 83' lang='lat' dir='ltr'>studio</span> <span class='ocrx_word' id='word_1_242' title='bbox 1302 1369 1431 1406; x_wconf 84' lang='lat' dir='ltr'>receffit.</span> <span class='ocrx_word' id='word_1_243' title='bbox 1471 1372 1547 1419; x_wconf 85' lang='lat' dir='ltr'>Ego</span> <span class='ocrx_word' id='word_1_244' title='bbox 1577 1385 1656 1408; x_wconf 87' lang='lat' dir='ltr'>vero</span> <span class='ocrx_word' id='word_1_245' title='bbox 1689 1373 1784 1406; x_wconf 79' lang='lat' dir='ltr'>huius</span> <span class='ocrx_word' id='word_1_246' title='bbox 1811 1370 1905 1407; x_wconf 81' lang='lat' dir='ltr'>studii</span> 
     </span>
     <span class='ocr_line' id='line_1_26' title="bbox 283 1420 1906 1478; baseline -0.003 -15"><span class='ocrx_word' id='word_1_247' title='bbox 283 1426 372 1478; x_wconf 84' lang='lat' dir='ltr'>quod</span> <span class='ocrx_word' id='word_1_248' title='bbox 393 1424 519 1462; x_wconf 88' lang='lat' dir='ltr'>absolui</span> <span class='ocrx_word' id='word_1_249' title='bbox 544 1424 741 1474; x_wconf 78' lang='lat' dir='ltr'>professione</span> <span class='ocrx_word' id='word_1_250' title='bbox 766 1437 836 1459; x_wconf 89' lang='lat' dir='ltr'>non</span> <span class='ocrx_word' id='word_1_251' title='bbox 870 1422 941 1459; x_wconf 76' lang='lat' dir='ltr'>suni</span> <span class='ocrx_word' id='word_1_252' title='bbox 969 1420 1057 1462; x_wconf 66' lang='lat' dir='ltr'>vius,</span> <span class='ocrx_word' id='word_1_253' title='bbox 1089 1421 1142 1459; x_wconf 88' lang='lat' dir='ltr'>sed</span> <span class='ocrx_word' id='word_1_254' title='bbox 1174 1422 1213 1459; x_wconf 86' lang='lat' dir='ltr'>ad</span> <span class='ocrx_word' id='word_1_255' title='bbox 1240 1422 1446 1458; x_wconf 78' lang='lat' dir='ltr'>decursiones</span> <span class='ocrx_word' id='word_1_256' title='bbox 1476 1422 1634 1470; x_wconf 77' lang='lat' dir='ltr'>equestres</span> <span class='ocrx_word' id='word_1_257' title='bbox 1666 1433 1698 1457; x_wconf 85' lang='lat' dir='ltr'>et</span> <span class='ocrx_word' id='word_1_258' title='bbox 1724 1420 1906 1459; x_wconf 68' lang='lat' dir='ltr'>saltationes</span> 
     </span>
     <span class='ocr_line' id='line_1_27' title="bbox 284 1474 1907 1529; baseline -0.003 -14"><span class='ocrx_word' id='word_1_259' title='bbox 284 1476 574 1529; x_wconf 80' lang='lat' dir='ltr'>pantomimorum</span> <span class='ocrx_word' id='word_1_260' title='bbox 590 1488 621 1513; x_wconf 88' lang='lat' dir='ltr'>et</span> <span class='ocrx_word' id='word_1_261' title='bbox 644 1475 835 1526; x_wconf 85' lang='lat' dir='ltr'>palaestram</span> <span class='ocrx_word' id='word_1_262' title='bbox 854 1489 911 1512; x_wconf 86' lang='lat' dir='ltr'>me</span> <span class='ocrx_word' id='word_1_263' title='bbox 932 1475 1065 1511; x_wconf 87' lang='lat' dir='ltr'>contuli.</span> <span class='ocrx_word' id='word_1_264' title='bbox 1119 1474 1332 1524; x_wconf 84' lang='lat' dir='ltr'>Posteaquam</span> <span class='ocrx_word' id='word_1_265' title='bbox 1359 1488 1436 1510; x_wconf 80' lang='lat' dir='ltr'>vero</span> <span class='ocrx_word' id='word_1_266' title='bbox 1459 1475 1637 1509; x_wconf 82' lang='lat' dir='ltr'>Mauricius</span> <span class='ocrx_word' id='word_1_267' title='bbox 1663 1477 1840 1523; x_wconf 86' lang='lat' dir='ltr'>imperium</span> <span class='ocrx_word' id='word_1_268' title='bbox 1855 1487 1907 1510; x_wconf 79' lang='lat' dir='ltr'>ca-</span> 
     </span>
     <span class='ocr_line' id='line_1_28' title="bbox 284 1524 1904 1580; baseline -0.002 -14"><span class='ocrx_word' id='word_1_269' title='bbox 284 1529 429 1580; x_wconf 81' lang='lat' dir='ltr'>pessiuit,</span> <span class='ocrx_word' id='word_1_270' title='bbox 456 1533 625 1579; x_wconf 88' lang='lat' dir='ltr'>princeps,</span> <span class='ocrx_word' id='word_1_271' title='bbox 650 1532 705 1578; x_wconf 85' lang='lat' dir='ltr'>qui</span> <span class='ocrx_word' id='word_1_272' title='bbox 727 1539 758 1564; x_wconf 91' lang='lat' dir='ltr'>et</span> <span class='ocrx_word' id='word_1_273' title='bbox 783 1527 896 1576; x_wconf 87' lang='lat' dir='ltr'>populi</span> <span class='ocrx_word' id='word_1_274' title='bbox 917 1525 1053 1563; x_wconf 87' lang='lat' dir='ltr'>salutem</span> <span class='ocrx_word' id='word_1_275' title='bbox 1080 1525 1217 1576; x_wconf 90' lang='lat' dir='ltr'>prouide</span> <span class='ocrx_word' id='word_1_276' title='bbox 1238 1527 1367 1562; x_wconf 84' lang='lat' dir='ltr'>curabat</span> <span class='ocrx_word' id='word_1_277' title='bbox 1389 1537 1420 1563; x_wconf 88' lang='lat' dir='ltr'>et</span> <span class='ocrx_word' id='word_1_278' title='bbox 1455 1524 1567 1561; x_wconf 76' lang='lat' dir='ltr'>Musas</span> <span class='ocrx_word' id='word_1_279' title='bbox 1597 1527 1742 1569; x_wconf 83' lang='lat' dir='ltr'>amabat,</span> <span class='ocrx_word' id='word_1_280' title='bbox 1770 1539 1904 1575; x_wconf 86' lang='lat' dir='ltr'>poema-</span> 
     </span>
     <span class='ocr_line' id='line_1_29' title="bbox 282 1578 1904 1630; baseline -0.002 -14"><span class='ocrx_word' id='word_1_281' title='bbox 282 1583 432 1630; x_wconf 72' lang='lat' dir='ltr'>tibusque</span> <span class='ocrx_word' id='word_1_282' title='bbox 453 1591 484 1616; x_wconf 87' lang='lat' dir='ltr'>et</span> <span class='ocrx_word' id='word_1_283' title='bbox 506 1581 643 1615; x_wconf 87' lang='lat' dir='ltr'>historiis</span> <span class='ocrx_word' id='word_1_284' title='bbox 664 1579 832 1615; x_wconf 88' lang='lat' dir='ltr'>audiendis</span> <span class='ocrx_word' id='word_1_285' title='bbox 857 1593 954 1626; x_wconf 86' lang='lat' dir='ltr'>quam</span> <span class='ocrx_word' id='word_1_286' title='bbox 978 1580 1163 1627; x_wconf 84' lang='lat' dir='ltr'>plurimum</span> <span class='ocrx_word' id='word_1_287' title='bbox 1188 1578 1424 1619; x_wconf 67' lang='lat' dir='ltr'>delectabatur,</span> <span class='ocrx_word' id='word_1_288' title='bbox 1452 1588 1565 1624; x_wconf 84' lang='lat' dir='ltr'>vtpote</span> <span class='ocrx_word' id='word_1_289' title='bbox 1587 1580 1643 1625; x_wconf 87' lang='lat' dir='ltr'>qui</span> <span class='ocrx_word' id='word_1_290' title='bbox 1672 1590 1828 1625; x_wconf 84' lang='lat' dir='ltr'>magnam</span> <span class='ocrx_word' id='word_1_291' title='bbox 1845 1591 1904 1613; x_wconf 85' lang='lat' dir='ltr'>no·</span> 
     </span>
     <span class='ocr_line' id='line_1_30' title="bbox 283 1625 1904 1681; baseline -0.002 -13"><span class='ocrx_word' id='word_1_292' title='bbox 283 1635 341 1669; x_wconf 67' lang='lat' dir='ltr'>dlis</span> <span class='ocrx_word' id='word_1_293' title='bbox 364 1642 488 1681; x_wconf 86' lang='lat' dir='ltr'>partem</span> <span class='ocrx_word' id='word_1_294' title='bbox 509 1635 542 1666; x_wconf 89' lang='lat' dir='ltr'>in</span> <span class='ocrx_word' id='word_1_295' title='bbox 570 1630 677 1666; x_wconf 79' lang='lat' dir='ltr'>studiis</span> <span class='ocrx_word' id='word_1_296' title='bbox 701 1629 765 1679; x_wconf 88' lang='lat' dir='ltr'>ipse</span> <span class='ocrx_word' id='word_1_297' title='bbox 793 1629 1018 1668; x_wconf 80' lang='lat' dir='ltr'>consumeret,</span> <span class='ocrx_word' id='word_1_298' title='bbox 1042 1640 1074 1664; x_wconf 89' lang='lat' dir='ltr'>et</span> <span class='ocrx_word' id='word_1_299' title='bbox 1097 1632 1229 1677; x_wconf 86' lang='lat' dir='ltr'>ingenia</span> <span class='ocrx_word' id='word_1_300' title='bbox 1251 1630 1418 1663; x_wconf 82' lang='lat' dir='ltr'>hebetiora</span> <span class='ocrx_word' id='word_1_301' title='bbox 1445 1628 1675 1663; x_wconf 82' lang='lat' dir='ltr'>munificentia</span> <span class='ocrx_word' id='word_1_302' title='bbox 1704 1625 1759 1663; x_wconf 85' lang='lat' dir='ltr'>sua</span> <span class='ocrx_word' id='word_1_303' title='bbox 1787 1631 1904 1664; x_wconf 85' lang='lat' dir='ltr'>excita-</span> 
     </span>
     <span class='ocr_line' id='line_1_31' title="bbox 285 1679 1903 1730; baseline -0.001 -11"><span class='ocrx_word' id='word_1_304' title='bbox 285 1694 332 1721; x_wconf 91' lang='lat' dir='ltr'>ret</span> <span class='ocrx_word' id='word_1_305' title='bbox 353 1694 383 1720; x_wconf 89' lang='lat' dir='ltr'>et</span> <span class='ocrx_word' id='word_1_306' title='bbox 404 1693 551 1726; x_wconf 55' lang='lat' dir='ltr'>acuerem</span> <span class='ocrx_word' id='word_1_307' title='bbox 577 1692 655 1718; x_wconf 86' lang='lat' dir='ltr'>tunc</span> <span class='ocrx_word' id='word_1_308' title='bbox 678 1695 741 1730; x_wconf 84' lang='lat' dir='ltr'>ego</span> <span class='ocrx_word' id='word_1_309' title='bbox 766 1680 882 1716; x_wconf 83' lang='lat' dir='ltr'>dolens</span> <span class='ocrx_word' id='word_1_310' title='bbox 907 1693 1040 1717; x_wconf 85' lang='lat' dir='ltr'>mecum</span> <span class='ocrx_word' id='word_1_311' title='bbox 1064 1691 1213 1728; x_wconf 88' lang='lat' dir='ltr'>reputare</span> <span class='ocrx_word' id='word_1_312' title='bbox 1235 1682 1347 1729; x_wconf 88' lang='lat' dir='ltr'>coepi,</span> <span class='ocrx_word' id='word_1_313' title='bbox 1375 1693 1442 1715; x_wconf 87' lang='lat' dir='ltr'>non</span> <span class='ocrx_word' id='word_1_314' title='bbox 1461 1689 1614 1728; x_wconf 88' lang='lat' dir='ltr'>oportere</span> <span class='ocrx_word' id='word_1_315' title='bbox 1634 1693 1690 1715; x_wconf 91' lang='lat' dir='ltr'>me</span> <span class='ocrx_word' id='word_1_316' title='bbox 1707 1683 1804 1715; x_wconf 87' lang='lat' dir='ltr'>vitam</span> <span class='ocrx_word' id='word_1_317' title='bbox 1820 1679 1903 1717; x_wconf 85' lang='lat' dir='ltr'>adeo</span> 
     </span>
     <span class='ocr_line' id='line_1_32' title="bbox 281 1728 1906 1783; baseline -0.002 -12"><span class='ocrx_word' id='word_1_318' title='bbox 281 1740 417 1772; x_wconf 87' lang='lat' dir='ltr'>inertem</span> <span class='ocrx_word' id='word_1_319' title='bbox 439 1748 553 1783; x_wconf 81' lang='lat' dir='ltr'>agere,</span> <span class='ocrx_word' id='word_1_320' title='bbox 578 1745 609 1770; x_wconf 86' lang='lat' dir='ltr'>et</span> <span class='ocrx_word' id='word_1_321' title='bbox 629 1732 669 1769; x_wconf 87' lang='lat' dir='ltr'>ad</span> <span class='ocrx_word' id='word_1_322' title='bbox 694 1735 779 1768; x_wconf 88' lang='lat' dir='ltr'>hanc</span> <span class='ocrx_word' id='word_1_323' title='bbox 798 1733 969 1769; x_wconf 82' lang='lat' dir='ltr'>historiam</span> <span class='ocrx_word' id='word_1_324' title='bbox 998 1730 1201 1768; x_wconf 83' lang='lat' dir='ltr'>scribendam</span> <span class='ocrx_word' id='word_1_325' title='bbox 1230 1744 1285 1766; x_wconf 88' lang='lat' dir='ltr'>me</span> <span class='ocrx_word' id='word_1_326' title='bbox 1311 1730 1441 1779; x_wconf 81' lang='lat' dir='ltr'>adpuli,</span> <span class='ocrx_word' id='word_1_327' title='bbox 1477 1743 1577 1779; x_wconf 87' lang='lat' dir='ltr'>quarn</span> <span class='ocrx_word' id='word_1_328' title='bbox 1608 1731 1683 1780; x_wconf 84' lang='lat' dir='ltr'>post</span> <span class='ocrx_word' id='word_1_329' title='bbox 1711 1728 1906 1770; x_wconf 68' lang='lat' dir='ltr'>defuntstum</span> 
     </span>
     <span class='ocr_line' id='line_1_33' title="bbox 286 1783 765 1836; baseline -0.008 -13"><span class='ocrx_word' id='word_1_330' title='bbox 286 1789 461 1836; x_wconf 84' lang='lat' dir='ltr'>Agathiam</span> <span class='ocrx_word' id='word_1_331' title='bbox 486 1784 557 1822; x_wconf 91' lang='lat' dir='ltr'>sum</span> <span class='ocrx_word' id='word_1_332' title='bbox 579 1783 765 1834; x_wconf 70' lang='lat' dir='ltr'>auspicatus.</span> 
     </span>
    </p>

    <p class='ocr_par' dir='ltr' id='par_1_13' title="bbox 186 1829 1348 1885">
     <span class='ocr_line' id='line_1_34' title="bbox 186 1829 1348 1885; baseline -0.009 -8"><span class='ocrx_word' id='word_1_333' title='bbox 186 1841 412 1881; x_wconf 78' lang='lat' dir='ltr'>Menecrates,</span> <span class='ocrx_word' id='word_1_334' title='bbox 439 1840 599 1874; x_wconf 85' lang='lat' dir='ltr'>comicus.</span> <span class='ocrx_word' id='word_1_335' title='bbox 638 1840 763 1873; x_wconf 85' lang='lat' dir='ltr'>Drama</span> <span class='ocrx_word' id='word_1_336' title='bbox 784 1838 852 1871; x_wconf 86' lang='lat' dir='ltr'>eius</span> <span class='ocrx_word' id='word_1_337' title='bbox 870 1836 1050 1885; x_wconf 67' lang='grc' dir='ltr'><em>μανέκτως</em></span> <span class='ocrx_word' id='word_1_338' title='bbox 1070 1833 1136 1870; x_wconf 79' lang='lat' dir='ltr'>flue</span> <span class='ocrx_word' id='word_1_339' title='bbox 1157 1829 1348 1882; x_wconf 67' lang='grc' dir='ltr'><strong><em>Ἑρμιονεύς.</em></strong></span> 
     </span>
    </p>

    <p class='ocr_par' dir='ltr' id='par_1_14' title="bbox 184 1883 1908 2094">
     <span class='ocr_line' id='line_1_35' title="bbox 184 1883 1908 1936; baseline -0.006 -8"><span class='ocrx_word' id='word_1_340' title='bbox 184 1893 411 1932; x_wconf 85' lang='lat' dir='ltr'>Menecrates,</span> <span class='ocrx_word' id='word_1_341' title='bbox 439 1888 681 1934; x_wconf 87' lang='lat' dir='ltr'>Syracusanus,</span> <span class='ocrx_word' id='word_1_342' title='bbox 707 1887 876 1931; x_wconf 87' lang='lat' dir='ltr'>medicus,</span> <span class='ocrx_word' id='word_1_343' title='bbox 898 1891 972 1936; x_wconf 85' lang='lat' dir='ltr'>qui,</span> <span class='ocrx_word' id='word_1_344' title='bbox 999 1887 1127 1922; x_wconf 83' lang='lat' dir='ltr'>sacrum</span> <span class='ocrx_word' id='word_1_345' title='bbox 1144 1887 1301 1921; x_wconf 88' lang='lat' dir='ltr'>morbum</span> <span class='ocrx_word' id='word_1_346' title='bbox 1321 1897 1446 1926; x_wconf 84' lang='lat' dir='ltr'>curans,</span> <span class='ocrx_word' id='word_1_347' title='bbox 1471 1883 1597 1920; x_wconf 82' lang='lat' dir='ltr'>nullam</span> <span class='ocrx_word' id='word_1_348' title='bbox 1614 1883 1805 1920; x_wconf 80' lang='lat' dir='ltr'>mercedem</span> <span class='ocrx_word' id='word_1_349' title='bbox 1829 1889 1908 1921; x_wconf 75' lang='lat' dir='ltr'>reci.</span> 
     </span>
     <span class='ocr_line' id='line_1_36' title="bbox 289 1934 1905 1991; baseline -0.002 -15"><span class='ocrx_word' id='word_1_350' title='bbox 289 1943 413 1991; x_wconf 86' lang='lat' dir='ltr'>piebat;</span> <span class='ocrx_word' id='word_1_351' title='bbox 441 1940 494 1976; x_wconf 88' lang='lat' dir='ltr'>sed</span> <span class='ocrx_word' id='word_1_352' title='bbox 514 1956 532 1976; x_wconf 85' lang='lat' dir='ltr'>a</span> <span class='ocrx_word' id='word_1_353' title='bbox 554 1939 667 1977; x_wconf 84' lang='lat' dir='ltr'>sanatis</span> <span class='ocrx_word' id='word_1_354' title='bbox 690 1939 858 1989; x_wconf 88' lang='lat' dir='ltr'>poscebat,</span> <span class='ocrx_word' id='word_1_355' title='bbox 880 1950 913 1974; x_wconf 93' lang='lat' dir='ltr'>vt</span> <span class='ocrx_word' id='word_1_356' title='bbox 930 1938 961 1975; x_wconf 92' lang='lat' dir='ltr'>se</span> <span class='ocrx_word' id='word_1_357' title='bbox 976 1938 1069 1989; x_wconf 82' lang='lat' dir='ltr'>ipsius</span> <span class='ocrx_word' id='word_1_358' title='bbox 1084 1936 1192 1973; x_wconf 90' lang='lat' dir='ltr'>seruos</span> <span class='ocrx_word' id='word_1_359' title='bbox 1209 1935 1400 1972; x_wconf 75' lang='lat' dir='ltr'>faterentur.</span> <span class='ocrx_word' id='word_1_360' title='bbox 1450 1934 1545 1971; x_wconf 73' lang='lat' dir='ltr'>{dem</span> <span class='ocrx_word' id='word_1_361' title='bbox 1570 1939 1686 1972; x_wconf 85' lang='lat' dir='ltr'>Iouem</span> <span class='ocrx_word' id='word_1_362' title='bbox 1709 1934 1740 1972; x_wconf 88' lang='lat' dir='ltr'>se</span> <span class='ocrx_word' id='word_1_363' title='bbox 1761 1936 1905 1986; x_wconf 83' lang='lat' dir='ltr'>adpella-</span> 
     </span>
     <span class='ocr_line' id='line_1_37' title="bbox 288 1988 1906 2042; baseline -0.005 -14"><span class='ocrx_word' id='word_1_364' title='bbox 288 1993 366 2033; x_wconf 73' lang='lat' dir='ltr'>bat‚</span> <span class='ocrx_word' id='word_1_365' title='bbox 389 2006 530 2042; x_wconf 86' lang='lat' dir='ltr'>eosque,</span> <span class='ocrx_word' id='word_1_366' title='bbox 557 2006 639 2042; x_wconf 89' lang='lat' dir='ltr'>quos</span> <span class='ocrx_word' id='word_1_367' title='bbox 661 1990 847 2033; x_wconf 82' lang='lat' dir='ltr'>sanauerat,</span> <span class='ocrx_word' id='word_1_368' title='bbox 872 1993 982 2033; x_wconf 81' lang='lat' dir='ltr'>Deos,</span> <span class='ocrx_word' id='word_1_369' title='bbox 1005 1992 1180 2039; x_wconf 89' lang='lat' dir='ltr'>vnicuique</span> <span class='ocrx_word' id='word_1_370' title='bbox 1194 2001 1319 2025; x_wconf 85' lang='lat' dir='ltr'>nomen</span> <span class='ocrx_word' id='word_1_371' title='bbox 1334 1990 1527 2037; x_wconf 82' lang='lat' dir='ltr'>imponens,</span> <span class='ocrx_word' id='word_1_372' title='bbox 1554 1991 1609 2024; x_wconf 90' lang='lat' dir='ltr'>vni</span> <span class='ocrx_word' id='word_1_373' title='bbox 1628 1990 1806 2031; x_wconf 85' lang='lat' dir='ltr'>Mercurii,</span> <span class='ocrx_word' id='word_1_374' title='bbox 1826 1988 1906 2026; x_wconf 74' lang='lat' dir='ltr'>alte.</span> 
     </span>
     <span class='ocr_line' id='line_1_38' title="bbox 292 2044 983 2094; baseline -0.003 -14"><span class='ocrx_word' id='word_1_375' title='bbox 292 2048 317 2080; x_wconf 88' lang='lat' dir='ltr'>ri</span> <span class='ocrx_word' id='word_1_376' title='bbox 343 2044 516 2094; x_wconf 79' lang='lat' dir='ltr'>Apollinis.</span> <span class='ocrx_word' id='word_1_377' title='bbox 543 2059 572 2080; x_wconf 90' lang='lat' dir='ltr'>v.</span> <span class='ocrx_word' id='word_1_378' title='bbox 584 2045 698 2080; x_wconf 76' lang='lat' dir='ltr'>Athen.</span> <span class='ocrx_word' id='word_1_379' title='bbox 721 2047 794 2079; x_wconf 80' lang='lat' dir='ltr'>Vll.</span> <span class='ocrx_word' id='word_1_380' title='bbox 821 2056 894 2093; x_wconf 89' lang='lat' dir='ltr'>pag.</span> <span class='ocrx_word' id='word_1_381' title='bbox 909 2050 983 2088; x_wconf 77' lang='lat'>298.</span> 
     </span>
    </p>

    <p class='ocr_par' dir='ltr' id='par_1_15' title="bbox 185 2089 1594 2147">
     <span class='ocr_line' id='line_1_39' title="bbox 185 2089 1594 2147; baseline -0.005 -13"><span class='ocrx_word' id='word_1_382' title='bbox 185 2097 380 2139; x_wconf 77' lang='lat' dir='ltr'>Menelaus,</span> <span class='ocrx_word' id='word_1_383' title='bbox 407 2100 575 2145; x_wconf 86' lang='lat' dir='ltr'>Aegaeus,</span> <span class='ocrx_word' id='word_1_384' title='bbox 602 2106 699 2147; x_wconf 85' lang='lat' dir='ltr'>poeta</span> <span class='ocrx_word' id='word_1_385' title='bbox 726 2098 856 2143; x_wconf 86' lang='lat' dir='ltr'>epicus,</span> <span class='ocrx_word' id='word_1_386' title='bbox 883 2092 1006 2142; x_wconf 86' lang='lat' dir='ltr'>scripfit</span> <span class='ocrx_word' id='word_1_387' title='bbox 1036 2092 1219 2128; x_wconf 76' lang='lat' dir='ltr'>Thebaidem</span> <span class='ocrx_word' id='word_1_388' title='bbox 1244 2091 1334 2127; x_wconf 73' lang='lat' dir='ltr'>libris</span> <span class='ocrx_word' id='word_1_389' title='bbox 1354 2091 1443 2128; x_wconf 85' lang='lat' dir='ltr'><em>XII.</em></span> <span class='ocrx_word' id='word_1_390' title='bbox 1467 2100 1498 2126; x_wconf 88' lang='lat' dir='ltr'>ct</span> <span class='ocrx_word' id='word_1_391' title='bbox 1519 2089 1594 2127; x_wconf 84' lang='lat' dir='ltr'>alia.</span> 
     </span>
    </p>

    <p class='ocr_par' dir='ltr' id='par_1_16' title="bbox 185 2145 974 2198">
     <span class='ocr_line' id='line_1_40' title="bbox 185 2145 974 2198; baseline -0.005 -13"><span class='ocrx_word' id='word_1_392' title='bbox 185 2150 385 2198; x_wconf 78' lang='lat' dir='ltr'>Menippus,</span> <span class='ocrx_word' id='word_1_393' title='bbox 415 2152 559 2194; x_wconf 87' lang='lat' dir='ltr'>cynicus.</span> <span class='ocrx_word' id='word_1_394' title='bbox 600 2147 672 2184; x_wconf 82' lang='lat' dir='ltr'>vide</span> <span class='ocrx_word' id='word_1_395' title='bbox 702 2145 974 2193; x_wconf 60' lang='lat' dir='ltr'>i11fra2xiwtbogw&#39;g.</span> 
     </span>
    </p>

    <p class='ocr_par' dir='ltr' id='par_1_17' title="bbox 188 2193 1420 2249">
     <span class='ocr_line' id='line_1_41' title="bbox 188 2193 1420 2249; baseline -0.004 -14"><span class='ocrx_word' id='word_1_396' title='bbox 188 2202 389 2248; x_wconf 79' lang='lat' dir='ltr'>Menippus,</span> <span class='ocrx_word' id='word_1_397' title='bbox 427 2202 589 2236; x_wconf 75' lang='lat' dir='ltr'>comicuS.</span> <span class='ocrx_word' id='word_1_398' title='bbox 633 2201 692 2249; x_wconf 58' lang='lat' dir='ltr'>ffix</span> <span class='ocrx_word' id='word_1_399' title='bbox 715 2203 780 2234; x_wconf 79' lang='lat' dir='ltr'>eius</span> <span class='ocrx_word' id='word_1_400' title='bbox 796 2198 998 2238; x_wconf 46' lang='lat' dir='ltr'>dra-»natibus</span> <span class='ocrx_word' id='word_1_401' title='bbox 1018 2193 1090 2231; x_wconf 89' lang='lat' dir='ltr'>sunt</span> <span class='ocrx_word' id='word_1_402' title='bbox 1115 2195 1265 2241; x_wconf 74' lang='lat' dir='ltr'>Cercopes</span> <span class='ocrx_word' id='word_1_403' title='bbox 1288 2204 1319 2230; x_wconf 91' lang='lat' dir='ltr'>et</span> <span class='ocrx_word' id='word_1_404' title='bbox 1348 2194 1420 2231; x_wconf 79' lang='lat' dir='ltr'>alia.</span> 
     </span>
    </p>

    <p class='ocr_par' dir='ltr' id='par_1_18' title="bbox 191 2244 1904 2403">
     <span class='ocr_line' id='line_1_42' title="bbox 191 2244 1903 2301; baseline -0.004 -14"><span class='ocrx_word' id='word_1_405' title='bbox 191 2252 245 2299; x_wconf 61' lang='grc' dir='ltr'>[ΚΓ]</span> <span class='ocrx_word' id='word_1_406' title='bbox 266 2251 494 2290; x_wconf 76' lang='lat' dir='ltr'>Mesomedes‚</span> <span class='ocrx_word' id='word_1_407' title='bbox 528 2251 707 2294; x_wconf 82' lang='lat' dir='ltr'>Cretensis,</span> <span class='ocrx_word' id='word_1_408' title='bbox 744 2254 884 2297; x_wconf 86' lang='lat' dir='ltr'>lyricus,</span> <span class='ocrx_word' id='word_1_409' title='bbox 910 2255 965 2301; x_wconf 88' lang='lat' dir='ltr'>qui</span> <span class='ocrx_word' id='word_1_410' title='bbox 995 2248 1153 2284; x_wconf 84' lang='lat' dir='ltr'>Hadriani</span> <span class='ocrx_word' id='word_1_411' title='bbox 1185 2249 1385 2297; x_wconf 83' lang='lat' dir='ltr'>temporibus</span> <span class='ocrx_word' id='word_1_412' title='bbox 1417 2248 1512 2288; x_wconf 83' lang='lat' dir='ltr'>vixit,</span> <span class='ocrx_word' id='word_1_413' title='bbox 1537 2245 1608 2281; x_wconf 88' lang='lat' dir='ltr'>&#39;eius</span> <span class='ocrx_word' id='word_1_414' title='bbox 1636 2244 1903 2284; x_wconf 19' lang='lat' dir='ltr'>libertusxxnelyex</span> 
     </span>
     <span class='ocr_line' id='line_1_43' title="bbox 289 2298 1904 2353; baseline -0.003 -15"><span class='ocrx_word' id='word_1_415' title='bbox 289 2308 461 2352; x_wconf 87' lang='lat' dir='ltr'>praecipue</span> <span class='ocrx_word' id='word_1_416' title='bbox 476 2305 609 2341; x_wconf 64' lang='lat' dir='ltr'>discetis.</span> <span class='ocrx_word' id='word_1_417' title='bbox 660 2304 789 2353; x_wconf 78' lang='lat' dir='ltr'>Scripsit</span> <span class='ocrx_word' id='word_1_418' title='bbox 815 2308 982 2340; x_wconf 76' lang='lat' dir='ltr'>encomium</span> <span class='ocrx_word' id='word_1_419' title='bbox 1010 2303 1166 2341; x_wconf 81' lang='lat' dir='ltr'>Antinoi,</span> <span class='ocrx_word' id='word_1_420' title='bbox 1193 2303 1246 2350; x_wconf 90' lang='lat' dir='ltr'>qui</span> <span class='ocrx_word' id='word_1_421' title='bbox 1274 2299 1446 2336; x_wconf 86' lang='lat' dir='ltr'>Hadriano</span> <span class='ocrx_word' id='word_1_422' title='bbox 1474 2307 1540 2333; x_wconf 83' lang='lat' dir='ltr'>erat</span> <span class='ocrx_word' id='word_1_423' title='bbox 1562 2300 1595 2331; x_wconf 86' lang='lat' dir='ltr'>in</span> <span class='ocrx_word' id='word_1_424' title='bbox 1614 2298 1752 2339; x_wconf 49' lang='lat' dir='ltr'>delicio,</span> <span class='ocrx_word' id='word_1_425' title='bbox 1786 2310 1817 2333; x_wconf 84' lang='lat' dir='ltr'>et</span> <span class='ocrx_word' id='word_1_426' title='bbox 1841 2299 1904 2333; x_wconf 84' lang='lat' dir='ltr'>alia</span> 
     </span>
     <span class='ocr_line' id='line_1_44' title="bbox 293 2347 1904 2403; baseline -0.005 -13"><span class='ocrx_word' id='word_1_427' title='bbox 293 2352 417 2391; x_wconf 83' lang='lat' dir='ltr'>diuersa</span> <span class='ocrx_word' id='word_1_428' title='bbox 437 2359 590 2393; x_wconf 82' lang='lat' dir='ltr'>carmina.</span> <span class='ocrx_word' id='word_1_429' title='bbox 652 2358 840 2393; x_wconf 83' lang='lat' dir='ltr'>Antoninus</span> <span class='ocrx_word' id='word_1_430' title='bbox 863 2356 973 2402; x_wconf 87' lang='lat' dir='ltr'>Syllae</span> <span class='ocrx_word' id='word_1_431' title='bbox 996 2351 1381 2403; x_wconf 26' lang='lat' dir='ltr'>sepulcrum-,repertum</span> <span class='ocrx_word' id='word_1_432' title='bbox 1408 2349 1611 2391; x_wconf 84' lang='lat' dir='ltr'>inssaurauit,</span> <span class='ocrx_word' id='word_1_433' title='bbox 1642 2360 1673 2384; x_wconf 92' lang='lat' dir='ltr'>et</span> <span class='ocrx_word' id='word_1_434' title='bbox 1703 2347 1904 2390; x_wconf 82' lang='lat' dir='ltr'>Mesomedi,</span> 
     </span>
    </p>
   </div>
   <div class='ocr_carea' id='block_1_5' title="bbox 1847 2402 1906 2449">
    <p class='ocr_par' dir='ltr' id='par_1_19' title="bbox 1847 2402 1906 2449">
     <span class='ocr_line' id='line_1_45' title="bbox 1847 2402 1906 2449; baseline 0 -14"><span class='ocrx_word' id='word_1_435' title='bbox 1847 2402 1906 2449; x_wconf 84' lang='lat' dir='ltr'>qui</span> 
     </span>
    </p>
   </div>
   <div class='ocr_carea' id='block_1_6' title="bbox 1968 0 2013 2035">
    <p class='ocr_par' dir='ltr' id='par_1_20' title="bbox 1968 0 2013 2035">
     <span class='ocr_line' id='line_1_46' title="bbox 1968 0 2013 2035; baseline 0 0"><span class='ocrx_word' id='word_1_436' title='bbox 1968 0 2013 2035; x_wconf 95' lang='lat' dir='ltr'> </span> 
     </span>
    </p>
   </div>
  </div>
 </body>
</html>
