2049 2720
50 103 271 151 vohwffl
564 101 755 137 SCRIPTA
789 100 1033 138 PORPHYRII
1066 103 1258 139 INEDITA
1328 103 1480 141 LibJV.
1496 116 1519 140 c.
1533 103 1658 140 XXX.
1710 115 1773 148 74r

53 144 154 155 ——-—

50 199 160 245 Paris.
175 200 208 232 in
221 196 298 232 bibl.
312 194 401 245 publ.
416 197 450 230 in
465 193 562 230 codd.
577 195 832 231 MMCCCCLI.
850 197 1138 233 MMCCCCLIV.
1153 198 1440 234 MMCCCCLVI.
1456 198 1762 233 MMCCCCLVII.

49 271 100 279 .-..
125 249 269 286 Oxom'ae
292 246 366 292 (sec.
387 247 478 282 catal.
500 245 596 282 codd.
620 247 716 295 Angl.
736 256 768 282 et
787 247 940 293 Hibern.)
966 250 999 284 in
1023 249 1098 285 coll.
1121 249 1350 292 vniuerfitatis‚
1375 248 1448 285 cod.
1467 250 1560 284 CXL.
1587 253 1698 298 Ποςφ.
1718 247 1763 286 εἰς

48 351 267 399 ig
293 349 718 397 ..Mi
740 294 1059 386 ..³
1359 316 1761 387 r.

20 424 31 433 η·
46 405 178 440 Barocc.
203 415 250 437 nr.
267 413 315 445 41.
338 414 413 436 curn
439 401 578 436 Ptolem.
602 411 699 436 textu.
723 419 770 429 —-
799 404 883 438 inter
899 401 995 438 codd.
1014 401 1139 438 Bodlei.
1159 416 1209 438 nr.
1224 405 1498 440 MMDCCCCL.
1525 423 1574 429 —
1602 405 1688 438 Inter
1705 402 1759 437 ad-

40 450 383 501 versariarLangbaeni
403 466 443 487 ex
465 455 642 501 Porphyrii
660 466 789 489 comm.
805 454 838 488 in
857 453 932 491 bibl.
950 453 1069 502 colleg.
1083 453 1230 502 Magdal.
1248 454 1354 498 (catal.
1370 457 1394 490 I.
1410 467 1483 503 pag.
1498 458 1570 495 268.
1588 467 1635 488 nr.
1652 455 1691 498 3.)
1709 472 1758 480 —

45 505 131 541 Inter
151 502 248 540 codd.
266 503 410 540 Vossian.
439 504 548 550 (catal.
565 506 603 539 Il.
627 517 702 553 pag.
718 516 768 550 59.
792 518 840 539 nr.
858 510 947 549 2164.
974 518 1060 541 nunc
1082 507 1115 540 in
1131 506 1206 541 bibl.
1223 505 1330 553 Lugd.
1347 509 1414 542 Bar.
1443 504 1508 540 vid.
1526 505 1617 540 catal.
1634 518 1666 553 p.
1683 516 1757 549 394.

44 569 94 593 nr.
109 557 181 600 68.)
208 575 260 582 —-·
291 558 372 591 inter
393 554 489 592 codd.
511 557 581 591 Th.
598 555 689 592 Gale.
715 554 810 604 (ibid.
831 570 864 605 p.
883 569 955 601 190.
977 569 1025 593 nr.
1042 558 1154 603 6045.)
1179 578 1230 584 —
1257 559 1294 591 In
1319 557 1392 591 bibl.
1411 557 1500 593 ele&
1517 558 1640 590 Baiiar.
1661 558 1757 592 Mon.

46 620 119 643 cum
136 616 225 642 textu
245 607 442 649 Ptolemaei,
470 606 542 642 cod.
559 609 672 642 CLIV.
698 607 809 653 (catal.
831 620 864 656 p.
880 610 943 652 61.)
971 628 1018 635 --
1046 611 1082 643 ln
1107 607 1183 643 bibl.
1199 608 1459 656 Heidelbergenst
1485 607 1656 656 quondam
1683 604 1756 646 fuit,

44 658 121 695 teste
135 657 330 707 Sylburgio‚
355 658 492 706 catalog.
510 659 806 694 CCCLXXXVIII.
831 677 880 685 -
905 658 1073 707 Augustae
1090 660 1128 695 V
1127 658 1218 694 iudet.
1234 672 1312 695 cum
1333 669 1422 694 textu
1446 658 1581 694 Ptolem.
1606 668 1637 693 et
1660 658 1756 692 Guel-

36 711 163 758 ferbyti
182 708 221 745 ex
239 710 314 746 bibl.
333 709 481 746 Gudiana
500 723 549 745 nr.
565 722 616 754 24.
641 729 691 738 -—
718 712 756 744 In
773 709 847 745 bibl.
864 710 1091 758 Efiorialenst,
1113 710 1189 748 teste
1206 711 1329 746 Plic'ero
1345 711 1367 747 l.
1383 724 1409 745 c.
1425 723 1502 759 pag.
1521 718 1589 751 ¹88-
1616 710 1716 743 Harl.

145 797 194 829 14.
215 786 390 822 Tribuitur
414 789 510 822 etiam
534 788 720 834 Porphyrio
739 787 874 834 Islvgoge
894 788 928 821 i'n
951 787 1123 822 Ptolemaei
1143 788 1350 827 tetrahiblon,
1378 800 1476 835 quam
1499 786 1552 821 alii
1579 783 1618 819 ad
1638 784 1756 819 Antio-

44 837 136 872 chum
165 834 307 872 referunt
329 847 363 872 vt
385 838 506 873 Petrus
522 838 653 874 Petitus
676 851 747 886 pag.
765 851 825 882 ¹33·
859 837 1145 880 obseruationum,
1168 848 1200 873 et
1221 839 1298 873 Tho.
1315 840 1396 873 Gale
1410 837 1449 872 ad
1473 837 1690 872 Iamblichum
1715 834 1756 868 de

43 887 211 934 Mysseriis
234 891 371 937 Aegypt.
396 902 468 937 pag.
483 900 555 931 304.
579 889 728 924 codicem
747 891 818 924 MS.
834 892 952 932 citans,
979 903 994 924 e
1015 903 1077 937 quo
1099 890 1343 936 corrztptiſjt‘nia,
1369 891 1494 937 inquit,
1517 887 1618 923 multa
1641 889 1675 921 in
1694 887 1754 920 cdi-

44 941 88 974 tis
111 940 271 975 emendare
293 942 408 976 liceret.
460 939 560 975 Illum
584 940 726 988 intellige
747 943 969 984 Antiochum,
993 940 1216 989 astrologum,
1249 944 1304 989 qui
1328 944 1363 975 in
1385 939 1581 988 Demophili
1602 937 1642 972 ad
1663 936 1753 972 idem

43 990 239 1026 tetrabiblon
271 989 400 1026 scholiis
426 1005 499 1039 pag.
518 1004 586 1035 194.
611 995 742 1030 citatur,
783 1002 815 1027 et
837 995 928 1027 cuius
949 993 1214 1039 apotelesmatica
1236 991 1301 1026 sme
1325 989 1463 1026 thesauri
1480 989 1753 1038 apotelesmatum

41 1043 77 1076 in
101 1044 192 1076 variis
216 1054 393 1077 occurrunt
416 1043 617 1078 bibliothecis
639 1056 740 1078 manu
760 1045 893 1078 exarati.
959 1043 1082 1078 Prodiit
1111 1040 1167 1078 illa
1195 1040 1327 1092 isagoge
1355 1055 1468 1091 graece
1497 1053 1528 1077 et
1550 1041 1649 1077 latine
1674 1051 1751 1074 cum

42 1093 184 1129 Hieron.
202 1094 323 1129 Wolffi
345 1092 499 1128 versione.
530 1093 620 1130 Bam.
645 1107 728 1140 1559.
752 1092 810 1129 sol.
836 1104 909 1129 ante
930 1092 1053 1130 scholia
1072 1094 1267 1143 Demophili
1293 1104 1324 1129 et
1345 1096 1540 1129 Hermetem
1563 1092 1603 1127 de
1624 1090 1753 1126 reuolu-

42 1144 185 1179 tionibus
204 1147 417 1180 natiuitatum.
444 1146 572 1179 Fabi-ic.
625 1147 666 1181 ln.
685 1145 756 1180 bibl.
771 1145 924 1193 Efiorial.
949 1145 1025 1180 teste
1039 1146 1158 1179 Pliiero
1181 1145 1202 1181 l.
1219 1158 1247 1179 c.
1272 1164 1324 1171 ——-
1350 1146 1472 1180 Romae
1491 1148 1524 1179 in
1547 1143 1620 1179 bibl.
1642 1142 1754 1177 Barbe-

42 1197 112 1231 riua
131 1194 203 1230 cod.
221 1197 443 1231 DCCXLVII.
466 1198 499 1230 in
517 1195 653 1232 Ptolem.
667 1197 917 1244 apotelesmata.>
937 1217 987 1223 —
1014 1197 1157 1241 Neapoli
1175 1199 1209 1231 in
1231 1195 1305 1231 bibl.
1326 1198 1417 1244 regia
1437 1194 1511 1231 cod.
1529 1195 1673 1229 CXXIV.
1701 1209 1753 1221 ·—-

47 1245 195 1281 Venetiis
219 1249 252 1281 1'1‘1
276 1246 352 1284 bibl.
371 1248 413 1284 D.
429 1249 554 1290 Marci,
575 1246 649 1283 cod.
668 1249 843 1283 CCCXIV.
867 1247 974 1293 (catal.
997 1260 1070 1296 pag.
1088 1249 1172 1293 146.)
1203 1268 1249 1275 —
1275 1247 1457 1282 Florentiae
1477 1249 1511 1282 in
1535 1244 1608 1280 bibl.
1635 1243 1751 1279 medie.

44 1297 118 1332 eod.
137 1299 203 1334 XX.
225 1297 306 1346 plut.
321 1305 371 1340 28.
394 1311 470 1334 cum
492 1299 572 1347 figg.
591 1302 809 1347 geometricis.
836 1300 993 1345 (Bandin.
1016 1298 1107 1335 catal.
1129 1297 1227 1335 codd.
1247 1311 1296 1347 gr.
1321 1300 1360 1334 11.
1382 1298 1446 1334 col.
1463 1299 1526 1342 38.)
1555 1316 1604 1323 ·——
1631 1296 1753 1331 Oxonii

42 1350 78 1383 in
118 1348 235 1395 colleg.
279 1353 430 1397 corporis
472 1350 610 1393 christi,
663 1350 755 1385 catal.
796 1363 872 1399 pag.
892 1363 933 1396 51.
974 1363 1021 1384 nr.
1036 1351 1239 1387 MDLXVII.
1279 1371 1330 1377 —-
1370 1353 1403 1385 in
1448 1349 1594 1384 biblioth.
1629 1346 1752 1381 Bodlei-

41 1399 507 1436 nr.MMMCCCXXXV1¹1.
535 1422 587 1428 -
620 1403 702 1436 inter
729 1401 825 1437 codd.
850 1402 1051 1443 Samiam,
1086 1402 1501 1438 nr.MMMMMMDL11.
1534 1418 1575 1425 —
1614 1399 1650 1432 In
1675 1395 1750 1431 bibl.

8 1446 15 1451 ’
42 1449 211 1491 Pellicieri,
234 1452 266 1485 in
281 1452 358 1487 vrbe
372 1452 590 1497 Montpellicr‚
604 1451 681 1487 teste
696 1451 883 1488 Montfaue.
910 1472 959 1479 —
986 1453 1096 1499 Paris
1108 1454 1140 1486 in
1155 1452 1228 1487 bibl.
1248 1452 1335 1499 publ.
1352 1450 1446 1486 codd.
1463 1448 1751 1486 MMCCCCXIII.

43 1501 334 1538 MMCCCCXIV.
356 1503 629 1539 MMCCCCXC.
659 1524 708 1533 ν-
734 1505 771 1539 ln
794 1503 940 1538 biblioth.
960 1502 1102 1539 caesarea
1124 1505 1305 1539 Viizdohon.
1328 1502 1399 1538 cod.
1414 1503 1540 1537 XLVII.
1564 1498 1637 1535 sunt
1661 1512 1708 1533 nr.
1722 1511 1749 1543 5.

43 1554 220 1602 Excerpta,
246 1566 285 1588 ex
302 1553 452 1589 Antiochi
467 1552 631 1595 thesauris,
655 1557 763 1603 capita>
776 1556 889 1590 XLIV.
911 1554 951 1589 de
968 1554 1143 1604 astrologia
1159 1554 1339 1594 iudiciaria,
1367 1564 1398 1589 et
1414 1555 1555 1588 Lambec.
1571 1559 1750 1587 comment.

44 1614 125 1640 tom.
142 1606 217 1640 VII..
234 1606 297 1640 col.
317 1618 371 1650 192
387 1604 432 1654 sq.
459 1619 476 1641 e
497 1606 599 1642 Frifio
620 1615 652 1641 et
674 1606 803 1642 Labbeo
828 1616 1009 1649 memorat,
1043 1609 1075 1641 in
1097 1604 1171 1641 cod.
1199 1608 1359 1641 Vaticano
1383 1607 1512 1640 Romae
1535 1602 1656 1638 exstare
1681 1601 1751 1636 Au-

41 1656 135 1691 tiochi
154 1653 293 1691 thesauri
311 1657 583 1704 apotelesmatum
600 1671 692 1706 capp.
706 1671 778 1701 107.
806 1660 883 1693 etin
902 1657 977 1693 bibl.
995 1656 1090 1693 Paris.
1111 1656 1183 1693 cod.
1199 1658 1390 1692 MCCCVI.
1421 1656 1575 1690 Antiochi
1595 1651 1752 1701 isagogen

26 1706 294 1755 *astrologicaun
319 1708 444 1744 Koilar.
465 1722 544 1744 vero
566 1711 601 1743 i'n
624 1720 703 1744 nota
716 1709 762 1745 B.
784 1711 900 1757 repetit
917 1709 1056 1745 Fabricii
1077 1708 1178 1745 nostri
1202 1709 1298 1744 verba
1318 1705 1358 1744 de
1378 1709 1562 1744 Antiocho,
1588 1705 1751 1751 additque,

45 1768 266 1805 excerptorem
290 1756 514 1795 thesaurorum
539 1762 692 1796 Antiochi
719 1758 779 1796 esse
804 1761 1010 1801 Rham-ium,
1049 1772 1146 1809 atque
1173 1758 1288 1795 diserte
1318 1760 1501 1794 tribuuntur
1524 1767 1671 1806 excerpta
1695 1754 1751 1790 illa

44 1809 217 1849 Rhetorto,
242 1812 276 1845 in
296 1809 369 1846 cod.
387 1812 579 1845 CXXXVII.
607 1810 648 1846 de
667 1823 733 1860 quo
749 1809 812 1847 vid.
829 1811 1041 1847 Lambecium
1063 1812 1087 1847 l.
1102 1825 1128 1846 c.
1150 1811 1214 1847 col.
1232 1823 1292 1856 549
1307 1808 1349 1859 sq.
1376 1811 1483 1845 Harl..

459 1913 514 1948 III.
570 1914 768 1958 Scripta
815 1913 1090 1960 Porphyrii
1142 1914 1339 1947 inedita.

96 2015 101 2028 ‚
144 1997 168 2020 1.
199 1985 334 2034 Isagogt
349 1985 426 2021 MS.
446 1985 616 2033 praemissa
635 1991 860 2033 grammaticae
877 1987 1039 2032 Dionysii,
1062 1988 1225 2030 Thracis,
1251 1992 1364 2022 citatur
1380 2000 1397 2021 a
1419 1986 1496 2021 Tho.
1515 1985 1614 2020 Galea
1632 1996 1663 2031 p.
1679 1988 1752 2027 198.

1 2029 3 2047 ¹
47 2035 91 2073 ad'
108 2032 325 2072 lamblichum
346 2035 386 2072 de
410 2037 576 2082 Mysteriis
597 2040 799 2087 Aegyption.
844 2039 898 2074 Dc
923 2039 1098 2082 prosodia,
1132 2040 1206 2074 MS.
1230 2041 1389 2079 Veneriis,
1423 2040 1569 2073 Gesnero
1594 2034 1689 2074 teste,
1721 2042 1752 2068 et

40 2091 80 2123 vin
103 2087 216 2124 codice
238 2090 412 2128 Vaticano,
441 2091 532 2125 cnius
552 2092 658 2137 prima
675 2091 771 2125 verba
791 2089 844 2125 dat
868 2090 1057 2125 Holstcnius
1076 2103 1145 2138 cap.
1160 2103 1189 2134 7.
1215 2091 1339 2125 Fabric.
1392 2090 1442 2124 Ex
1465 2087 1537 2123 cod.
1564 2089 1687 2122 Veneto
1709 2085 1752 2119 D.

2 2176 4 2188 y
45 2141 170 2182 Marci,
200 2141 329 2175 DCLII.
357 2139 397 2174 cl.
415 2141 589 2188 Villoison.
607 2143 638 2175 in
656 2141 773 2176 Anecd.
794 2155 842 2190 gr.
862 2151 942 2177 tom.
958 2143 997 2177 Π.
1019 2154 1092 2191 pag.
1113 2149 1296 2184 103—118.
1325 2143 1449 2188 primus
1472 2138 1571 2175 edidit
1590 2137 1752 2186 Porphyr-

47 2203 169 2227 comm.
194 2192 268 2242 περὶ
289 2188 480 2244 πξοσῳὸίοις
499 2191 521 2227 s.
538 2194 647 2241 potius
664 2195 941 2229 commentarium
964 2196 995 2227 in
1013 2207 1085 2229 eam
1104 2192 1276 2237 Dionysii,
1303 2194 1460 2233 Thracis.
1489 2192 1613 2236 τέχνης
1637 2203 1751 2238 ‘742oess-

3 2247 5 2276 i
39 2243 195 2289 ’ματικῆς
217 2254 361 2290 parterm
386 2248 419 2278 in
442 2257 505 2292 qua
524 2245 562 2279 dc
577 2246 732 2292 prosodia
756 2248 872 2292 agitur.
899 2244 984 2284 (add.
1005 2244 1157 2281 eumdem
1180 2240 1340 2292 pag-⁷249·
1366 2243 1405 2278 de
1426 2243 1485 2277 illo
1505 2242 1642 2285 codice.)
1700 2236 1752 2272 Ad

46 2293 140 2328 illum
161 2307 292 2343 quoque
314 2298 348 2330 in
371 2295 538 2340 Dionysii,
562 2298 722 2335 Thracis.
746 2298 867 2342 τέχνην
890 2300 1167 2332 commentarium
1195 2298 1356 2344 pertinere
1377 2294 1501 2329 videtur
1525 2291 1751 2340 fragmentum

48 2343 239 2392 Porphyrii,
272 2360 290 2381 a
311 2347 502 2394 Villofivzio
522 2348 552 2384 l..
567 2361 593 2383 c.
611 2361 685 2397 pag.
705 2356 765 2388 131.
789 2347 1009 2397 publicatum..
1029 2368 1078 2374 —-
1106 2348 1184 2399 Περὶ
1207 2343 1397 2397 προσῳδίας
1420 2349 1458 2380 ad
1481 2342 1622 2388 Dionys.
1643 2343 1760 2375 Thra--

5 2405 7 2415 ⁴
900 2402 1048 2437 Aaaaa
1071 2411 1096 2442 3,
1665 2403 1760 2437 cem...
