2049 2720
29 55 89 75 ’,Γ

61 128 389 174 v01.1x.‚.s1⁶rgzg
729 123 790 162 or.
818 125 974 175 vas
1000 129 1152 167 svas
1279 113 1282 118 ’
1383 132 1456 168 Lib.
1479 131 1526 169 V.
1549 133 1665 171 ωτι.
1716 145 1768 179 551
1815 148 1826 154 -

157 223 203 262 fia
225 222 359 272 suscepit
382 219 597 268 Gryllum'et
621 219 833 264 Diodorum,
867 224 920 272 qui
949 226 1046 261 etiam
1078 222 1226 262 Dioscuri
1253 228 1360 262 vocati
1389 222 1534 264 fuerunt.
1585 223 1656 276 Ipse
1688 239 1767 262 vero

154 278 251 312 οἰήια
274 278 341 322 apis
362 277 615 324 cognominatus
637 273 690 309 est.
730 271 979 324 Condiscipulns
995 277 1135 313 Platonis
1154 276 1237 317 fuit,
1263 277 1440 328 floruitque
1459 278 1601 327 Olymp.
1617 278 1764 313 Xcvnr.

153 326 284 377 Scripsit
298 327 397 362 libros
414 325 506 375 supra
522 327 597 367 XL,
624 338 642 360 e
659 337 802 373 quorum
819 339 960 362 numero
977 325 1048 363 sunt
1067 330 1118 364 hi:
1146 331 1184 364 de
1196 328 1389 375 institutione
1403 329 1482 378 Cyri
1495 331 1568 365 libri
1579 330 1618 367 V
1615 331 1688 364 ΙΙΙ.
1725 329 1764 363 dc

150 381 346 424 expeditione
368 379 449 425 Cyri
473 379 548 412 libri
581 376 622 412 V
620 378 674 412 11.
699 390 806 413 rerum
830 390 1020 426 graecarum
1049 379 1123 414 libri
1143 381 1182 416 V
1181 383 1233 416 ΙΙ.
1277 382 1468 418 Conuiuium
1495 392 1526 418 et
1552 380 1616 417 alia
1648 380 1764 417 multa.

148 431 307 465 Militauit
328 439 441 464 contra
465 426 589 468 Persas,
615 441 691 463 cum
719 430 812 474 Cyro
830 427 994 477 profec‘ius
1008 428 1158 466 aduersus
1174 435 1402 474 Artaxerxem,
1424 432 1580 476 fratrem,
1601 442 1662 468 etc.

47 483 255 529 Xenophon,
283 482 522 522 Andochenus,
549 479 724 514 historicus.
778 480 909 530 Scripsit
929 482 1139 529 Babylonica,
1167 483 1257 531 quod
1291 484 1335 519 es}
1367 498 1451 533 opus
1480 486 1687 520 amatorium.

47 534 255 581 Xenophon,
279 531 458 581 Ephefius,
484 529 673 571 historicus,
695 530 818 580 scripsit
837 533 1025 580 Ephesiam,
1053 532 1120 568 fiue
1147 534 1249 570 libros
1279 534 1391 572 decem
1415 535 1456 571 de
1476 536 1642 572 amoribus
1661 533 1764 569 Abro-

148 586 239 620 comi
260 593 290 619 et
309 585 466 622 Anthiae,
508 591 539 616 et
559 583 597 616 de
616 585 691 618 vrbe
706 583 925 631 prefiorum,
951 593 1046 633 atque
1060 583 1131 619 alia.

47 637 259 684 Xenophon,
285 637 448 684 Cyprius,
474 634 659 676 historicus,
686 631 808 681 scripsit
835 635 1010 683 Cypriam,
1038 635 1129 684 quod
1152 648 1234 685 opus
1262 635 1376 675 itidem
1399 637 1443 674 est
1463 637 1598 675 hissoria
1612 635 1763 672 amatorii

149 689 353 735 argumenti,
379 698 478 734 agens
498 684 538 718 de
560 687 703 728 Cinyra,
729 685 872 729 Myrrha
897 698 928 722 et
949 686 1111 723 Adonide.

46 737 223 779 zaleucus,
250 738 392 782 Locrus,
416 737 585 776 Thorius,
622 737 849 784 pythagoreus
879 737 1096 787 philosophus
1129 747 1161 772 et
1186 738 1369 787 legislator,
1405 741 1461 787 qui
1489 752 1552 788 pro
1578 740 1678 786 patria
1704 749 1762 784 pu-

146 801 250 838 gnans
275 789 365 824 obiit.
405 789 470 823 Hic
497 798 571 821 ante
592 785 654 822 fuit
677 786 784 823 seruus
808 798 839 824 et
860 789 986 837 pastor:
1014 789 1187 837 disciplinis
1215 801 1326 826 autem
1358 791 1517 825 institurus
1550 787 1611 824 suis
1637 789 1760 823 ciuibus

106 869 108 871 ,
137 840 220 875 ‘tulit
241 839 349 888 leges,
376 841 462 874 inter
481 851 558 886 quas
579 848 610 872 et
635 840 715 874 haee
735 837 814 881 fuit,
842 851 875 874 vt
897 841 1052 877 mulieres
1077 845 1238 888 ingenuae
1262 855 1337 878 cum
1365 840 1548 876 domesticis
1571 851 1602 876 et
1623 854 1684 875 vna
1707 852 1761 887 pe-

144 888 300 940 dissequa,
321 889 464 925 candidis
479 889 615 924 vestibus
630 889 762 925 iudutae
779 889 975 934 incederent,
996 893 1077 927 aliae
1094 894 1312 938 (meretrices)
1329 892 1483 932 dv91va2'5
1500 890 1759 928 versicoloribus.

43 942 228 982 Zamolxis,
254 943 461 990 Pythagorae
487 938 611 980 seruus,
639 951 673 975 vt
702 941 895 977 Herodotus
932 944 1016 978 libro
1046 954 1177 992 quarto,
1211 945 1352 988 Scytha,
1386 947 1440 993 qui
1468 941 1610 979 reuersus
1639 945 1673 978 in
1704 954 1759 990 pa-

144 995 242 1029 triam
263 992 393 1034 docuit,
419 993 564 1027 animam
587 989 649 1026 effe
674 993 909 1029 immortalem.
963 994 1113 1030 Mnaseas
1132 1007 1211 1030 vero
1237 994 1354 1035 refert,
1381 994 1469 1045 apud
1491 996 1587 1031 Getas
1608 993 1673 1029 coli
1702 995 1758 1028 Sa-

142 1054 295 1084 turnum,
336 1046 511 1092 vocarique
538 1042 724 1078 Zamolxin.
772 1045 962 1080 Hellanicus
995 1049 1028 1081 in
1052 1046 1107 1092 [lf]
1130 1047 1274 1094 νομίμοις
1305 1045 1372 1082 fiue
1405 1046 1560 1092 institutis·
1586 1044 1758 1081 barbaricis

142 1100 187 1131 ait
206 1093 298 1131 fuiffe
318 1094 497 1144 quemdam
522 1095 707 1133 Graecum,
735 1098 789 1145 qui
811 1097 911 1139 Getis,
933 1100 965 1131 in
980 1098 1125 1132 Thracia
1141 1097 1353 1146 degentibus,
1378 1098 1550 1141 τελετάς,
1583 1099 1672 1131 initia
1700 1094 1754 1130 de-

141 1147 390 1188 monstrauerit‚
417 1146 618 1193 dixeritque,
646 1159 753 1194 neque
785 1145 816 1182 se
845 1151 1065 1189 moriturum,
1098 1161 1204 1197 neque
1231 1147 1306 1185 suos
1335 1147 1525 1191 sedlatores3
1558 1145 1611 1183 sed
1641 1147 1757 1183 omnia

142 1199 230 1235 bona
251 1200 426 1234 habituros.
477 1199 537 1232 His
561 1197 651 1232 dielis
671 1196 880 1234 domicilium
910 1197 1151 1235 subterraneum
1175 1200 1351 1238 exstruxit,
1375 1199 1493 1235 deinde
1516 1212 1556 1236 ex
1580 1200 1756 1234 Thracum

139 1249 243 1286 oculis
267 1260 297 1284 et
319 1247 494 1297 conspeclu
517 1246 548 1283 se
570 1260 704 1297 repente
726 1252 908 1298 proripiens
931 1253 963 1285 in
988 1253 1054 1285 hoc
1079 1249 1112 1286 se
1133 1251 1272 1294 abdidit3
1308 1253 1408 1286 Getae
1433 1264 1512 1286 vero
1542 1249 1648 1299 ipsum
1676 1246 1755 1283 dest-

144 1300 306 1337 derarunt.
359 1303 484 1348 Qarto
510 1312 598 1333 anno
623 1300 693 1347 post
728 1298 833 1335 rursus
862 1303 1028 1350 adparuit,
1062 1310 1093 1336 et
1123 1303 1271 1337 Thraces
1308 1305 1421 1337 omnia
1451 1301 1509 1350 ipfi
1536 1299 1752 1337 crediderunt.

137 1355 240 1387 Aiunt
265 1349 414 1401 quidam,
443 1352 630 1386 Zamolxim
647 1348 785 1386 seruiusse
806 1354 1028 1400 Pythagorae,
1056 1355 1187 1396 Samio,
1211 1350 1396 1388 Mnesarchi
1424 1353 1515 1393 filio,
1549 1363 1580 1387 et
1607 1352 1752 1386 libertate

137 1403 315 1448 donatum,
343 1403 398 1438 ista
418 1413 648 1437 commentum
672 1401 773 1438 fuisse.
826 1405 941 1438 Terizi
968 1417 1048 1439 vero
1071 1414 1101 1438 et
1125 1406 1268 1448 Crobyzi
1297 1403 1450 1446 credunt,
1483 1405 1667 1439 animarum
1690 1403 1751 1435 im·

140 1455 396 1494 mortalitatem,
423 1463 452 1488 et
476 1465 626 1487 mortuos
646 1453 685 1488 ad
708 1455 882 1490 'Lamolxin
907 1457 952 1490 ire
974 1455 1121 1494 tradunt,
1149 1468 1247 1503 quem
1272 1455 1450 1490 rediturum
1478 1453 1538 1489 esse
1566 1457 1673 1496 aiunt,
1705 1450 1751 1486 id·
1789 1478 1794 1481 -

136 1519 201 1553 que
228 1503 354 1550 semper
385 1517 497 1539 verum
528 1502 589 1539 esse
615 1517 738 1553 putant.
788 1507 1013 1555 Qamobrem
1044 1503 1225 1542 sacrificant
1253 1516 1284 1542 et
1315 1508 1548 1549 conuiuantur‚
1578 1503 1668 1554 quast
1698 1501 1752 1538 de-

133 1555 262 1592 func‘lus
288 1556 323 1591 stt
349 1557 515 1591 redirurus.

34 1607 144 1649 Zeno,
169 1607 415 1655 Telewagorae
436 1609 469 1642 F.
485 1606 630 1647 Eleates,
657 1605 893 1656 phi¹osophus,
920 1621 1002 1643 vnus
1028 1605 1069 1644 de
1093 1606 1174 1650 illis,
1202 1609 1257 1657 qui
1287 1607 1483 1644 accesserunt
1511 1607 1551 1644 ad
1584 1603 1753 1653 Pythagol

130 1673 185 1695 rae
209 1669 239 1693 et
260 1661 442 1694 Democriti
468 1669 633 1706 tempora3
668 1660 746 1693 vixit
773 1662 859 1693 enim
893 1661 1059 1695 Lxxvm
1087 1659 1294 1707 Olympiade.
1359 1659 1543 1707 Discipulos
1575 1658 1751 1706 Xenopha-

135 1708 270 1756 nisiaut
304 1709 511 1745 parmenidis.
564 1709 693 1758 Scripl'lt
723 1705 832 1757 ἔριδας
860 1712 1087 1747 τοηίειιΙὶοηωε
1127 1714 1352 1745 enarrationem
1386 1713 1600 1756 Empedoclis:
1638 1712 1748 1744 aduer-

127 1762 189 1810 sus
206 1762 404 1808 philosophos
435 1762 472 1794 de
495 1761 639 1796 Natura.
690 1764 790 1796 Hunc
823 1763 912 1796 aiunt
935 1765 1139 1797 inuentorem
1162 1760 1255 1796 fuisse
1275 1762 1480 1801 dialecticae,
1519 1771 1551 1796 vt
1581 1758 1747 1808 Empedo-

136 1813 223 1847 clem
249 1814 438 1847 rhetoricae.
489 1811 550 1845 Sed
575 1824 676 1858 quum
697 1813 900 1850 Nearchum,
929 1814 999 1853 vel,
1026 1815 1075 1855 (vt
1089 1814 1142 1846 alii
1163 1813 1324 1855 tradunt,)
1346 1812 1625 1853 Diomedontem,
1651 1810 1747 1845 Eleae

134 1872 334 1907 tyrannum,
360 1871 502 1898 euertere
526 1861 640 1899 vellet,
667 1873 778 1910 captus
804 1863 857 1897 est.
911 1863 1130 1910 Interrogatus
1150 1873 1260 1898 autem
1293 1864 1332 1897 ab
1361 1862 1448 1911 ipso,
1482 1864 1630 1911 liugnam
1657 1872 1747 1910 prae·

130 1912 275 1950 mursam
298 1928 335 1949 ac
360 1911 513 1948 refer-'tam
530 1911 654 1960 exspuit
677 1915 710 1946 in
735 1924 923 1956 tyrannum.
976 1915 1015 1948 Er
1034 1916 1065 1948 in
1083 1916 1278 1949 mortarium
1300 1918 1464 1951 coniectus
1482 1912 1648 1949 tundendo
1667 1925 1746 1947 con-

133 1969 222 2002 tritus
243 1966 296 2000 est.
342 1963 508 2000 Differunt
535 1967 658 2000 Eleates
681 1964 739 2009 (ab
766 1964 845 1999 Elea
872 1963 1002 2009 ltaliae)
1024 1976 1053 2000 et
1078 1965 1197 2000 Elaites
1220 1966 1280 2008 (ab
1304 1966 1401 2001 Elaea
1425 1964 1515 2001 Asiae
1538 1968 1570 2000 in
1591 1963 1744 2010 Aeolia.)

32 2019 143 2060 lene,
169 2015 294 2053 Musaei
316 2017 349 2051 F.
374 2015 487 2050 Sidoni
506 2029 547 2057 -ε,
576 2013 788 2064 philosophus
812 2017 925 2050 lloieus
942 2014 985 2063 ἑ),
1007 2014 1178 2063 discipulus
1200 2014 1342 2052 Diodori
1366 2019 1487 2060 Croni,
1513 2015 1664 2065 magister
1684 2016 1743 2050 Ze·

131 2071 246 2109 nonis,
268 2069 383 2110 Citiei,
408 2065 529 2115 scripsit
546 2069 721 2114 apdogfam
743 2069 886 2101 Son-alis
900 2074 928 2101 est
952 2069 1126 2103 Sidoniwa.

32 2120 144 2160 zeno,
177 2116 349 2160 Mnaseae,
388 2119 439 2154 vel
468 2120 579 2153 Demii
613 2120 646 2154 F.
675 2120 812 2157 Citieus,
847 2131 883 2153 ex
909 2121 1014 2158 Citio,
1045 2121 1147 2166 Cypri
1171 2120 1318 2164 ciuitate,
1351 2114 1586 2166 philosophus,
1622 2114 1742 2151 stoicae

131 2169 234 2206 setilae
253 2171 386 2205 audior:
413 2171 549 2217 (Supra,
578 2171 612 2204 in
634 2165 715 2212 ςοοὶ)
748 2167 920 2216 discipulus
949 2172 1105 2211 Cratetis,
1129 2171 1254 2215 cynici,
1281 2168 1397 2204 deinde
1419 2169 1622 2209 Polemonis,
1645 2168 1739 2201 Avhe-

129 2219 260 2257 niensss.
311 2221 400 2256 Obiit
421 2234 509 2255 anno
531 2224 639 2255 aetatis
661 2222 730 2255 XC.
754 2218 883 2254 submde
900 2220 940 2255 de
958 2222 1032 2255 cibo
1050 2220 1170 2270 aliquid
1187 2220 1374 2262 deturbem,
1398 2218 1502 2254 donec
1524 2232 1599 2267 prae
1622 2220 1741 2252 virumn

127 2272 317 2316 infirmitate
339 2271 471 2306 tandem
494 2282 620 2320 perzret.
674 2271 854 2307 Orat-ulum
878 2270 918 2306 de
939 2274 1021 2307 vitae
1042 2284 1160 2321 genere
1183 2270 1361 2309 consulenti
1384 2280 1443 2308 etc.
1471 2268 1580 2319 (supra
1604 2272 1636 2303 in
1661 2282 1740 2314 συγ-

1470 2319 1712 2372 χξωτίζεσθση-
1723 2321 1738 2364 )

35 2434 38 2435 ⁷
72 2387 105 2428 k)
126 2389 277 2429 Menagius
298 2388 334 2420 ad
355 2390 503 2420 Laenium
524 2390 589 2421 VII.
608 2397 646 2427 35.
671 2388 742 2429 legit
764 2388 955 2433 philosophus
978 2388 1096 2431 s’gcrm'r.
