2049 2720
537 159 718 199 IOSEPHI
747 159 995 198 EDITIONES
1025 156 1232 197 LATINAE
1342 157 1416 194 Lib.
1428 156 1495 197 IV.
1511 170 1534 197 e.
1549 157 1660 195 VIII.
1763 171 1800 203 27

171 259 213 295 In
226 259 297 295 bibl.
310 258 416 307 Paris
432 257 599 308 quondam
619 262 708 304 regia
725 261 760 300 a)
772 257 848 293 cod..
862 260 884 293 1.
900 255 1130 300 bombycinus,
1146 255 1229 289 olim
1247 253 1468 296 Colbertinus,
1486 251 1563 289 saec.
1575 255 1659 289 XIII.
1676 263 1800 302 praeter

84 310 231 360 plurium
258 310 417 347 librorum
441 313 470 345 S.
493 313 523 346 S.
545 308 886 359 septuagintauiralem
905 310 1226 357 interpretationem,
1250 308 1348 341 etiam
1366 308 1454 340 hunc
1473 305 1621 341 libellum
1647 309 1801 341 continet.

87 364 121 407 b)
138 362 210 398 cod.
227 364 278 407 X...
288 364 426 399 membr.
446 362 528 398 olim
550 362 720 397 Mediceus
733 390 743 404 ‚
771 359 849 398 saec.
867 362 903 395 X.
924 362 1068 396 continet
1091 359 1256 400 Tobiam‚
1284 369 1316 393 et
1340 358 1614 393 Maccahaeorum
1635 358 1732 393 libros
1746 360 1800 393 IV.

86 426 230 463 quorum
253 415 435 463 postremus
461 413 548 449 idem
571 411 700 461 prorsus
719 413 762 448 est
786 427 863 448 cum
880 414 943 447 hoc
965 409 1090 459 Iosephi
1111 410 1233 446 libello.
1271 413 1302 454 c)
1320 408 1392 444 cod.
1410 410 1586 444 DXLVIII.
1602 410 1740 444 membr.
1765 423 1803 444 ex

86 469 220 502 Oriente
235 466 369 509 adlatus,
387 464 464 501 saec.
484 468 552 500 XII.
578 465 615 510 d)
632 465 704 500 cod.
719 466 844 500 MLIII.
862 464 1001 499 membr.
1036 465 1067 506 e)
1083 461 1159 497 cod.
1177 463 1392 496 MCLXXVI.
1409 461 1548 496 membr.
1566 462 1647 496 oIim
1663 463 1805 496 Mazaci-

88 531 195 556 naeus‚
223 516 258 563 f)
273 517 347 554 cod.
362 518 591 553 MCLXXVII.
610 514 688 552 saec.
704 518 773 551 XII.
807 519 849 564 g)
859 515 933 551 cod.
950 514 1240 553 MCCCCLXXV.
1258 527 1307 549 nr.
1319 513 1542 550 VILmembr.
1560 513 1642 548 olim
1660 512 1803 548 Colbert.

87 567 168 605 saec.
185 571 238 604 XI.
270 571 308 614 h)
329 569 400 604 cod.
421 570 581 604 MDXVI.
598 582 646 604 nr.
664 570 750 606 VIII,
767 566 844 603 saec.
863 568 932 602 XII.
975 569 999 611 i)
1019 565 1090 601 cod.
1105 566 1316 600 MDXXVH.
1340 577 1387 600 nr.
1403 566 1458 599 IX.
1476 565 1615 599 membr.
1639 561 1717 599 saec.
1736 566 1804 600 XII.

86 621 126 666 k)
147 619 219 656 cod.
236 622 459 656 MDXXVIII.
489 635 535 656 nr.
552 622 605 657 XI.
633 620 815 656 membran.
853 619 937 653 olim
969 617 1159 657 Medieeus‚
1197 614 1278 652 saec.
1296 617 1366 651 XII.
1438 616 1467 660 l)
1490 615 1563 651 cod.
1585 618 1805 652 MDXLVIII.

86 684 136 709 nr.
154 673 207 708 IX.
225 674 406 716 membran.
421 671 501 708 saec.
520 674 607 708 XIII.
657 673 712 716 m)
726 672 800 707 cod.
817 672 982 705 MMMX.
996 684 1046 705 nr.
1062 669 1116 704 XI.
1133 669 1320 712 bombycin.
1336 669 1420 703 olim
1438 670 1503 702 loa.
1519 669 1601 709 Ρῐιιί,
1619 665 1700 703 saec.
1718 669 1806 704 XIV.

87 727 177 761 hune
192 724 340 760 libellum
355 722 511 760 referunt.
563 726 613 759 Ex
626 725 913 770 Hauercampiana
927 720 1105 770 adpendice
1121 732 1263 769 quatuor
1277 718 1372 755 codd.
1389 717 1483 754 Paris.
1504 716 1596 755 fuiffe
1613 719 1749 756 collatos
1762 722 1807 756 in-

88 775 224 824 telligo,
242 780 358 812 minus
373 788 494 817 autem,
516 779 651 825 quinam
670 789 708 811 ex
724 788 807 810 mox
831 772 993 809 recensitis
1019 771 1164 808 fuerint?

171 897 179 904 .
192 846 236 878 ln
259 845 398 880 biblioth.
419 845 541 893 Synodi
561 845 692 896 ecclesiae
712 843 846 889 Rqfflcae
871 840 944 878 cod.
962 842 1017 877 lx.
1038 840 1220 876 membran.
1241 837 1393 888 saec5XI.
1415 852 1466 875 nr.
1482 840 1538 875 IX.
1557 840 1645 874 hunc
1662 837 1809 875 libellum

88 905 245 932 eontinet.

194 966 236 999 In
251 964 322 999 bibl.
338 966 428 1012 regia
445 964 662 1013 Tam-ineufi,
685 963 842 998 Athenaei
857 960 951 998 codd.
970 963 1046 997 CIV
1060 973 1090 997 et
1105 962 1315 996 CXXXVIII.
1331 960 1509 994 membran.
1533 956 1611 993 saec.
1629 960 1673 991 XI
1688 967 1718 991 et
1735 957 1807 993 XII.

92 1018 211 1053 exarati
236 1025 362 1064 praeter
383 1017 446 1050 alia
465 1018 554 1050 hune
580 1015 729 1051 libellum
754 1012 920 1057 referunt3
948 1015 993 1048 vti
1010 1017 1108 1048 etiam
1126 1019 1161 1047 in
1177 1013 1250 1046 bibl.
1267 1012 1418 1046 &Marci
1436 1011 1560 1046 Veneta
1574 1008 1670 1045 codd.
1681 1010 1735 1044 111.
1751 1010 1808 1044 IV.

46 1109 54 1116 ⁵
91 1080 140 1107 ur.
157 1069 203 1102 1V
221 1076 252 1102 et
268 1068 352 1102 XVI.
368 1080 586 1115 pergamenus
609 1067 709 1109 alter,
736 1065 818 1100 alter
833 1068 1040 1105 chartaceus,
1066 1062 1148 1115 saec.
1168 1065 1224 1101 XI.

193 1134 236 1169 In
251 1133 323 1169 bibl.
339 1129 491 1180 Ambrqs'l
506 1134 636 1168 Metfiol.
660 1131 758 1167 codd.
778 1131 865 1172 duo,
888 1131 972 1166 alter
993 1144 1143 1180 pergam.
1164 1130 1247 1165 alter
1262 1130 1489 1173 bombycinus.

194 1202 237 1236 In
253 1200 324 1235 bibl.
341 1201 498 1234 Lam-ent.
515 1200 602 1235 FIor.
621 1198 725 1234 codex
742 1212 824 1233 vnus
845 1201 878 1233 in
895 1198 1038 1245 catalogi
1054 1209 1137 1233 tom.
1155 1199 1179 1232 I.
1204 1210 1278 1244 pag.
1293 1208 1359 1242 455.
1382 1194 1430 1231 nr}
1446 1196 1561 1231 XXIII.
1587 1204 1618 1230 et
1641 1193 1716 1231 cod.
1733 1197 1811 1231 vitas

93 1253 285 1298 Martyrum
303 1255 491 1294 continens,
518 1262 551 1286 vt
565 1253 676 1286 litteris
692 1265 746 1286 me
760 1250 892 1286 edocuit
910 1249 950 1283 cI.
967 1252 1016 1283 vir
1032 1247 1216 1284 Franciscus
1234 1250 1382 1285 Fontani,

191 1321 230 1354 In
246 1319 319 1354 bibl.
336 1320 533 1354 Coislininna
544 1311 618 1354 cod.
637 1320 692 1352 IV.
709 1318 790 1353 olim
804 1317 1042 1352 CCCLXXXI.
1060 1317 1300 1361 bombycinus,
1327 1312 1457 1362 Iosephi
1474 1312 1514 1348 de
1531 1314 1732 1348 Maccabaeis
1753 1324 1815 1348 tra-2

95 1373 220 1408 §fatum
243 1382 277 1406 vt
298 1382 449 1419 quartum
470 1370 591 1406 librum
615 1370 893 1407 Maccahaeorum
912 1366 1072 1412 referes-2⁸3
1100 1371 1167 1404 iam
1193 1366 1350 1409 collatus,
1374 1375 1408 1401 vt
1431 1363 1573 1408 videtur,
1599 1363 1815 1415 adpendicem

95 1424 421 1472 Hauercampianam
437 1422 568 1471 legenti.

199 1502 257 1536 Vti
277 1499 451 1535 elenchum
469 1498 623 1534 codicum
644 1497 844 1540 latinorum,
871 1500 915 1533 ita
933 1500 1028 1533 etiam
1044 1497 1146 1534 alium
1162 1495 1335 1532 elenchum
1354 1492 1525 1534 codicum,
1547 1494 1711 1529 breuitatis
1729 1490 1815 1529 caus-

97 1550 150 1594 sa.
177 1562 208 1588 et
222 1550 310 1601 quod
332 1555 440 1587 minus
462 1550 582 1586 interfit
601 1564 719 1586 eorum
743 1551 896 1585 notitiam
913 1551 1049 1590 habere,
1076 1550 1130 1586 hic
1147 1559 1334 1598 praetereo,
1361 1549 1417 1596 qui
1433 1548 1525 1581 vuius
1542 1546 1716 1582 alteriusue
1734 1542 1817 1581 lose-

99 1605 194 1656 phini
207 1606 312 1653 operis
327 1607 488 1653 epitomas
508 1602 560 1638 vel
579 1601 766 1651 fragmenta
786 1604 966 1638 continent.

945 1702 981 1740 B.

129 1792 136 1796 -
201 1765 346 1814 Historia
361 1765 577 1815 chronologica
591 1765 759 1802 editionum
773 1764 965 1804 latinarum,
988 1774 1201 1810 graecarum,
1228 1769 1259 1800 et
1273 1763 1447 1812 vei-stonum
1462 1759 1718 1802 vernacularum,

743 1828 874 1863 optram
900 1816 1026 1863 losepln'
1049 1815 1171 1851 Flauii.

876 1896 998 1928 Aetas
1023 1893 1051 1927 I.

678 1955 857 1991 Rufiniana
881 1965 1047 1988 annorum
1074 1949 1144 1986 fere
1171 1963 1247 1986 100.

598 2045 968 2080 Editiones
1046 2037 1324 2078 latinae?

210 2104 306 2143 Aetas
321 2107 429 2153 prima
448 2106 532 2140 circa
548 2104 694 2140 medium
712 2103 790 2140 saec.
808 2107 879 2140 XV.
905 2106 1034 2152 incipit,
1059 2105 1229 2151 pergitque
1251 2099 1291 2136 ad
1315 2096 1462 2135 medium
1483 2096 1562 2134 saec.
1580 2097 1668 2133 XVI.
1690 2095 1742 2130 vbi
1762 2096 1826 2143 pri-

110 2165 206 2197 mum
217 2174 250 2195 a.
267 2170 352 2202 1544.
374 2168 477 2192 textus
495 2170 629 2205 graecus
645 2170 786 2206 operum
799 2155 923 2204 Ioseph.
940 2158 1138 2202 comparuit.
1191 2154 1404 2189 Rufinianam
1427 2164 1499 2187 eam
1519 2149 1609 2191 dico,
1639 2145 1729 2196 quod
1743 2159 1826 2182 non-

111 2209 171 2248 uifi
196 2223 234 2245 ex
258 2210 357 2245 latina
371 2209 497 2256 Rufini,
522 2220 554 2244 vt
569 2210 670 2257 vngo
687 2209 794 2251 audit,
819 2208 966 2244 versione
981 2205 1155 2255 Iosephina
1169 2218 1272 2254 opera
1290 2206 1513 2239 innotuerunt.

215 2279 282 2312 Siue
295 2277 369 2317 loci,
395 2279 528 2324 annique
542 2282 618 2311 nota
632 2277 793 2312 editiones.
847 2278 879 2320 a)
898 2272 1118 2325 antiquissima
1131 2276 1305 2321 primaque
1327 2269 1421 2307 fuisse
1436 2269 1562 2305 videtur
1584 2281 1636 2306 ea,
1661 2278 1744 2314 quae
1764 2261 1826 2298 fol·

113 2330 261 2365 maximo
286 2340 316 2363 et
338 2326 446 2363 fractis
470 2331 666 2375 paginarum
688 2327 869 2368 columnis,
895 2329 979 2362 inter
1000 2339 1102 2361 annos
1124 2327 1361 2368 1462-1470.
1383 2319 1552 2370 impressa,
1585 2320 1674 2353 hune
1697 2315 1828 2351 titulum

114 2392 192 2427 prae
209 2380 238 2414 se
250 2378 330 2415 ferr:
356 2381 463 2414 Flauii
478 2380 602 2425 Juseplzi
617 2379 774 2426 historiar.
788 2380 994 2426 antiquitatis
1010 2378 1148 2412 iudaicae
1162 2378 1240 2411 liber
1253 2378 1379 2422 primus
1393 2376 1516 2418 incipit:
1542 2373 1597 2419 qui
1607 2371 1740 2405 continet
1754 2374 1828 2401 tem-

111 2443 344 2482 puslannorum
359 2434 460 2467 trium
475 2432 607 2468 minim
623 2432 825 2468 ducentorum
839 2432 1075 2480 quinquaginta
1079 2429 1156 2477 sex.
1211 2426 1405 2475 constitutio
1426 2425 1585 2474 mundiret
1601 2422 1829 2507 eletngtornny

954 2484 986 2519 D
1013 2492 1034 2518 2
1705 2477 1784 2518 aput
1821 2496 1830 2504 .
