2013 2725
245 171 309 205 3⁴⁴
410 152 485 191 Lib.
500 149 774 199 IanXVIlI.
901 147 1083 186 LVCIANI
1113 147 1304 186 SCRIPTA
1623 147 1685 178 vot.
1699 149 1748 178 111.
1771 158 1796 184 p·
1813 150 1959 186 5031504

246 234 371 301 placet.
404 250 508 285 [αι-οἵη·
529 248 631 283 Baldo
656 244 808 283 solatium
837 243 1115 295 podagricorum‚
1149 244 1324 281 Monachii
1344 242 1434 279 1661.
1455 244 1503 279 η.
1531 251 1564 279 et
1593 243 1757 282 Ger-hardi
1776 247 1959 283 Feltmanni

246 306 366 341 librum
384 300 424 337 de
447 299 507 337 dea
523 299 687 348 Podagra,
711 301 817 334 Brem.
835 300 925 343 1693.
944 305 976 338 8.

345 373 398 415 76.
421 363 703 418 Τυραννοκτὸνος,
736 365 967 415 Tyrannicida,
993 363 1059 400 fiue
1073 362 1290 405 declamatio,
1318 362 1477 412 probam,
1504 361 1595 412 quod
1611 376 1650 399 ex
1665 365 1859 405 intentione,
1880 363 1958 401 licet

245 437 314 460 non
328 436 368 459 ex
383 422 485 456 verbis
509 419 608 467 legis.
636 419 822 467 praemium
845 415 1065 462 tyrannicidae
1087 415 1241 452 debeatur
1266 416 1313 457 ei,
1341 417 1415 464 qui,
1438 425 1616 458 tyrannum
1641 414 1824 457 occisurus,
1851 416 1958 453 filium

245 479 324 514 eius,
347 486 416 510 non
432 474 540 507 minus
558 469 741 513 crudelem,
766 480 797 505 et
811 483 830 505 a
849 482 916 518 quo
932 479 1021 517 pater
1037 477 1123 504 totus
1140 466 1311 517 pendebat,
1337 463 1566 510 transfoderat,
1583 466 1695 516 gladio
1711 469 1747 502 in
1762 467 1895 503 vulnere
1909 480 1960 503 re.

244 527 343 569 licto,
370 537 438 574 quo
459 533 551 573 pater
571 533 731 568 tyrannus
749 521 872 571 postea,
894 520 964 556 filio
990 530 1127 555 mortuo
1146 518 1384 567 superueniens,
1413 515 1445 554 se
1472 515 1579 566 ipsum
1605 521 1778 555 interemit.
1828 528 1911 555 tom.
1935 520 1959 555 1.

242 591 318 630 pag.
335 580 542 624 693—707.
567 575 620 621 [ΙΙ.
642 586 717 623 pag.
733 573 937 618 141-158]
989 574 1096 608 Vertit
1116 582 1145 608 et
1168 573 1197 607 ei
1210 573 1410 608 contrariam
1423 568 1701 608 declamationem
1716 571 1864 616 latinam,
1887 583 1957 608 non

244 633 354 669 minus
375 625 548 669 disertam,
571 623 724 675 opposuit
738 626 910 660 Erasmus.

340 692 516 747 Τύραννος.
567 690 651 728 Vide
667 689 779 741 supra,
806 687 1023 731 Κατοὶπλες.

344 786 395 818 77.
420 771 529 820 ’Υπὲρ
544 770 591 809 ‘ris‘
605 772 635 807 ἐν
652 770 697 815 ‘rii
708 770 919 820 προσηγορίας
935 764 1179 817 mocio-,mm
1231 764 1397 815 Apologia
1405 779 1471 813 pro
1485 766 1574 815 lapfic
1590 768 1674 802 inter
1676 766 1899 815 salutandum,
1918 765 1959 803 ad

243 823 428 874 Asclepium
451 821 517 857 stue
537 818 784 869 Aesculapium,
811 833 912 870 quem
936 832 1011 869 pag.
1028 831 1097 864 503.
1120 821 1299 867 φίλτατον
1322 829 1418 854 vocat
1443 829 1475 855 et
1495 832 1570 869 pag.
1589 831 1659 866 501.
1683 815 1867 869 ἄρχοντα,
1893 821 1959 863 cui,

243 884 321 914 eum
335 875 440 925 χαῖρε
455 873 549 909 salac
570 873 679 907 dicere
703 885 802 908 mane
825 869 996 912 debuisset,
1021 869 1147 906 dixerat
1170 869 1295 916 ὑγίαινε
1319 871 1359 906 V
1357 872 1411 906 ale.
1465 871 1592 919 Scripta
1615 885 1633 906 a
1653 868 1747 914 sene,
1774 881 1808 906 vt
1828 881 1916 920 patet
1939 884 1959 907 e

242 930 347 965 verbis
377 926 486 977 ληρεῖν
516 922 575 974 ὑφ’
603 922 748 968 ἡλικίαις.
788 923 915 959 tom.1.
937 935 1012 972 pag.
1026 934 1227 968 495—503.
1265 923 1310 968 [1.
1331 934 1405 971 pag.
1423 922 1643 968 ἰη-738]
1695 923 1802 958 Vertit
1827 925 1958 958 Iacobus

241 979 408 1028 Micyllus.

344 1064 398 1101 78.
421 1050 587 1103 Φάλαρις
600 1050 753 1102 πρῶτος,
780 1048 838 1099 χρᾷ
856 1046 1024 1100 δεύτερος,
1050 1046 1115 1085 fiue
1136 1047 1392 1085 declamationes
1408 1045 1510 1092 duae,
1536 1050 1629 1097 prior
1651 1048 1827 1087 Phalaridis
1850 1053 1958 1088 nomi·

188 1144 189 1147 ,
239 1124 294 1153 ne,
315 1107 355 1145 ad
372 1106 520 1155 Delphos
539 1116 669 1140 taurum
690 1101 784 1139 suum
807 1116 946 1139 aeneum
968 1101 1060 1137 dono
1084 1104 1240 1137 mittentis
1259 1111 1291 1137 et
1312 1098 1516 1137 seueritatem
1532 1098 1623 1137 suam
1637 1099 1832 1144 excusantis,
1858 1102 1958 1139 altera

240 1160 418 1198 sacerdotis
434 1157 607 1205 Delphici,
633 1153 858 1204 recipiendum
873 1167 948 1190 eum
964 1151 1026 1189 effe
1044 1150 1212 1189 suadentis.
1241 1163 1323 1188 tom.
1341 1156 1363 1188 1.
1388 1166 1463 1201 pag.
1480 1165 1684 1198 730—740.
1712 1153 1768 1200 [11.
1790 1168 1823 1204 p.
1839 1162 1958 1200 187—-

240 1214 331 1259 207.]
381 1211 539 1247 Meminit
562 1210 694 1243 Photius
717 1206 793 1242 cod.
809 1209 880 1242 ΧΠ.
901 1215 933 1247 8.
987 1207 1091 1240 Vertit
1111 1206 1304 1241 Vincentius
1318 1205 1511 1252 Obsopoeus.
1565 1207 1700 1254 Legitur
1721 1208 1818 1242 etiam
1843 1206 1958 1255 apolo-

241 1267 296 1312 gia
309 1260 496 1304 Phalaridis,
511 1260 551 1295 ab
563 1259 698 1295 Andrea
714 1258 873 1295 Arnaudo
887 1255 1013 1307 scripta,
1028 1259 1061 1292 in
1077 1257 1173 1305 Casp.
1183 1256 1349 1294 Dortiauii
1365 1258 1609 1306 amphitheatro
1629 1255 1803 1308 sapientiae
1827 1256 1958 1295 socrati·

242 1328 310 1351 cae.
335 1325 418 1352 tom.
436 1315 473 1348 Π-
490 1325 564 1361 pag·
582 1319 627 1352 18.
654 1311 711 1358 [ῙῘ]

341 1402 395 1437 Ί9.
419 1385 648 1438 &meme-rem
703 1387 915 1433 Philopatris‚
926 1387 988 1434 seu
1002 1388 1058 1433 qui
1077 1386 1214 1422 docetur.
1265 1384 1427 1434 Dialogus
1442 1385 1648 1435 Triephonis
1665 1396 1696 1422 et
1711 1387 1850 1431 Critiae,
1873 1385 1956 1421 chri-

241 1442 381 1479 stianum
403 1439 529 1490 dogma
549 1439 590 1475 de
614 1440 669 1475 SS.
685 1440 853 1474 Trinitate
878 1451 950 1487 pag.
964 1450 1029 1481 770
1053 1447 1085 1473 et
1101 1449 1174 1482 774.
1201 1440 1243 1472 ita
1261 1446 1414 1484 proterue
1434 1436 1561 1480 ridens,
1586 1447 1620 1472 vt
1636 1436 1732 1472 fimul
1745 1436 1787 1472 de
1801 1435 1955 1473 sententia

241 1493 504 1532 Christianorum
526 1490 611 1526 illius
628 1492 735 1526 aetatis
757 1489 981 1525 testimonium
1003 1487 1086 1524 ferat
1111 1502 1182 1524 non
1202 1487 1428 1525 inficiandum.
1479 1490 1580 1530 Sunt,
1607 1491 1662 1537 qui
1678 1490 1766 1525 hunc
1780 1487 1955 1538 dialogum

242 1545 304 1582 effe
322 1556 435 1595 putent
452 1542 634 1592 scriptoriS,
662 1543 808 1577 Luciano
822 1543 1025 1589 antiquiori&
1075 1542 1161 1576 Mihi
1185 1553 1263 1575 vero
1288 1538 1380 1575 causa
1394 1538 1456 1575 ess'e
1481 1539 1573 1575 nulla
1591 1539 1738 1582 videtur,
1765 1553 1822 1576 cur
1844 1543 1956 1577 Lucia·

241 1613 286 1636 no
302 1612 371 1634 non
388 1597 560 1638 tribuatur,
586 1594 660 1630 licet
674 1592 795 1631 fatear.
817 1595 850 1628 in
869 1593 939 1628 aliis
962 1596 1028 1629 eius
1051 1589 1174 1641 scriptis
1200 1605 1269 1627 non
1291 1589 1453 1627 obseruari
1475 1602 1598 1628 tantam
1621 1592 1848 1629 christianismi
1872 1595 1960 1642 peri-

241 1655 338 1692 tiam,
372 1661 441 1698 quo
462 1657 659 1696 argumento
682 1646 776 1681 illum
800 1647 945 1680 Luciano
971 1643 1133 1679 abiudicat
1151 1644 1295 1678 Huetius
1316 1657 1390 1692 pag.
1408 1646 1455 1679 61.
1477 1643 1689 1680 demonstrat.
1710 1645 1860 1694 euangel.
1912 1647 1953 1680 At

242 1705 331 1739 enim
347 1702 479 1737 victoria
496 1699 552 1736 illa
567 1698 608 1734 de
622 1696 732 1740 Persis,
755 1700 788 1731 in
813 1708 960 1732 extremo
977 1695 1100 1744 dialogi
1117 1707 1315 1738 memorata,
1339 1694 1417 1744 quid
1437 1706 1540 1737 vetat,
1568 1709 1668 1744 quare
1685 1710 1753 1732 non
1770 1695 1809 1732 fit
1825 1694 1953 1738 eadem,

240 1753 281 1790 de
299 1766 362 1802 qua
379 1756 509 1789 Marcus
524 1753 710 1786 Antoninus
726 1759 758 1785 et
774 1750 810 1785 L.
824 1751 927 1784 Verus
944 1750 1188 1795 triumpharunt
1211 1749 1332 1782 a.·Chr.
1354 1750 1437 1782 1663
1490 1746 1616 1783 Confer
1635 1749 1771 1794 Georgii
1784 1748 1879 1783 Bulli
1898 1747 1953 1784 de·

240 1804 426 1842 sensionem
451 1802 528 1838 fidei
553 1802 717 1837 Nicaenae
737 1798 811 1835 sedi.
829 1813 856 1835 2.
882 1812 952 1847 cap.
972 1801 1030 1839 IV,
1051 1799 1084 1846 §.
1102 1813 1144 1834 n.
1186 1798 1397 1834 Dodwellum
1417 1797 1459 1833 de
1477 1800 1545 1834 iure
1573 1799 1733 1834 laicorum
1761 1796 1951 1836 sacerdotali

241 1871 316 1906 pag.
334 1863 408 1899 284.
435 1856 546 1904 [atque
560 1851 627 1889 diff.
645 1855 746 1901 Cypr.
765 1851 958 1899 X11.§24.]
982 1861 1012 1886 et
1036 1849 1239 1885 Blondellum
1264 1862 1337 1897 pag.
1356 1856 1425 1890 228.
1446 1848 1487 1884 de
1513 1847 1670 1898 episcopis
1694 1859 1725 1886 et
1749 1849 1951 1897 piesbyteris.

275 1911 410 1945 uoniam
430 1919 508 1942 vero
533 1919 606 1955 pag.
624 1917 698 1949 770.
725 1902 861 1939 Paulum
885 1901 1092 1951 apostolum,
1125 1904 1179 1950 qui
1202 1900 1315 1935 Tarsis
1339 1910 1431 1936 natus
1457 1910 1541 1943 erat,
1576 1904 1716 1950 exagitat
1737 1899 1792 1937 sub
1814 1905 1952 1941 nomine

241 1961 395 2000 Galilaei,
427 1960 505 1993 hine
520 1958 684 1992 Antonius
701 1957 783 2005 Pagi
798 1969 824 1993 a.
840 1957 917 1990 Chr.
932 1956 1013 1991 LVI.
1034 1966 1081 1988 nr.
1096 1966 1121 1997 3.
1147 1955 1233 1989 recle
1258 1952 1453 2001 colligebat,
1479 1952 1679 1989 Christianos
1692 1967 1762 1990 non
1776 1953 1911 1991 demum
1932 1970 1952 1992 a

240 2013 367 2049 Iuliano
383 2009 487 2046 dictos
503 2007 597 2044 suiffe
611 2010 746 2044 ethnicis
763 2021 820 2056 per
835 2015 1041 2042 contemtum
1056 2004 1227 2041 Galilaeos.
1280 2006 1339 2040 Per
1353 2001 1411 2049 τὴν
1426 2001 1527 2051 εὐχὴν
1540 2002 1614 2044 εἰπὲ
1629 2002 1767 2056 πατρδς
1784 2019 1857 2055 pag.
1874 2019 1951 2054 779.

241 2067 428 2100 orationem
455 2060 656 2096 dominicam
683 2062 843 2095 Lucianus
873 2058 1045 2106 intelligit,
1076 2067 1108 2093 vt
1127 2058 1213 2093 redte
1235 2067 1387 2092 notatum
1413 2058 1556 2104 Rigaltio
1577 2056 1618 2092 ad
1638 2056 1785 2094 Tertull.
1812 2055 1865 2094 sed
1892 2071 1950 2107 per

240 2111 455 2161 πολυώνυμον
471 2108 548 2162 ᾠδὴν
568 2110 825 2160 superadditam,
849 2123 918 2146 non
933 2110 1197 2150 existimauerim,
1224 2111 1330 2144 notari
1346 2105 1535 2151 clausulam,
1551 2111 1625 2155 quia
1639 2116 1730 2144 tuum
1745 2108 1788 2155 est
1803 2122 1948 2157 regnum,

241 2177 275 2202 vt
290 2162 474 2216 persuasum
489 2165 606 2198 Ioanni
622 2164 781 2210 Gregorio
796 2176 865 2210 cap.
881 2169 931 2204 38.
953 2159 1241 2201 obseruationum,
1266 2157 1319 2195 sed
1340 2156 1540 2210 δοξολογιόιν
1563 2159 1741 2208 quamdam
1761 2170 1793 2195 et
1812 2174 1948 2199 carmen

241 2216 508 2255 eucharisticum,
544 2214 647 2262 qualis
672 2213 716 2248 est
742 2227 771 2247 v.
789 2226 821 2260 g.
844 2216 988 2258 hymnus
1013 2212 1193 2247 Clementis
1215 2210 1434 2247 Alexandrini.
1489 2214 1523 2245 {n
1545 2213 1610 2245 hoc
1627 2209 1760 2258 dialogo
1777 2225 1851 2261 pag.
1868 2216 1945 2260 769,

240 2275 362 2306 iuratur
376 2279 434 2316 per
447 2265 547 2302 deum
564 2268 716 2312 ignotum
733 2263 995 2299 Atheniensium:
1021 2260 1056 2308 νὴ
1071 2258 1127 2302 ‘roy
1142 2260 1294 2309 ἅγνωςον
1309 2258 1365 2299 τόν
1387 2263 1417 2299 ἐν
1437 2259 1607 2306 Ἀθήναις.
1635 2263 1763 2299 Fabric.
1824 2268 1947 2302 Auctor

241 2322 371 2358 titulum
396 2317 475 2354 fecit
495 2314 733 2367 Φιλόπατξις,
754 2318 885 2362 patriae
901 2327 1029 2356 amans,
1060 2318 1114 2350 der
1130 2316 1279 2353 Patriot,
1305 2316 1349 2349 vti
1371 2310 1561 2353 Φιλᾶπολις
1581 2313 1697 2349 dicitur
1719 2317 1808 2351 vrbis
1827 2330 1946 2355 amant.

239 2374 304 2409 vid.
324 2373 478 2407 perizon.
495 2367 535 2404 ad
551 2368 673 2404 Aelian.
689 2369 744 2402 ΠΙ.
761 2370 812 2402 26.
836 2366 932 2413 [adde
951 2368 1083 2402 Gesneri
1095 2377 1210 2402 noram
1226 2378 1298 2414 pag.
1315 2367 1402 2413 584]
1453 2368 1505 2401 De
1519 2368 1583 2402 hoc
1601 2364 1736 2415 dialogo
1752 2367 1814 2402 vid.
1828 2372 1944 2418 opinio

245 2424 361 2464 Wollii
378 2426 414 2460 in
436 2424 504 2460 eius
525 2423 613 2459 notis
634 2418 676 2457 ad
696 2419 868 2456 Blnltmalli
883 2420 1035 2465 ,criticam
1056 2420 1102 2456 N.
1114 2419 1160 2455 T.
1181 2430 1256 2469 pag.
1275 2428 1332 2465 539
1346 2414 1392 2468 sq.
1442 2419 1544 2456 Hunc
1567 2417 1740 2469 dialogum
1759 2416 1888 2457 saeculo
1903 2422 1944 2458 Π.

1835 2484 1947 2511 contra
