2013 2725
214 171 268 207 332
372 158 443 195 Lib.
455 159 522 197 JV.
540 172 562 194 c.
576 158 729 196 XVIII.
863 160 1043 197 LVCIANI
1075 160 1265 197 SCRIPTA
1526 160 1654 208 V—013ffl·
1670 169 1696 191 ¹³-
1709 162 1858 195 401P402.
1870 167 1923 195 493

218 255 376 298 Vulcani,
403 256 438 299 8)
454 253 593 290 Vulcani
610 265 640 290 et
653 257 760 296 louis,
787 255 823 300 9)
839 254 983 303 Neptuni
1002 265 1033 291 et
1047 257 1222 297 Mercurii,
1249 253 1300 302 io)
1315 255 1473 291 Mercurii
1497 264 1528 291 et
1546 255 1648 302 Solis,
1676 258 1725 302 11)
1745 258 1879 292 Veneris
1902 265 1935 292 et

217 309 347 349 Lunae,
382 310 430 352 12)
445 309 580 342 Veneris
603 318 634 342 et
656 305 849 356 Cupidinis,
885 309 930 352 ¹3)
948 309 1052 350 louis,
1078 306 1257 358 Aesculapii
1282 317 1312 343 et
1336 307 1508 351 Herculis,
1541 319 1576 350 14
1597 318 1627 343 et
1654 310 1701 354 15)
1720 309 1880 343 Mercurii
1903 318 1935 344 et
1992 313 1997 316 χ

219 359 400 408 Apollinis,
428 361 481 404 16)
500 361 631 394 1111101113
646 370 676 394 01
691 361 854 402 Latonae,
883 362 929 404 17)
945 359 1107 408 Apollinis
1127 371 1158 396 et
1181 361 1360 401 Mercurii,
1389 362 1446 406 18)
1462 361 1598 394 lunonis
1627 361 1780 401 cilonis,
1806 361 1858 405 19)
1876 362 1938 394 Ve-

220 413 304 446 neris
320 421 352 446 et
367 410 557 460 Cupidinis,
585 412 641 454 20)
656 412 803 446 Dearum
820 410 975 446 iudiciuin
993 425 1048 460 per
1070 410 1274 448 occasionem
1301 415 1392 459 pomi
1418 410 1553 452 Paridis,
1579 414 1627 454 21)
1652 413 1768 447 Martis
1791 423 1822 446 et
1846 412 1938 446 Mer·
1986 414 1989 417 ’

220 464 320 505 curii,
354 465 406 501 22)
424 465 527 497 Panos
549 472 579 496 et
595 463 772 504 Mercurii,
797 464 848 508 23)
868 462 1029 511 Apollinis
1050 474 1081 499 et
1105 466 1239 505 Bacchi,
1271 465 1328 508 24)
1343 465 1500 498 Mercurii
1525 473 1557 498 et
1573 464 1702 504 Maiae,
1727 463 1783 508 25)
1800 465 1884 498 louis
1907 471 1938 497 et
1996 506 2001 513 ·

221 513 324 555 Solis,
352 517 407 559 26)
425 513 585 560 Apollinis
603 524 634 549 et
649 515 817 550 Mercurii.
869 517 942 550 Hos
960 514 1123 564 dialogos,
1144 514 1283 550 ridendis
1298 517 1502 551 Graecorum
1517 513 1579 550 diis
1595 526 1780 563 eorumque
1798 515 1941 549 crimini·

221 566 278 600 bus
294 564 493 612 exagitandis
510 576 731 613 comparatos,
750 566 849 602 latine
872 569 967 602 vertit
997 567 1058 614 [ff]
1089 569 1224 602 Iacobus
1239 568 1401 615 Micyllus.
1435 579 1488 609 12,
1523 579 1579 613 19,
1612 578 1668 606 21,
1695 578 1747 611 24.
1775 567 1940 601 Erasmus.

221 625 305 652 tom.
322 618 344 651 1.
365 629 438 664 pag.
459 623 641 663 185—251.
670 618 708 664 [1.
727 631 801 666 pag.
824 620 1040 665 204—287.]
1094 621 1141 654 Ex
1158 620 1207 654 his
1223 632 1257 662 3,
1283 631 1322 662 7,
1349 626 1387 660 8,
1416 632 1465 659 12,
1490 630 1540 661 13,
1569 628 1623 661 14,
1649 620 1706 662 16,
1733 625 1787 659 18,
1815 630 1870 664 19,
1895 629 1941 656 21,

222 681 280 713 24,
304 680 340 713 25
355 677 385 703 et
403 672 457 704 26.
472 667 596 704 exstant
610 682 727 718 graece
740 681 771 705 et
785 670 885 706 latine
908 674 940 705 in
958 670 1098 720 dialogis
1119 669 1262 714 seledlis,
1288 670 1489 720 Augustoriti
1509 672 1680 706 k'iclonum
1700 668 1804 706 editis.

324 760 371 794 18.
398 752 550 802 Νεκξικοῖ
565 749 750 798 Διάλογοι,
778 753 918 801 Dialogi
935 755 1144 789 Mortuorum
1160 755 1260 788 XXX.
1289 755 1358 803 [qui
1374 764 1501 803 praeter
1523 756 1705 789 nouitatem
1732 751 1944 788 venustatem-

223 817 286 854 que
300 805 366 840 hoc
379 802 435 839 sibi
450 804 570 839 habent
585 808 777 854 proprium,
804 806 892 853 quod
915 805 956 840 ad
979 819 1089 841 mores
1108 808 1213 854 inagis
1238 804 1392 854 spediant.
1443 808 1662 842 Mortuoruin
1684 804 1836 852 dialogos
1858 804 1943 837 fon·
1985 846 1990 850 β

222 855 380 897 1211011113,
405 857 589 892 Luciaiium
611 859 776 895 imitatus,
802 857 920 904 gallice
943 856 1044 893 edidit
1065 856 1329 906 elegantisfimoe.
1361 856 1425 892 vid.
1445 859 1496 893 M.
1512 858 1554 893 du
1572 856 1678 904 Soul.]
1731 859 1764 903 1)
1780 855 1941 902 Diogenis

224 916 255 943 et
272 907 429 950 Pollucis,
455 909 487 951 2)
505 907 637 948 Croesi,
666 907 828 950 Plutonis,
856 910 1031 957 Menippi,
1059 908 1175 944 Midae
1199 920 1229 944 et
1253 908 1484 958 Sardanapali,
1520 909 1555 955 3)
1571 910 1741 956 Menippi,
1767 904 1942 955 Amphilo-

225 961 277 995 chi
293 969 323 994 et
337 960 549 1007 Trophonii,
576 960 615 1004 4)
631 961 787 994 Mercurii
805 969 836 995 et
853 961 1047 1000 Charontis,
1074 962 1103 1004 5)
1123 962 1268 996 Plutonis
1292 970 1324 995 et
1342 962 1519 1004 Mercurii,
1548 962 1584 1004 6)
1600 958 1796 1008 Terpfion=s
1820 966 1850 993 et
1873 957 1944 993 Plu-

225 1013 328 1053 tonis,
353 1012 387 1055 7)
405 1012 638 1059 Zenophantae
661 1021 692 1046 et
714 1010 972 1051 Callidemidae,
1000 1013 1035 1056 8)
1052 1014 1234 1047 Cnemonis
1253 1023 1283 1048 et
1306 1014 1485 1060 Damippi',
1511 1015 1552 1059 9)
1570 1011 1689 1057 Siinyli
1711 1021 1743 1046 et
1761 1008 1946 1054 Polystrati,

225 1065 277 1108 10)
294 1064 467 1098 Charontis
490 1072 521 1098 et
542 1064 722 1106 Mercurii,
753 1064 928 1113 Menippi,
959 1062 1212 1103 Charmolichi‚
1246 1066 1436 1113 Lampiclii,
1468 1062 1660 1106 Damafiae,
1689 1062 1739 1107 11)
1754 1062 1890 1097 Cratetis
1915 1069 1947 1095 et

225 1116 400 1162 Diogenis,
429 1115 479 1158 12)
495 1113 683 1157 Alexandri,
712 1115 890 1157 Annibalis,
912 1117 1037 1151 Minois
1053 1118 1279 1163 et‘Scipionis,
1308 1118 1353 1161 13)
1370 1117 1530 1164 Diogenis
1544 1125 1576 1151 et
1593 1113 1780 1156 Alexandri,
1807 1115 1857 1159 ¹4)
1874 1112 1947 1148 Ale·

227 1165 343 1201 xandri
357 1176 387 1201 et
405 1167 562 1215 Philippi,
590 1169 636 1212 15)
655 1166 789 1202 Achillis
811 1177 842 1202 et
863 1166 1046 1209 Antilochi,
1073 1169 1126 1212 16)
1143 1169 1306 1215 Diogenis
1327 1177 1358 1202 et
1373 1167 1544 1208 Herculis,
1571 1169 1620 1212 17)
1637 1168 1790 1214 Menippi
1809 1174 1839 1201 et
1853 1165 1948 1199 Tan·
2012 1187 2013 1190 =

227 1217 301 1259 tali,
337 1218 387 1262 18)
407 1219 558 1266 Menippi
583 1228 614 1253 et
630 1219 806 1259 Mercurii,
841 1221 895 1265 19)
913 1221 1027 1259 Aeaci,
1058 1217 1242 1261 Protesilai,
1274 1219 1419 1255 Menelai
1445 1229 1475 1254 et
1494 1218 1635 1258 Paridis,
1663 1220 1725 1264 20)
1741 1218 1893 1266 Menippi
1916 1223 1948 1250 et
2012 1221 2013 1258 ζ

228 1270 344 1311 Aeaci,
373 1271 596 1316 Pythagorae,
622 1268 832 1317 Empedoclis
848 1281 878 1305 et
894 1272 1051 1311 Socratis,
1076 1273 1126 1317 21)
1144 1273 1297 1320 Menippi
1321 1281 1351 1306 et
1368 1270 1522 1313 Cerberi,
1550 1272 1602 1315 22)
1618 1272 1795 1305 Cliaroiitis
1820 1278 1851 1304 et
1872 1269 1949 1303 Me·
2012 1291 2013 1301 i

228 1322 339 1369 nippi,
365 1322 418 1364 23)
436 1322 597 1362 Plutonis,
626 1319 836 1370 Proserpinae
856 1331 887 1357 et
908 1321 1089 1364 Protesilai,
1118 1325 1175 1368 24)
1189 1323 1348 1371 Diogenis
1372 1333 1402 1357 et
1417 1320 1583 1363 Mausoli,
1611 1324 1663 1367 25)
1680 1323 1789 1362 Nirei,
1814 1317 1949 1355 Thersi-

229 1381 279 1406 tae
294 1382 324 1406 et
339 1372 510 1421 Menippi,
540 1375 597 1417 26)
616 1374 766 1422 Menippi
788 1383 818 1409 et
838 1375 1012 1416 Chironis,
1047 1378 1102 1418 27)
1118 1376 1293 1422 Diogenis,
1322 1375 1542 1414 Antisthenis,
1569 1375 1706 1409 Cratetis
1729 1383 1760 1408 et
1785 1373 1950 1420 pauperis,

230 1424 288 1466 28)
310 1423 463 1472 Menippi
493 1433 522 1459 et
550 1423 714 1467 Tirefiae,
753 1427 810 1472 29)
833 1427 940 1460 Aiacis
972 1436 1004 1462 et
1030 1428 1312 1474 Agamemnonis,
1351 1428 1407 1472 30)
1431 1428 1558 1462 Minois
1591 1435 1623 1460 et
1655 1424 1799 1460 Sostrati.
1825 1423 1949 1459 10111.1.

229 1488 305 1524 pag.
320 1478 429 1511 262-
443 1487 511 1518 324.
538 1476 579 1521 [1.
594 1489 666 1524 pag.
681 1484 740 1518 328
754 1497 793 1503 -
808 1477 894 1522 454]
948 1479 1052 1514 Vertit
1069 1479 1198 1513 Iacobus
1215 1478 1379 1525 Micyllus.
1430 1477 1615 1526 Dialogum
1637 1488 1676 1522 15.
1692 1488 1736 1521 14.
1755 1477 1951 1512 ottomarus

229 1527 409 1573 Lufii'ni'us.
462 1539 497 1570 3,
526 1539 564 1571 7,
591 1535 630 1569 8,
659 1540 697 1573 9,
723 1541 772 1570 ii,
799 1540 848 1570 13,
877 1541 929 1572 17,
955 1537 1014 1571 18,
1042 1541 1091 1571 21,
1119 1541 1174 1571 22,
1203 1542 1264 1575 24,
1290 1541 1344 1574 25,
1372 1533 1422 1565 26.
1449 1531 1617 1564 Erasmus.
1671 1534 1729 1571 16,
1756 1541 1809 1570 12,
1834 1530 1865 1564 6.
1890 1527 1950 1562 Pe·

230 1584 304 1613 trus
323 1579 363 1613 V
361 1581 497 1614 irunius.
551 1591 599 1614 10.
616 1581 786 1614 Martinus
801 1581 949 1616 Bolerur.
1003 1580 1070 1625 [De
1084 1580 1221 1616 verfion.
1239 1582 1402 1628 Auriffiae
1419 1591 1451 1616 et
1473 1582 1549 1616 Lilia·
1570 1580 1734 1626 Castelliani
1748 1579 1811 1615 vid.
1835 1582 1869 1614 in
1891 1591 1951 1615 no·

230 1632 278 1664 tit.
301 1629 395 1665 codd.
419 1631 504 1665 Flor.
527 1641 557 1666 et
577 1630 775 1667 Taurinens.
805 1632 918 1677 Harl]
976 1635 1144 1680 Leguntur
1163 1636 1261 1668 etiam
1285 1646 1400 1668 omnes
1424 1642 1560 1680 excepto
1579 1635 1616 1668 16
1639 1641 1669 1668 et
1687 1639 1737 1673 28.
1759 1645 1836 1669 cum
1861 1644 1951 1666 noua

233 1680 380 1716 versione
395 1684 428 1716 in
445 1680 582 1731 dialogis
598 1680 732 1723 l'eleciis⁹
753 1683 954 1731 Augustoriti
973 1686 1147 1720 Pidionum
1163 1686 1272 1727 editis,
1298 1683 1348 1720 sed
1366 1685 1431 1720 alio
1448 1684 1583 1731 ordine,
1610 1686 1674 1720 hoc
1688 1682 1829 1732 nempe:
1855 1696 1890 1728 2,
1917 1695 1950 1727 4,

231 1745 265 1778 5,
287 1746 324 1777 7,
352 1745 462 1821 9‚161,
491 1741 547 1777 18,
574 1746 627 1778 21,
653 1746 710 1777 22,
733 1747 788 1779 23,
816 1743 857 1776 8,
885 1747 944 1779 24,
971 1747 1030 1781 29,
1056 1747 1106 1784 15,
1133 1738 1172 1778 6,
1199 1749 1252 1781 17,
1278 1747 1338 1781 30,
1362 1748 1473 1780 1,13,
1501 1747 1555 1776 12,
1582 1748 1644 1778 2ο,
1671 1748 1728 1780 10,
1755 1748 1814 1780 27,
1838 1747 1950 1779 3,14,

232 1797 289 1830 19,
316 1797 370 1830 25,
396 1797 412 1819 2
440 1811 448 1819 .

330 1851 493 1900 Dialogus
513 1852 636 1888 Virtus
653 1853 744 1894 Dea,
774 1855 806 1888 in
827 1867 890 1903 qua
904 1855 1092 1890 Mercurius
1110 1865 1142 1890 et
1169 1857 1268 1890 virtus
1290 1853 1546 1903 colloquuntur,
1571 1852 1670 1889 latine
1690 1851 1791 1889 exstat
1815 1854 1952 1888 1011111.

232 1917 306 1952 pag.
323 1907 397 1947 864.
416 1907 487 1949 865.
517 1906 586 1951 [111.
604 1918 680 1953 pag.
697 1908 764 1949 706
783 1904 841 1954 sq]
870 1904 908 1940 ad
925 1907 1059 1941 Luciani
1076 1909 1294 1942 imitationem
1319 1907 1356 1941 ab
1379 1906 1506 1942 erudito
1526 1905 1637 1954 aliquo
1660 1903 1810 1955 scriptus,
1835 1915 1868 1941 vt
1887 1904 1954 1940 dia·

233 1955 301 2005 logi
320 1966 551 1995 mortuorum,
574 1956 691 2005 gallice
708 1969 782 1992 ante
801 1959 927 2006 aliquot
942 1971 1044 1993 annos
1060 1958 1135 1994 editi
1161 1960 1199 1994 ab
1213 1957 1469 2007 ingeniosiss'imo
1486 1957 1693 1994 Fontenello.

337 2031 498 2079 Dialogos
514 2034 647 2068 Luciani
672 2029 805 2068 seledios
830 2033 916 2068 libris
933 2034 973 2068 11.
995 2044 1091 2082 atque
1116 2049 1177 2070 vna
1203 2048 1279 2070 cuin
1301 2037 1350 2070 liis
1371 2036 1560 2069 Timonem
1584 2047 1660 2069 cum
1684 2033 1782 2070 latina
1804 2031 1954 2069 versione

236 2081 409 2118 emendata
423 2095 452 2117 et
468 2082 507 2118 ad
524 2083 646 2119 calcem
662 2083 732 2118 libri
749 2082 888 2121 subiec'ia
904 2084 1007 2121 edidit
1023 2088 1110 2122 Guil.
1128 2087 1333 2133 Dugardus,
1357 2085 1464 2122 Lond.
1489 2089 1574 2130 1677.
1593 2097 1636 2121 12.
1688 2085 1827 2134 Anglice
1852 2088 1952 2122 etiam

235 2134 385 2183 prodiere
398 2131 503 2169 selecti
521 2135 644 2184 dialogi
661 2148 737 2170 cum
755 2137 889 2172 Luciani
907 2139 990 2179 vita,
1017 2139 1152 2174 auctore
1166 2139 1223 2174 Fr.
1241 2139 1392 2188 Hit-steſso.
1421 2140 1532 2173 Oxoii.
1557 2139 1643 2183 1634.
1667 2148 1698 2180 4.

342 2228 390 2263 19.
417 2219 499 2260 Δίκη
515 2219 729 2265 φωνηέντων,
755 2220 910 2254 Iudicium
929 2221 1100 2260 vocalium,
1121 2220 1188 2257 siue
1203 2218 1372 2270 ingeniosa
1393 2220 1483 2256 fiffio
1499 2220 1635 2256 ailionis
1649 2220 1774 2256 litterae
1788 2226 1816 2258 Σ
1838 2229 1950 2256 contra

236 2268 378 2304 litteram
394 2271 442 2311 T,
463 2267 640 2305 accusantis
658 2269 747 2304 illam
774 2269 814 2304 de
837 2282 930 2318 raptu
955 2282 987 2307 et
1008 2276 1057 2314 vi,
1081 2272 1171 2321 quod
1197 2272 1393 2323 exspolietur
1413 2272 1452 2307 ab
1472 2270 1585 2307 eadem
1601 2272 1755 2307 omnibus
1776 2271 1950 2314 vocabulis,

237 2334 320 2369 quae
334 2333 393 2369 pei·
406 2323 579 2369 geminum
592 2322 629 2356 T
645 2319 754 2356 efferri
780 2320 945 2358 debebant.
975 2334 1057 2360 toni.
1076 2326 1099 2359 1.
1126 2338 1200 2374 pag.
1217 2336 1256 2371 45
1269 2346 1313 2352 —
1325 2337 1373 2371 50.
1399 2325 1439 2371 [Ι.
1457 2336 1530 2371 pag.
1548 2331 1642 2363 82-
1655 2325 1723 2371 98.]
1778 2326 1882 2360 Vertit
1904 2323 1951 2359 la·

236 2374 302 2407 tine
320 2374 490 2408 Martinus
506 2373 673 2414 Bollerus,
698 2375 788 2408 cuius
805 2373 908 2409 versio
936 2374 995 2420 [if]
1022 2376 1124 2425 vulgo
1140 2376 1252 2413 exstat.
1304 2379 1469 2412 Praeterea
1495 2377 1619 2411 Caclius
1637 2376 1865 2423 Calcagninus,
1891 2377 1950 2423 qui.

234 2421 364 2460 subiecit
381 2438 419 2462 ex
440 2422 497 2462 suo
512 2428 648 2475 ingenio
665 2425 859 2475 apologiam
874 2425 999 2464 litterae
1015 2428 1067 2473 T,
1094 2441 1159 2478 qua
1175 2430 1419 2478 criminationes
1432 2427 1557 2466 litterae
1573 2434 1600 2468 Σ
1617 2437 1710 2465 acute
1725 2427 1828 2465 diluit.
1854 2425 1947 2463 Basil.

1812 2490 1896 2530 1539-
1913 2483 1948 2520 s·
