2049 2720
68 91 392 138 v0·.1x.p.⁷0=r726
682 90 744 128 Dr:
770 72 928 141 Qf'mvs
952 94 1117 130 svaS.
1388 93 1463 129 Lib.
1485 92 1530 128 V.
1555 105 1580 128 c.
1597 93 1672 128 XL.
1723 94 1784 135 463

67 191 226 232 Gaianus,
255 187 378 233 Arabs,
403 184 565 234 sophista,
591 183 766 235 discipulus
783 186 922 236 Apiinis‚
943 187 1151 231 Gadarenfis,
1177 190 1256 224 vixit
1273 188 1452 223 Maximini
1473 197 1503 223 et
1519 186 1675 223 Gordiani
1699 194 1779 220 tem-

162 239 294 286 poribus
317 248 347 273 et
369 235 488 288 scripsit
517 242 553 273 de
577 238 803 285 construa‘ione
828 239 929 276 libros
956 242 996 277 V.
1028 242 1106 276 item
1137 248 1239 276 artem
1265 242 1450 276 rhetoricam
1475 250 1506 275 et
1533 239 1779 274 declamationes.

163 289 256 325 Idem
275 292 384 334 Beryti
403 290 514 325 docuit
530 291 765 339 eloquentiam.

60 341 223 380 Galenus,
261 340 405 377 medicus
427 342 672 383 celeberrimus,
698 343 937 391 Pergamenus,
963 345 1019 390 qui
1037 344 1165 383 Marci,
1192 343 1377 380 Commodi
1402 355 1435 381 et
1455 342 1624 379 Pertinacis
1652 350 1777 386 tempo-

161 395 247 428 ribus
266 395 395 428 Romae
414 396 514 433 vixit,
537 395 684 436 Niconis,
704 405 892 442 geometrae
908 406 939 430 et
959 395 1134 436 architecti,
1158 396 1191 429 F.
1244 394 1428 444 composuit
1441 395 1568 430 medica
1586 403 1616 428 et
1631 390 1775 440 philolo-

160 446 278 493 phica,
305 448 450 494 itemque
472 447 685 493 grammatica
709 455 740 480 et
763 447 945 483 rhetorica,
972 459 1076 494 quae,
1099 456 1132 480 vt
1152 448 1306 482 omnibus
1321 456 1419 490 nota,
1443 444 1606 483 recensere
1627 442 1776 492 superua-

166 508 304 530 caneum
320 495 408 530 duxi.
462 498 551 530 Vixit
564 509 667 531 annos
685 497 782 531 LXX.

57 547 268 588 Genethlius,
295 547 457 582 Genethlii
473 549 507 582 F.
528 561 566 583 ex
585 549 660 583 vrbe
684 550 801 594 Petris,
833 546 992 598 sophista,
1025 549 1210 583 Minuciani
1235 559 1267 584 et
1289 552 1426 597 Agapeti
1447 546 1640 597 discipulus,
1667 558 1774 581 aemu-

160 599 211 634 lus
220 600 353 634 Athenis
366 599 526 634 Callinici.
561 602 726 636 Memoria
743 603 785 635 ita
800 601 915 642 valuit,
939 610 972 635 vt
984 599 1273 643 declamationem,
1295 598 1393 636 semel
1410 600 1573 641 auditam,
1603 606 1771 646 repeteret.

159 650 250 686 Obiit
275 653 422 692 iuuenis,
453 663 556 685 annos
578 662 671 686 natus
693 653 841 686 xxvm.
894 650 1027 698 Scripsit
1047 648 1184 690 λαλιρὶς
1209 651 1274 687 fiue
1295 649 1481 702 διαλέξεις,
1512 651 1725 685 adlocutiones
1747 653 1774 681 et

156 703 316 750 μελέτας
342 703 601 742 declamationes,
634 704 719 737 inter
739 716 813 750 quas
835 702 898 743 esi,
925 704 1018 750 exsul
1029 704 1069 749 se
1098 704 1202 750 ipsum
1230 706 1364 739 vendens
1385 703 1458 750 post
1492 703 1670 736 Thebarum
1698 701 1773 733 exci-

156 754 256 788 dium.
308 754 565 799 Propempticum
586 754 632 787 ad
647 756 761 789 artricos
772 754 873 802 suos,
905 753 1105 790 Daduchum
1132 766 1164 790 et
1190 753 1429 805 Asclepiadem.
1486 753 1659 788 Orationes
1682 761 1774 796 panc-

153 816 295 852 gyrzcar.

57 856 245 891 Gennadius
266 856 448 904 patriarcha
467 854 567 891 CPoI.
621 854 833 904 conspec‘lum
864 857 905 892 ab
931 870 973 893 eo
999 855 1135 906 Φοὶσμοι
1159 854 1320 906 Σοαμὸνιον
1341 867 1403 893 etc.

56 908 236 955 Georgius,
259 919 399 956 magnae
420 906 572 942 ecelesiae
596 906 751 943 diaconus
773 919 804 943 et
824 910 1083 956 chartophylax,
1115 914 1318 956 cognomine
1336 908 1469 953 Pisides.
1522 902 1656 953 Scripsit
1683 902 1775 936 hexa-

156 962 311 997 ffqum,
337 959 402 993 flue
422 958 464 993 de
487 958 623 1007 opificio
645 959 777 996 mundi.
807 959 897 1008 quod
921 961 1021 995 tribus
1043 958 1111 995 fere
1133 960 1277 995 millibus
1302 958 1450 995 versuum
1467 959 1680 992 iambicorum
1698 964 1772 988 con-

155 1009 233 1044 ssat:
264 1012 303 1044 de
318 1010 487 1051 Heraclio,
510 1013 584 1055 imp.
611 1018 643 1045 et
664 1012 743 1045 bello
765 1012 905 1060 Perstco:
937 1011 1059 1047 adhaec
1093 1014 1244 1048 oratione
1264 1009 1370 1048 soluta
1392 1011 1531 1045 Ahar—ica
1553 1014 1582 1043 ct
1609 1006 1775 1042 encomium

159 1060 338 1107 Anastafli,
360 1064 525 1111 martyris.
551 1062 674 1096 Kusseri
694 1062 762 1097 not.
782 1065 802 1097 1.
819 1076 894 1110 pag.
915 1075 986 1107 475.

15 1123 18 1126 ·
54 1110 168 1147 Gelius
190 1114 351 1158 (Γέσιος),
379 1115 477 1148 Petris
496 1112 673 1153 oriundus,
695 1115 843 1148 Zenonis
866 1118 945 1162 imp.
963 1115 1164 1162 temporibus
1183 1124 1252 1150 arte
1266 1112 1394 1149 medica
1417 1111 1608 1147 clarisfimus
1629 1106 1710 1149 suit,
1744 1115 1774 1140 et

154 1165 294 1205 Domni,
318 1162 447 1204 Iudaei,
468 1168 687 1213 praeceptoris
702 1164 769 1207 sui,
793 1165 934 1213 gloriam
950 1168 1077 1215 penitus
1093 1164 1275 1201 obscurauit
1295 1177 1356 1200 etc.
1389 1161 1595 1203 Heraiscum,
1621 1172 1697 1195 cum
1715 1159 1772 1192 Ze·

156 1218 252 1250 nonis
268 1214 348 1250 iussu
366 1226 590 1262 quaereretur,
612 1216 705 1250 domi
728 1214 803 1251 suae
831 1216 1024 1259 occultauit‚
1058 1227 1089 1252 et
1114 1217 1234 1252 deinde
1256 1219 1288 1251 in
1310 1214 1389 1264 fuga
1417 1213 1574 1251 defuneto
1603 1209 1680 1245 iusta
1702 1220 1773 1257 per·

153 1263 261 1301 soluit.
311 1265 466 1301 Basilicus
488 1267 564 1302 ideo
586 1268 625 1302 ab
647 1269 727 1314 imp.
756 1266 868 1302 missus
891 1271 1058 1318 Agapium
1084 1280 1117 1304 et
1137 1280 1284 1304 caeteros
1311 1266 1528 1317 philosophos
1557 1261 1773 1311 comprehen-

153 1314 204 1353 sos
228 1320 262 1352 in
288 1321 492 1366 praetorium
515 1317 657 1353 abduxit.
689 1320 740 1353 Ex
762 1316 950 1354 Damascio.

53 1369 161 1409 Γνῶθι
182 1366 345 1410 naurdi,
375 1380 407 1404 et
429 1367 470 1407 τὲ
491 1367 637 1417 νόμισμα
659 1368 947 1421 παραχάροιξον,
973 1380 1142 1420 praecepta
1166 1372 1317 1416 Pythica‚
1348 1370 1450 1417 Nosce
1471 1376 1502 1403 te
1528 1366 1631 1414 ipsum
1653 1373 1682 1398 et
1708 1363 1773 1406 opi-

152 1424 271 1456 nionem
294 1422 386 1469 vulgi
407 1429 584 1457 contemne.-
607 1433 655 1463 et‚
680 1435 739 1456 non
767 1426 952 1465 veritatem,
979 1423 1043 1468 sed
1062 1424 1214 1465 nomisma
1242 1424 1401 1457 adultera.

54 1476 230 1514 Goetiam,
255 1476 422 1520 magiam,
444 1475 666 1520 pharmaciam
688 1474 781 1509 Medi
801 1484 832 1509 et
854 1472 965 1509 Persae
987 1477 1190 1512 inuenerunt.
1241 1475 1360 1520 lifagia
1391 1471 1435 1520 est
1462 1471 1614 1506 euocatio
1638 1465 1771 1501 daemo-

155 1536 238 1559 num
262 1523 500 1566 beneficorum,
527 1526 604 1560 boni
620 1525 754 1560 alicuius
773 1525 935 1560 efficiendi
948 1523 1074 1565 cauffa;
1100 1526 1206 1574 qualia
1222 1523 1293 1561 sunt
1309 1525 1476 1574 Apollonii
1491 1516 1676 1566 Tyanenfis
1690 1517 1769 1555 Sea·-

153 1577 346 1623 πίσματα,
365 1582 536 1621 praecepta
560 1583 589 1610 et
612 1578 758 1611 oracula:
786 1578 920 1619 Gonia,
947 1572 1022 1614 εἰπὲ
1044 1579 1110 1614 τῶν
1129 1576 1235 1622 γόων,
1259 1590 1280 1611 a
1302 1577 1466 1614 lamentis,
1502 1586 1584 1620 quae
1615 1572 1702 1604 circa
1727 1566 1770 1602 se-

151 1627 290 1676 pulchra
316 1625 494 1662 audiuntur
517 1630 558 1662 ita
581 1626 669 1662 dieta
695 1628 759 1670 est,
784 1641 843 1675 per
858 1641 956 1676 quam
973 1630 1103 1662 animae
1129 1626 1362 1663 defunctorum
1384 1635 1563 1662 cuneantur
1582 1622 1622 1658 ab
1647 1617 1769 1655 inferis.

151 1680 339 1714 Phar-mucia
362 1677 576 1720 veneficium,
600 1691 658 1726 per
677 1679 769 1727 quod
795 1679 889 1714 alicui
909 1680 1085 1727 pharmaca
1104 1679 1234 1715 lethalia
1258 1679 1308 1714 vel
1326 1679 1443 1727 philtra
1465 1675 1670 1725 praebentur.
1696 1671 1769 1705 Ma-

148 1733 200 1779 gia
224 1742 255 1765 et
278 1730 455 1778 astrologia
475 1744 491 1765 e
513 1728 717 1777 Magusaeis,
743 1730 775 1765 id
800 1730 845 1765 est
865 1729 983 1772 Perfis,
1015 1740 1088 1766 orta
1117 1730 1172 1765 est.
1225 1728 1334 1766 Persae
1365 1727 1514 1776 Μαγώγ
1542 1726 1608 1762 flue
1636 1728 1766 1767 ΜαὙδ·

154 1783 239 1831 σαῖσι
263 1781 302 1816 ab
322 1781 480 1829 indigenis
504 1793 671 1816 vocantur.

51 1834 107 1881 [if]
128 1834 289 1880 Gorgias,
324 1832 578 1867 Charmantidae
598 1835 630 1867 F.
660 1830 760 1866 frater
782 1831 965 1873 Herodici,
995 1831 1133 1873 medici,
1169 1833 1364 1872 Leontinus,
1394 1832 1526 1871 rhetor,
1556 1821 1769 1875 Empedoclis

151 1882 344 1931 discipulu8‚
370 1882 523 1931 magister
541 1882 621 1925 Peli,
645 1885 870 1931 Agrigentini,
893 1894 923 1918 et
939 1883 1069 1918 Periclis
1084 1880 1274 1917 etlsocratis
1300 1891 1330 1917 et
1346 1881 1598 1919 Alcidamantis,
1624 1877 1767 1913 Eleatae.

152 1938 207 1984 qui
230 1945 262 1970 et
284 1937 317 1969 in
344 1931 454 1970 schola
478 1933 535 1983 ipsi
556 1931 707 1969 successit.
757 1936 963 1982 Porphyrius
988 1948 1065 1969 eum
1097 1932 1197 1969 refert
1217 1933 1257 1968 ad
1281 1931 1517 1980 Olympiadem
1551 1929 1688 1967 LXXX.
1713 1923 1766 1960 sed

151 1988 316 2035 antiquior
336 1986 391 2021 est.
443 1988 654 2021 Rhetoricam
677 1988 802 2032 primus
830 1990 862 2020 in
885 1997 988 2021 artem
1013 1985 1139 2034 redegit
1161 1995 1223 2021 etc.
1250 1999 1268 2020 a
1290 1983 1424 2033 lingulis
1447 1980 1612 2031 discipulis
1631 1987 1765 2014 centum

98 2082 103 2086 ι
151 2042 259 2086 exegit
281 2039 408 2078 minas,
429 2039 510 2073 vixit
534 2050 638 2072 anuos
659 2038 741 2073 CIX.
759 2047 791 2072 et
820 2037 923 2072 multa
945 2035 1078 2084 scripfit.

49 2091 233 2132 Gratianus,
248 2092 326 2138 imp.
342 2089 487 2124 Valentis
502 2087 666 2124 saeuitiam
681 2091 713 2124 in
722 2089 923 2124 Christianos
938 2088 1120 2128 detestatus,
1146 2088 1311 2129 omnibus,
1337 2087 1410 2136 lege
1424 2086 1487 2121 lata
1503 2082 1659 2134 permisit,
1674 2091 1708 2116 vt
1723 2078 1765 2116 se-

148 2154 225 2176 cure
244 2154 282 2176 ac
316 2140 418 2176 libere
441 2152 625 2177 conuentus
655 2144 690 2175 in
722 2138 862 2176 ecclesiis
891 2143 1030 2190 propriis
1061 2151 1214 2189 agerent,
1245 2138 1324 2176 solis
1349 2140 1590 2177 Eunomianis,
1621 2134 1764 2170 Photini-

151 2195 220 2228 anis
243 2201 276 2227 et
297 2193 500 2228 Manichaeis
520 2192 748 2227 conuenticula
769 2191 901 2227 ademit.
1338 2226 1341 2227 γ

47 2245 238 2294 Gregorius,
264 2244 503 2286 Nazianzenus,
520 2246 553 2278 in
563 2243 772 2292 Cappadocia
781 2242 894 2285 Basilii,
910 2240 1141 2286 Caei'areeniis,
1157 2245 1294 2281 amicus,
1309 2243 1543 2291 grammaticus
1556 2249 1589 2275 et
1598 2242 1694 2288 po'e'ta
1710 2247 1762 2269 ex·

149 2296 290 2337 cellens,
317 2295 543 2344 multomagis
560 2293 690 2343 infignis
715 2293 932 2344 philosophus
951 2304 982 2329 et
1003 2307 1116 2330 orator
1134 2291 1334 2344 ἀμφιδέξιος
1346 2293 1548 2339 peritiffimus
1566 2289 1640 2326 fuit.
1672 2284 1763 2323 Mul·

149 2357 183 2384 ta
203 2345 325 2397 scripsit
341 2348 499 2397 oratione,
512 2344 617 2384 soluta
640 2346 680 2384 ad
707 2348 795 2396 τρεῖς
819 2342 992 2398 μυριάδας
1011 2349 1118 2394 ςι’χων
1138 2347 1179 2383 ad
1206 2345 1357 2383 versuum
1385 2347 1516 2393 triginta
1542 2341 1658 2380 millia.
1710 2339 1764 2423 ξιξ
