2049 2720
102 106 358 140 v01.x.p.55P37
647 104 701 140 AB
727 103 773 140 H.
801 101 1043 141 STEPHANO
1071 103 1268 143 EDITVM.
1426 105 1497 141 Lib.
1515 106 1560 144 V.
1581 119 1605 144 c.
1620 106 1697 143 XL.
1751 110 1812 152 637

101 202 148 237 H.
170 201 325 248 Stephani
346 197 547 247 praefatione
562 197 602 234 ad
621 195 829 233 Thesaurum
852 197 984 246 linguae
1005 212 1137 247 graecae
1153 200 1201 245 ¹¹),
1237 199 1292 247 [if]
1322 200 1422 235 multo
1451 201 1597 236 ditiorem
1616 201 1714 248 suff
1740 203 1813 236 olim

99 252 265 299 :Linguam
283 252 433 286 Latinam
454 258 485 286 et
505 251 604 285 multo
627 252 718 285 ctiam
733 252 834 296 plura
857 252 922 285 elur
942 253 1104 295 vocabula,
1126 263 1218 299 quam
1235 259 1405 298 putemus,
1426 254 1517 288 nohis
1537 252 1680 300 periiffe,
1707 252 1812 288 ossen-

98 302 176 338 dere
198 313 303 338 vetera
327 303 381 338 isla
406 300 574 338 Glossaria.

201 354 298 389 Vnde
318 366 418 403 porro
437 352 633 389 Glossarium
651 355 956 389 Graeco-Latinum
975 351 1189 402 depromserit
1213 356 1373 391 Henricus
1390 355 1590 405 Stephanus,
1622 367 1729 404 neque
1757 366 1813 402 pa·

95 406 175 440 riter
192 405 250 440 ille
271 409 412 453 apernit,
444 414 632 443 contentus,
659 402 837 440 obseruaffe
861 407 895 439 in
924 406 1002 439 calce
1031 407 1239 452 quorumdam
1270 408 1385 454 Cyrilli
1404 409 1605 455 firiptorum
1635 408 1810 444 inuentum,

94 456 183 491 vnde
205 470 222 491 a
247 457 437 504 quibusdam
467 455 521 491 sub
547 454 692 492 eiusdem
725 455 858 504 cyrilli,
890 459 1090 505 quicumque
1119 457 1174 492 ille
1202 455 1317 500 fuerit,
1349 462 1484 494 nomine
1513 458 1669 494 laudatur.
1723 457 1809 492 Illud

93 507 235 550 constat,
261 509 347 544 aliud
368 506 460 543 fuiffe
474 522 510 542 ac
533 504 696 544 diuersum
723 509 762 542 ab
786 521 825 543 eo
842 511 901 550 ⁸⁸),
928 507 1018 556 quod
1050 504 1090 543 in
1107 508 1181 543 bibl.
1206 509 1392 545 monasterii
1413 512 1442 544 S.
1468 511 1624 545 Germani
1653 506 1808 544 pratensis

92 559 192 595 hodie
213 558 416 600 adstruatur,
443 558 596 595 vetustate
618 557 672 594 sua
698 560 1024 598 commendandum,
1047 560 1192 602 tametfi‚
1220 561 1279 608 [lf]
1298 572 1330 598 vt
1357 560 1508 610 pleraque
1530 564 1634 596 eiusce
1664 556 1807 608 scriptio.

92 613 143 646 nis
161 611 462 659 generis‚.mendis
484 609 572 646 haud
599 620 714 646 careat.
767 610 884 647 Codex
908 614 1045 647 enimin
1065 612 1264 647 membranis
1280 610 1325 647 sat
1346 613 1512 659 eleganter
1534 611 1666 660 scriptus
1693 611 1805 646 Caroli

91 662 187 697 Calui
209 675 328 697 aeuum
353 662 512 712 praefert:
547 661 636 710 quod
663 661 716 696 vel
749 662 826 698 inde
856 661 1011 711 colligere
1043 662 1105 704 est,
1139 663 1228 712 quod
1257 662 1330 711 post
1360 662 1559 698 Glossarium
1592 674 1622 698 et
1658 661 1805 698 Prisciani

89 725 186 749 voces
208 725 356 761 graecas,
380 713 480 748 latine
494 713 686 761 explicam,
712 712 862 761 legantur
885 713 1010 763 aliquot
1023 715 1279 750 Exercitationes
1302 715 1564 763 grammaticales
1591 714 1807 762 graeco-lati-

87 777 167 807 nae,
189 762 235 800 sat
246 765 334 800 male
351 763 511 813 digestae,
534 775 565 799 et
581 779 598 799 a
615 765 704 802 viro,
734 768 787 813 qui
810 767 941 813 linguae
964 779 1098 814 graecae
1119 766 1280 802 elementa
1306 769 1358 801 vix
1391 765 1564 814 adtigerat‚
1594 763 1805 813 compositae,

88 826 120 851 et
142 813 283 851 anescio
309 830 376 865 quo
400 818 548 851 Mar-tino
575 811 774 870 διδασκάλῳ
799 814 992 867 descriptae,
1026 820 1125 863 (nam
1152 829 1183 854 et
1206 821 1230 854 is
1253 831 1378 853 nomen
1400 816 1493 853 suum
1518 816 1671 864 prodit,)
1696 816 1747 851 vbi
1774 825 1805 850 et

88 867 214 917 aliquot
235 865 341 903 versus
364 871 492 916 graecia
525 864 570 903 sat
593 869 750 910 incomti,
788 878 859 905 turn
876 883 895 904 a
911 873 1036 905 Ioanne
1058 872 1157 905 Scoto
1173 872 1334 918 litigem,
1359 880 1430 905 tum
1446 869 1485 905 ab
1506 864 1576 918 ipso
1600 870 1745 905 Martino
1770 867 1804 901 in

125 1001 161 1041 ά)
184 1004 250 1042 Pag.
266 1007 309 1034 16.
324 1003 498 1045 Desidet-ius
511 1004 675 1039 Her-aldus,
697 1008 748 1046 qui
764 1003 853 1034 multa
870 1007 922 1035 hu-

83 1046 130 1076 ius
149 1045 276 1084 glossarii
292 1048 428 1077 emendat
444 1058 471 1077 et
492 1047 613 1078 illustrat
636 1048 712 1077 libro
728 1051 750 1079 1.
782 1048 922 1078 Aduersa-

83 1090 198 1118 riorum
220 1089 380 1125 (editorum
401 1091 484 1130 Paris.
505 1100 582 1126 1599.
600 1093 643 1128 8.)
671 1090 729 1132 Qui
743 1095 830 1121 vetus
841 1089 921 1131 glos-

73 1130 205 1172 sarium,
221 1131 260 1162 αἱ)
275 1132 317 1164 H.
334 1132 489 1171 Stephano
507 1132 654 1174 excusum,
663 1133 799 1174 scripsi),
821 1133 924 1163 doffus

71 1173 151 1214 suit.
195 1175 257 1205 Sed
272 1176 368 1205 multa
384 1177 415 1206 in
431 1185 463 1205 eo
479 1186 643 1216 perperam
659 1186 678 1206 a
694 1177 834 1207 librariis
840 1175 916 1217 firi-

77 1220 151 1256 pta,
169 1226 333 1256 perperam
350 1217 506 1248 intelleffa.
551 1221 660 1250 Bonan.
686 1219 915 1250 Vulcanius'no-

78 1268 137 1293 tat,
159 1262 317 1289 maximam
331 1270 366 1289 cx
383 1259 434 1290 illo
451 1262 517 1290 fieri
532 1261 613 1302 posse
628 1261 664 1291 ad
679 1273 810 1299 graecam
829 1268 857 1291 et
874 1262 915 1292 la-

76 1304 168 1332 tinam
183 1301 312 1341 linguam
327 1301 543 1333 leffiffimorum
559 1312 587 1333 et
602 1306 812 1335 rariffimorum
829 1315 913 1334 voca-

76 1344 214 1375 bulorum
231 1346 431 1376 acceffionem.
475 1348 548 1376 Sunt
569 1353 665 1377 tamen
688 1358 748 1376 non
772 1358 861 1387 pauca
882 1349 913 1377 in

76 1388 134 1417 hoe
153 1390 240 1417 etiam
261 1391 350 1428 petita
372 1400 388 1418 e
405 1391 514 1425 triuio,
550 1399 578 1419 et
598 1399 675 1430 quae
694 1391 800 1429 pueris
821 1391 913 1420 etiam

70 1434 228 1470 promtum
244 1431 281 1472 est
298 1431 588 1472 ocburrereparuis,
615 1440 647 1462 vt
664 1433 759 1463 verbis
774 1440 838 1462 vtar
851 1433 914 1462 Te-

74 1475 199 1503 rentiani
214 1476 328 1503 Mauri:
359 1473 406 1503 sed
430 1475 518 1504 inulta
542 1476 661 1505 vicissitn
682 1475 846 1516 praeclara,
872 1475 913 1504 fa-

73 1524 157 1550 teor,
182 1524 209 1546 et
227 1519 276 1546 vix
292 1516 362 1546 alibi
378 1518 478 1553 obuia,
509 1518 650 1558 quaedam
666 1520 753 1548 etiam
769 1521 912 1558 antiquati

72 1567 103 1588 et
116 1559 240 1589 obsoleti
258 1559 340 1595 vlits,
370 1559 426 1589 alia
449 1570 547 1590 recens
568 1561 705 1595 indueta,
746 1568 777 1591 vt
802 1561 912 1602 patebit

73 1601 120 1632 vel
135 1601 295 1632 consulenti
313 1602 488 1640 farraginem
506 1614 611 1633 vocum
627 1603 849 1633 insolentiorum
874 1613 910 1633 ex

72 1646 128 1675 hoc
144 1647 270 1675 maxime
284 1645 431 1683 glossario,
449 1645 597 1675 collfflam
611 1657 626 1674 a
636 1646 711 1676 Iano
721 1644 909 1676 Laurmber-

67 1690 133 1728 gio,
155 1696 185 1718 et
199 1688 234 1718 ad
250 1688 356 1718 calcem
369 1690 525 1728 antiquarii
542 1689 682 1724 eiusdem,
697 1687 778 1718 velut
795 1691 825 1718 in
843 1688 908 1728 sup-

70 1730 250 1771 plementum
265 1731 456 1771 subiunCtam,
479 1731 570 1768 Lugd.
590 1736 671 1762 1622.
694 1741 722 1766 4.
757 1731 911 1771 Francisci

73 1773 176 1803 Guieti
202 1772 420 1804 obseruationes
445 1773 567 1803 ineditas
590 1774 625 1802 ad
657 1775 712 1803 hoc
739 1772 907 1810 gloffarium

70 1824 214 1846 memorat
231 1818 375 1845 Antonius
388 1816 544 1846 Periander
560 1818 590 1845 in
612 1818 673 1845 eius
697 1818 766 1845 vita.

114 1861 144 1896 e)
166 1858 252 1888 Aliud
267 1858 361 1889 visum
378 1866 439 1888 erat
452 1858 547 1887 eidem
563 1860 673 1895 Cangio
687 1869 752 1898 pag.
768 1867 807 1892 ὃς.
824 1868 912 1897 prae—

69 1901 119 1932 fat.
136 1901 172 1930 ad
186 1900 299 1938 gloffar.
316 1901 396 1932 latin.
413 1912 440 1931 n.
458 1909 500 1936 41.
523 1901 677 1931 Seruatur
693 1903 858 1931 etiamnum
873 1902 905 1931 in

69 1943 249 1976 bibliotheca
276 1943 451 1984 monasterii
486 1943 519 1973 S.
549 1943 693 1974 Germani
720 1942 904 1984 Parssenlis,

67 1987 146 2018 vnde
165 1996 200 2017 ea
222 1987 291 2017 olim
312 1984 519 2026 depromserat
547 1985 697 2016 Henricus
719 1985 903 2025 Stephanus,

65 2035 153 2061 vetus
163 2029 274 2065 Codex,
290 2028 427 2070 altersub
440 2027 547 2058 Cur-olo
562 2028 663 2063 Caluo,
681 2038 761 2068 rege,
779 2029 904 2058 unciali-

66 2073 120 2103 bus
141 2073 252 2102 litteris
272 2081 291 2102 a
314 2071 446 2113 quodam
466 2071 608 2101 Martino
621 2070 676 2112 scit
696 2072 773 2101 male
794 2069 902 2112 descri-

62 2120 154 2156 ptus,
176 2116 208 2144 in
221 2125 279 2155 quo
295 2113 402 2145 horum
417 2114 564 2149 alterum,
590 2114 836 2144 Graeculatinum
844 2112 901 2154 sci-

48 2159 134 2191 „ticet
149 2156 346 2198 glnſjiirium,
374 2158 564 2187 continetur:
591 2158 643 2196 qui
666 2158 786 2197 quidem
802 2157 902 2187 Codex

66 2200 182 2232 mendis
196 2201 263 2230 ticet
280 2199 388 2240 vbique
401 2198 540 2239 scateat,
562 2208 621 2229 non
636 2199 782 2229 modicum
799 2204 900 2229 tamen

66 2243 203 2283 conferre
211 2242 306 2281 potrst
323 2242 366 2273 ad
386 2241 604 2272 emendandum
625 2242 714 2277 illud,
738 2242 820 2282 quod
839 2243 898 2272 eiii-

67 2290 129 2316 tum
146 2284 191 2325 est.
234 2285 303 2315 Fuit
316 2286 362 2315 ille
375 2284 518 2325 Ecclesiae
533 2285 604 2314 olim
620 2283 838 2326 Laudunensts,
866 2289 901 2314 vt

67 2337 106 2358 ex
119 2328 176 2357 hac
191 2327 357 2367 epigraphe
379 2328 552 2366 colligitur:
580 2328 665 2357 Hunc
685 2327 793 2357 librum
815 2328 896 2356 dede-

64 2378 110 2403 tat
140 2370 300 2402 Bernartius
330 2378 359 2403 et
381 2369 544 2401 Adalelmus
566 2372 636 2414 ‚Deo
668 2377 696 2402 et
725 2372 751 2402 S.
774 2373 898 2407 Mariae,

1008 920 1094 956 Llll
1122 932 1138 964 3
1686 918 1803 955 Caroli

966 1005 1166 1036 Laudunenlis
1193 1005 1349 1036 Ecclesiae:
1379 1008 1397 1036 fi
1421 1009 1487 1047 quis
1514 1002 1681 1036 abstulerit.
1710 1001 1802 1033 offen-

967 1050 1075 1079 iionem
1100 1052 1155 1080 Dei
1182 1058 1210 1079 et
1236 1051 1260 1080 S.
1284 1052 1396 1079 Mariae
1429 1054 1568 1080 incurrat.
1633 1046 1693 1079 Sed
1720 1044 1802 1088 quod

966 1091 1185 1133 obseruandum
1201 1093 1228 1128 ‚'
1263 1091 1410 1133 gloffitrio
1444 1092 1633 1133 praefigitur
1668 1090 1800 1130 epistola.

965 1133 1076 1171 nescio,
1117 1146 1157 1165 (m
1187 1135 1349 1165 collefforis
1377 1137 1423 1166 vel
1451 1135 1599 1169 austeris,
1637 1141 1727 1173 quam
1752 1130 1801 1162 hic

965 1177 1130 1217 describere
1158 1177 1252 1218 visum
1284 1178 1320 1218 est
1337 1199 1345 1211 ‚
1395 1183 1429 1208 vt
1458 1179 1554 1207 cuiuis
1580 1177 1668 1206 liceat
1697 1175 1734 1206 de
1762 1183 1799 1205 ea

960 1220 1105 1250 iudicium
1119 1219 1226 1260 ferre:
1262 1220 1451 1250 Dilesnffimo
1480 1221 1583 1249 Abbati
1604 1220 1629 1248 S.
1654 1220 1696 1248 M.
1725 1217 1797 1247 fide-

959 1262 1078 1292 liffimus
1105 1265 1212 1292 amicus
1236 1273 1335 1292 veram
1363 1266 1393 1292 in
1422 1264 1536 1293 Christo
1566 1260 1702 1291 salutem:
1741 1263 1798 1290 Le-

959 1306 1011 1334 &is
1034 1305 1172 1346 epistolae
1195 1307 1303 1335 vestrae
1334 1305 1444 1341 literis,
1489 1305 1676 1334 aniantissime
1703 1302 1795 1339 Abba,

958 1355 1011 1388 per
1028 1359 1096 1388 quas
1113 1359 1158 1377 me
1172 1347 1256 1388 super
1272 1349 1443 1388 quibusdam
1459 1346 1680 1389 quaestiunculis
1696 1345 1795 1376 consu·

958 1391 1018 1420 lere
1033 1391 1164 1420 voluistis
1176 1412 1186 1427 ‚
1205 1392 1398 1421 animaduerti
1416 1391 1595 1428 diligentiam
1613 1389 1734 1418 efficacis
1751 1391 1794 1418 in-

958 1435 1035 1470 genii
1050 1435 1137 1463 vestri
1156 1445 1338 1474 nequaquam
1356 1445 1453 1465 rerum
1469 1431 1672 1474 temporalium
1687 1431 1794 1462 tumul·

955 1476 1033 1505 tibus
1050 1476 1244 1512 succumbere,
1269 1475 1314 1505 sed
1332 1473 1537 1517 scripturarum
1553 1475 1793 1505 meditationibus

956 1519 1141 1549 laudabiliter
1155 1520 1315 1549 inhaerere.
1359 1522 1453 1560 Atque
1469 1519 1580 1549 idcirco
1596 1519 1718 1556 dignum
1741 1519 1791 1553 est,

955 1569 986 1590 vt
1002 1565 1050 1601 pie
1068 1561 1190 1602 pulsanti
1207 1565 1354 1602 aperiam,
1377 1565 1439 1592 imo
1453 1562 1512 1603 ipse
1528 1571 1581 1602 per
1601 1573 1647 1591 me
1662 1561 1789 1602 pandere

955 1604 1107 1641 dignetur,
1140 1607 1170 1634 in
1192 1615 1251 1645 quo
1274 1605 1338 1635 sunt
1362 1615 1462 1634 omnes
1483 1606 1610 1634 thesauri
1631 1604 1787 1645 sapientiae

953 1646 1130 1676 absconditi:
1153 1650 1203 1687 qui
1219 1650 1313 1688 aperit
1328 1655 1356 1677 et
1371 1658 1456 1677 nemo
1472 1647 1598 1682 claudit,
1629 1644 1736 1676 claudit
1760 1654 1788 1676 et

953 1699 1039 1718 nemo
1057 1692 1164 1730 aperit:
1188 1689 1324 1731 splendor
1337 1692 1375 1719 est
1397 1690 1468 1720 lucis
1489 1699 1621 1720 aeternae
1642 1699 1670 1720 et
1688 1689 1787 1731 specu-

951 1729 1012 1760 lum
1028 1734 1084 1761 fine
1100 1732 1219 1764 macula,
1264 1736 1391 1774 Accipite
1411 1736 1501 1771 igitur
1523 1730 1665 1772 ἐρωτήσεων
1681 1735 1784 1762 vestra—

951 1783 1016 1803 rum
1031 1774 1206 1809 solutiones,
1227 1786 1297 1815 quas
1315 1776 1349 1804 de
1365 1779 1543 1805 Graecorum
1563 1776 1691 1805 fontibus
1712 1777 1784 1804 hau-

951 1818 1009 1845 rire
1025 1818 1183 1846 studuimus
1194 1840 1202 1853 ‚
1235 1825 1263 1846 et
1277 1818 1361 1846 vobis
1378 1817 1511 1855 legendas
1527 1819 1584 1848 fine
1600 1819 1783 1858 pracindicio

948 1856 1060 1888 altioris
1077 1859 1153 1889 forte
1167 1862 1414 1900 interpretationis
1424 1861 1674 1900 transscripfimus.
1700 1861 1785 1902 Quae

948 1901 1068 1941 quidem
1083 1902 1217 1943 Epistola
1226 1901 1358 1943 forlaſjk²
1365 1902 1487 1944 scripta
1498 1903 1599 1944 fucrit
1615 1905 1783 1941 Smaragdo,

946 1943 980 1974 S.
996 1943 1158 1975 Michaelis
1171 1945 1214 1975 ad
1227 1943 1345 1985 Mosam
1362 1944 1500 1982 Abbati,
1529 1946 1581 1986 qui
1597 1947 1679 1977 vixit
1692 1947 1783 1978 Anno

947 1985 1126 2018 DCCCXX.
1150 1989 1234 2018 cuius
1248 1997 1354 2018 nomen
1369 1989 1416 2018 vel
1430 1989 1570 2028 dignitas
1593 1989 1667 2030 hisce
1685 1991 1782 2021 literis

945 2027 1017 2059 SM.
1040 2029 1219 2070 designetur.
1281 2030 1360 2060 Haec
1381 2033 1523 2069 Cangins,
1553 2033 1600 2062 vir
1626 2032 1779 2063 eruditiffi-

947 2082 1026 2106 mus,
1049 2075 1099 2112 qui
1116 2075 1145 2102 in
1162 2084 1198 2103 eo
1213 2072 1342 2107 fallitur,
1365 2074 1444 2114 quod
1461 2085 1495 2104 ex
1511 2077 1565 2104 hoc
1583 2076 1682 2104 codice
1697 2083 1779 2116 putat

945 2116 981 2142 H.
1003 2116 1178 2155 Stephanum
1206 2116 1334 2153 glossarii
1356 2118 1436 2146 istius
1467 2117 1625 2147 editionem
1653 2118 1777 2158 parasse:

944 2156 1004 2197 ipse
1020 2160 1096 2187 enim
1108 2160 1267 2199 Stephanus
1284 2160 1411 2193 testatur,
1434 2159 1460 2188 se
1476 2159 1548 2189 illud
1563 2160 1698 2200 reperisse
1712 2161 1777 2191 sub·

943 2200 1073 2229 iufflum
1096 2200 1207 2242 scriptis
1229 2201 1342 2237 Cyrilli.
1386 2203 1523 2232 Ceterum
1548 2203 1685 2233 Codicem
1710 2207 1776 2235 San·

943 2243 1158 2279 germanensem
1172 2247 1230 2274 iarn
1252 2245 1302 2274 diu
1325 2255 1382 2274 non
1402 2245 1525 2285 amplius
1547 2248 1655 2275 exstare
1674 2249 1704 2276 in
1725 2247 1775 2276 illa

941 2285 1013 2316 bibl.
1028 2286 1073 2315 sed
1093 2285 1259 2327 subreptum
1275 2286 1329 2317 effe
1344 2288 1379 2317 ab
1394 2287 1492 2328 aliquo
1506 2289 1659 2329 improb0‚
1679 2292 1777 2331 queri-

942 2335 990 2357 tur
1012 2328 1253 2369 Montfauconus
1275 2341 1338 2371 pag.
1355 2340 1402 2368 42.
1430 2330 1674 2374 palaeographiae
1693 2344 1774 2373 grae·

942 2381 1008 2408 cae,
1031 2371 1125 2404 editae
1140 2375 1171 2404 A.
1186 2380 1269 2414 1708,
