2049 2720
36 162 264 197 {summos
583 156 705 193 DIOG.
740 154 924 192 LAERTll
955 153 1202 192 EDITIONES
1272 154 1640 192 Lib.1V.c.XX111.
1693 166 1745 202 571

32 267 138 306 cupat.
168 267 250 304 quae
277 251 392 302 scripta
418 250 462 288 est
485 251 645 292 Viennae,
679 253 774 286 tertio
799 248 873 285 ldus
895 250 1059 291 Sextiles,
1086 250 1181 294 1565]
1216 249 1341 298 aliquot
1364 248 1603 298 exemplaribus
1623 254 1743 299 graecis

35 305 245 344 vetussiffimis
272 305 334 340 illis
367 318 443 340 cum
468 306 734 352 interpretatione
759 301 904 343 collatis,
943 312 1038 349 atque
1066 304 1163 336 etiam
1189 300 1319 336 eruditis
1343 299 1618 337 obseruationibus
1642 303 1743 338 Fuluii

35 358 141 395 Vrfini
164 359 308 394 Romani
329 355 501 392 doetiffimi
527 365 557 391 et
574 357 654 390 mihi
667 351 849 389 amicissimi
871 354 932 387 viri
951 351 1128 394 adimitis,
1154 350 1264 400 spere,
1292 367 1346 389 me
1360 368 1427 389 non
1445 367 1559 404 parum
1574 366 1744 389 commen-

34 410 172 446 dationis
198 409 329 445 ledlioni
350 410 444 444 liuius
472 405 634 456 scriptoris
661 403 814 440 industria
841 404 896 439 ista
918 401 1139 451 comparasse,
1173 414 1205 439 vt
1229 416 1260 439 et
1283 403 1387 441 verfio
1411 419 1520 443 noua,
1561 408 1613 439 cui
1636 406 1744 441 otium

33 459 196 511 superest,
235 459 374 503 institui,
414 471 444 495 et
469 472 585 507 graeca
610 455 719 492 recudi
743 456 842 503 longe
866 454 1066 491 emendatius
1089 454 1244 505 poffint.“
1272 458 1397 492 Fabric.
1458 457 1600 503 Diogen.
1621 457 1745 491 Laertie

34 512 75 549 de
89 515 152 547 vita
168 521 198 547 et
211 512 357 547 moribus
372 509 646 559 philosophorum
662 508 733 543 libr.
751 510 790 544 X.
808 520 917 542 recens
933 506 972 541 ad
990 506 1091 542 fidem
1112 509 1218 554 graeci
1238 507 1359 542 codicis
1380 508 1554 556 diligenter
1574 510 1745 556 recogniti.

33 562 204 611 Lugduni,
235 562 323 612 apud
346 566 469 597 Anton.
489 563 698 608 Gryphium,
736 571 820 605 ¹592·
847 571 890 596 12.
921 579 973 585 —-
1009 559 1109 605 Deog.
1128 561 1253 594 Laertia·
1282 558 1322 594 de
1352 562 1443 599 vitis,
1476 558 1684 607 dogmatibus
1716 569 1747 595 et

33 615 359 664 apophtliegmatibus
376 626 512 654 eorum,
539 615 594 662 qui
610 615 641 646 in
659 610 865 659 philosophia
882 609 1085 651 claruerunt,
1109 610 1181 645 libri
1199 613 1236 645 X.
1263 611 1414 657 Hesychii
1432 610 1560 646 illustrii
1574 609 1615 646 de
1629 610 1746 647 iisdem

33 663 238 715 philosophis
256 675 287 700 et
304 664 371 701 aliis
388 662 590 713 scriptoribus
607 663 695 698 liber.
749 663 1051 710 Pythagoraeorum
1074 660 1351 710 philosophorum
1373 660 1569 710 fragmenta.
1622 664 1746 697 Omnia

33 717 71 753 ad
87 716 185 752 fidem
198 720 304 765 graeci
320 715 441 752 codicis
456 715 627 764 diligenter
649 717 833 762 recognita,
859 727 935 749 cum
955 713 1175 762 gnomologia
1190 716 1292 750 Laert.
1310 723 1340 749 et
1357 713 1472 750 indice.
1498 712 1671 762 Lugduni,
1697 727 1747 762 ap.

33 770 97 805 Iac.
115 770 257 804 Chouet.
287 781 365 814 1595.
386 780 430 803 12.
484 769 624 802 Graecus
645 776 754 801 autem
778 775 881 800 textus
904 779 972 801 non
995 765 1038 800 est
1061 765 1208 808 addam,
1240 776 1274 801 vt
1291 764 1426 801 traditur
1450 769 1484 800 in
1507 764 1658 813 catalogo
1682 766 1748 800 edi-

19 823 175 857 tionum,
190 818 364 868 praemitlb
379 819 453 855 edit.
470 820 725 855 Meibomianae.
751 816 813 852 vid.
831 816 936 853 Stollii
954 818 1070 853 Nachr.
1091 831 1157 853 von
1178 817 1242 853 den
1265 819 1415 852 Biichem
1439 839 1491 846 -—
1516 819 1549 852 in
1572 816 1630 852 der
1651 816 1746 852 Stoll.

33 872 111 907 Bibl.
131 870 199 906 vol.
213 872 238 907 1.
259 884 335 920 pag.
350 877 418 916 198.
446 871 495 905 vbi
516 884 590 920 pag.
605 882 677 905 202.
697 867 888 910 adnotatur,
916 872 950 904 in
971 871 1032 904 hac
1055 868 1128 905 edit.
1151 870 1205 904 lib.
1221 870 1275 905 IX.
1296 866 1395 917 segm.
1413 873 1461 915 65.
1487 867 1648 918 quaedam
1670 868 1748 916 legi,

34 936 116 971 quae
140 921 357 958 dess'deramur
379 925 414 957 in
435 932 523 957 textu
545 935 592 970 gr.
616 932 646 956 et
668 920 831 963 versione,
859 919 935 956 edit.
952 922 1114 956 Meibom.
1139 942 1189 948 —-
1220 921 1261 956 V
1258 923 1320 955 itae
1334 922 1595 968 philosophorum
1614 917 1750 968 scripto.

35 974 121 1008 ribus
143 974 290 1021 Diogene
306 975 455 1015 Laertio,
480 975 651 1020 Eunapio‚
684 969 856 1017 Hesychio
879 971 1033 1007 illustrio:
1065 972 1176 1008 multis
1197 975 1231 1006 in
1255 971 1336 1006 locis
1361 971 1608 1008 emendatiores.
1642 969 1747 1019 Lugd-

35 1026 140 1061 Batau.
162 1038 202 1062 ex
226 1025 314 1060 offic.
341 1024 476 1060 Plautin.
497 1023 582 1074 apud
606 1026 717 1059 Franc.
734 1024 939 1072 Rapheleng.
963 1026 1052 1069 1596.
1072 1036 1114 1058 12.
1149 1024 1248 1071 Diog.
1266 1025 1384 1058 Laertii
1405 1023 1476 1058 libri
1500 1026 1673 1073 interprete
1697 1024 1749 1062 Fr,

34 1075 207 1113 Ambrosio
234 1076 307 1125 post
330 1079 375 1111 10.
393 1076 544 1111 Sambuci
572 1075 750 1111 editionem
781 1074 931 1124 plurimis
959 1074 1039 1109 locis
1064 1075 1197 1111 restituti
1221 1074 1374 1111 dicuntur
1396 1078 1431 1111 in
1458 1073 1569 1112 fronte
1596 1076 1748 1124 paginae,

33 1126 197 1164 Ambrofii
219 1137 250 1163 et
271 1127 424 1163 sambuci
445 1125 699 1177 praefationibus
718 1123 919 1176 praemissae.
952 1125 1053 1162 Harl.

449 1220 690 1254 Editio
753 1220 1027 1255 Laertii
1083 1231 1327 1266 graeca.

132 1297 253 1333 Graece
273 1297 419 1344 primum
441 1294 550 1331 lucem
570 1293 715 1344 adspexit
736 1296 863 1331 Laertii
885 1309 968 1345 opus
991 1297 1181 1343 [Διογενους
1202 1317 1255 1324 -
1281 1297 1442 1343 Diogenis
1459 1295 1585 1330 Laertii
1607 1294 1645 1330 de
1661 1296 1748 1340 viti-s,

31 1349 163 1385 decretis
191 1356 221 1384 et
245 1348 396 1397 responsis
426 1348 590 1382 celebrium
611 1348 872 1395 pbilosophorum
904 1348 979 1383 libri
1008 1349 1125 1391 decem,
1163 1361 1246 1383 nunc
1269 1351 1411 1394 primum
1443 1348 1564 1397 excusi]
1610 1346 1748 1384 Bafileae

31 1416 60 1438 a.
77 1412 155 1446 ¹533·
183 1413 223 1436 ex
245 1400 378 1436 officina
401 1400 541 1434 Hieron.
556 1399 709 1434 Frobenii
728 1409 759 1434 et
779 1401 851 1434 Nic.
866 1397 1043 1448 Episcopii.
1071 1412 1101 1443 4.
1134 1412 1175 1435 ex
1200 1402 1300 1435 MSto
1325 1401 1485 1436 Matthaei
1499 1399 1671 1447 Aurogalli
1694 1412 1749 1435 co-

31 1451 121 1498 dice,
149 1464 218 1500 quo
241 1449 310 1487 vsus
331 1454 428 1487 etiam
448 1447 555 1486 fuerat
578 1453 612 1486 in
637 1449 694 1486 sua
718 1449 863 1486 editione
889 1451 990 1487 latina
1010 1451 1201 1487 Valentinus
1223 1453 1335 1487 Curio.
1400 1452 1469 1486 Iam
1492 1462 1588 1486 antea
1612 1449 1747 1499 quidem

32 1516 150 1553 graece
168 1505 254 1552 typis
277 1500 434 1552 exscripta
454 1500 560 1538 fuerat
580 1504 646 1537 vita
670 1501 847 1538 Aristotelis
868 1512 900 1538 et
923 1503 1145 1551 Theophrasti
1170 1505 1202 1537 in
1224 1502 1367 1539 editione
1390 1515 1532 1551 operum
1560 1499 1748 1550 philosophi

33 1557 199 1605 stagiritae
220 1553 358 1597 Aldina,
383 1556 499 1590 Vener.
523 1565 609 1599 1495.
632 1551 693 1589 fol.
719 1563 751 1589 et
772 1566 851 1590 cum
875 1555 1109 1602 Theophrasto
1131 1554 1172 1590 de
1194 1554 1355 1603 lapidibus
1376 1554 1454 1590 ibid.
1474 1553 1748 1602 1497.'quemad.

31 1606 173 1643 modum
193 1609 290 1642 etiam
313 1607 352 1641 ab
375 1617 415 1641 eo
431 1615 582 1653 tempore
600 1603 721 1653 saepius
741 1603 885 1655 fingulae
904 1606 1065 1656 quaedam
1080 1609 1163 1642 vitae
1177 1620 1195 1641 e
1209 1607 1338 1643 Laertio
1352 1604 1593 1642 consuent-runt
1612 1604 1749 1653 praefigi

32 1659 226 1695 editionibus
247 1670 385 1706 operum
406 1657 567 1698 Platonis,
593 1656 788 1700 Aristotelis,
810 1658 1059 1707 Xenophontis,
1084 1658 1307 1707 Theophrasti
1328 1669 1388 1695 etc.
1444 1661 1486 1693 At
1508 1660 1634 1705 integer
1653 1659 1748 1691 Laer-

32 1713 95 1747 tius
115 1721 189 1747 ante
210 1708 390 1746 editionem
405 1709 644 1745 Frobenianam
663 1710 836 1755 anni1533.
862 1723 979 1757 graece
999 1709 1149 1746 nondum
1174 1708 1306 1746 excusus
1327 1708 1451 1753 fuerat,
1477 1719 1509 1745 et
1531 1707 1750 1757 quemadmo-

32 1760 114 1798 dum
139 1764 174 1798 in
196 1761 304 1798 multis
325 1761 415 1802 aliis,
441 1762 484 1796 ita
508 1762 541 1796 in
563 1762 630 1796 hoc
652 1773 785 1810 quoque
808 1758 895 1796 fallit
917 1761 1110 1798 bibliotheca
1134 1763 1268 1810 Georgii
1288 1761 1445 1804 Draudii,
1471 1759 1559 1810 quod
1583 1768 1750 1795 memorat

32 1812 213 1853 editionem
233 1825 384 1861 graecam
408 1814 483 1848 anni
501 1824 575 1858 1531.
599 1825 639 1848 ex
662 1812 796 1848 officina
812 1815 862 1848 10.
878 1814 1041 1850 Frobenii.
1067 1815 1193 1849 Fabric.
1247 1814 1410 1850 Draudius
1432 1811 1560 1862 decepit
1578 1814 1748 1849 auctorem

34 1864 176 1913 catalogi
197 1863 284 1900 editt.
304 1866 464 1912 Diogenis
479 1865 612 1904 Laeuii,
636 1863 772 1900 editioni
795 1864 953 1901 Wetsten.
974 1865 1122 1913 praefixi.
1151 1866 1253 1902 Harl.

365 1955 642 1992 Editiones
691 1957 902 1993 Laertia·
949 1970 1140 2006 graeco
1165 1979 1178 1989 ·
1205 1959 1419 1994 latinae.

138 2033 405 2070 Graeco-latinae
426 2030 583 2069 editiones
610 2035 744 2077 Laeuii,
772 2047 855 2083 quae
883 2036 1039 2071 badlenus
1061 2033 1271 2084 prodierunt,
1298 2036 1360 2070 hae
1382 2030 1466 2070 sunt.
1529 2032 1638 2068 Prima
1659 2032 1750 2069 Hm-

35 2087 93 2123 'tei
107 2085 258 2130 Stephani
280 2099 307 2120 a.
327 2096 415 2128 1570.
435 2091 465 2124 8.
518 2085 694 2121 Subiuneta
717 2084 757 2120 ad
780 2085 904 2121 calcem
925 2087 1102 2122 voluminis
1126 2085 1289 2122 Ambrolii
1312 2084 1459 2121 verfione
1480 2086 1577 2121 et'H.
1595 2086 1750 2133 Stephani

0 2179 1 2190 γ
33 2137 313 2186 castigationibus,
340 2137 710 2186 Pythagoraeorumque
729 2135 937 2186 fragmentis,
961 2151 1000 2174 ex
1024 2140 1163 2175 Stobaeo
1183 2151 1298 2187 graece
1319 2135 1494 2186 descriptis.
1556 2136 1751 2183 [Exemplar

36 2198 112 2234 eum
129 2187 303 2224 emendatt.
319 2198 350 2223 et
364 2189 403 2222 V.
421 2188 456 2222 L.
471 2190 578 2236 graeci
593 2198 695 2223 textus
711 2199 808 2237 atque
823 2188 1069 2234 animaduerss'.‚
1092 2203 1191 2227 manu
1207 2193 1231 2226 l.
1245 2188 1433 2239 Chrissoph.
1450 2188 1569 2225 Wolfii
1585 2186 1750 2237 adspersis,

35 2236 146 2282 babuit
163 2239 283 2276 Krolm.
309 2238 374 2274 vid.
392 2242 458 2275 eius
479 2239 572 2276 catal.
596 2254 670 2290 pag.
686 2253 750 2277 212.
767 2241 824 2277 fin.
850 2242 965 2289 Harl]

141 2307 282 2342 Secunda
303 2304 446 2341 eiusdem
471 2308 627 2355 Stephani
650 2322 678 2343 a.
697 2319 784 2354 1594.
804 2314 835 2349 8.
869 2322 945 2343 cum
968 2306 1064 2357 ipsius
1085 2307 1346 2356 castigationibus
1368 2317 1399 2343 et
1418 2306 1652 2354 recognitionis
1673 2306 1752 2340 Bru:

39 2357 212 2408 gnolianae
239 2357 442 2400 recensione,
482 2358 851 2408 Pythagoraeorumque
877 2357 1090 2408 fragmentis,
1129 2358 1182 2395 sed
1213 2359 1359 2395 verfione
1381 2356 1540 2393 Ambrosii
1568 2370 1585 2391 e
1615 2357 1750 2404 regione

2 2458 3 2463 Ἰ
41 2411 160 2459 graecis
182 2407 303 2458 posita,
325 2418 356 2445 et
372 2408 528 2447 adiunctis
544 2411 651 2458 Isaaci
672 2410 849 2459 Cqfizubcmi
867 2409 1057 2447 dodiffimis
1080 2414 1114 2449 in
1128 2414 1294 2449 Laertium
1310 2414 1415 2454 notis,
1443 2406 1582 2445 secunda
1602 2409 1664 2445 hac
1687 2406 1752 2443 edi-

2 2472 3 2476 ’
897 2465 952 2499 Cc
969 2476 1012 2500 cc
1036 2474 1055 2501 2
1661 2460 1753 2496 tione
