2013 2725
150 118 206 151 55³
261 102 332 138 Lib.
349 97 394 135 V.
418 110 442 133 c.
462 96 539 131 XL.
749 91 887 129 INDEX
913 91 1215 129 SCRiPTORvM
1545 96 1604 123 voi.
1620 97 1671 126 IX.
1687 97 1796 130 iugis?
1810 100 1857 127 81⁶

249 191 383 246 quidem
405 186 675 239 persecutionibus
698 196 820 235 patrata
841 184 984 222 fuerunt.
1033 187 1121 222 Nam
1145 189 1205 222 tria
1226 187 1404 223 hominum
1424 185 1528 224 millia
1548 189 1671 233 emisit,
1704 192 1759 239 qui
1773 192 1859 226 viros

256 250 327 298 pios
353 246 386 280 in
410 238 534 277 deserto
557 237 751 274 trucidarent
776 248 807 274 et
830 236 1031 286 dissiparent.

150 305 274 342 Varus,
298 290 519 332 Laodiceiisis,
542 286 699 337 sophista,
726 289 912 325 Polemonis
937 298 967 324 et
991 290 1128 325 aliarum
1153 289 1309 336 aequalis.
1755 314 1757 318 -

152 354 251 390 Iulius
278 347 447 384 Vestinus,
489 340 647 389 sophista,
673 338 794 390 scripsit
819 342 1033 387 compendium
1066 341 1228 386 Pamphili
1259 339 1434 389 glqffixrum
1465 341 1554 376 libris
1575 341 1645 378 IV.
1681 354 1768 377 voces·
1789 343 1868 388 file-

253 400 335 437 stas,
364 409 406 431 ex
415 392 657 480 HDcniostlienc,
707 393 905 441 Thucydide,
944 394 1050 440 Isizeo,
1091 393 1247 439 Jfiicrate,
1300 393 1534 441 Thrasymacho
1568 400 1599 428 et
1628 393 1702 428 aliis
1732 395 1869 428 oratori·-

260 454 315 485 hus
341 447 412 482 colle
447 457 491 479 as.

156 506 333 553 leiaiius,
359 493 555 537 Emesenus,
582 492 734 543 sophista.
788 493 917 544 Scripsit
937 494 974 528 de
986 496 1118 539 patria,
1144 492 1277 540 Emefiu
1303 494 1340 531 de
1358 494 1540 540 Heliopoli‚
1572 494 1610 530 de
1631 495 1817 541 Bosporitis
1841 504 1874 531 et

256 552 325 588 aliis
347 548 508 599 plurimis,
544 546 852 594 Progymnafinata:
878 552 979 580 artem
1003 545 1201 580 rhetoricam.

157 607 335 656 vlpianus,
362 601 584 636 Antiochenus
609 601 727 642 Syrus,
754 595 909 646 sophista,
937 598 990 644 qui
1017 598 1103 644 prius
1133 592 1269 631 Emesae
1298 594 1412 631 docuit
1440 596 1644 646 temporibus
1676 599 1758 647 imp.
1785 598 1876 633 Con-

260 653 399 690 stantini.
426 653 538 685 Varias
554 648 674 699 scripsit
689 652 864 688 orationes,
886 648 1152 689 declamationes,
1176 644 1425 695 disputationes,
1451 645 1578 695 λέγες,
1604 650 1779 697 μελέτας,
1805 645 1875 686 Sax-

260 703 388 754 mim,
412 712 441 737 et
457 701 516 736 alia
531 702 700 749 quaedam.
730 701 845 746 [Hunc
867 699 1046 748 leianum
1069 698 1183 734 Ki'isler
1205 700 1237 732 in
1263 708 1343 733 tom.
1364 701 1404 734 ΙΙ.
1426 712 1502 748 pag.
1525 707 1597 744 738.
1618 701 1788 736 aucstorem
1814 698 1876 735 effe

258 759 411 805 opinatur
435 753 754 788 commentariorum
774 753 810 786 in
833 750 1008 786 Demossh.
1030 753 1086 799 qui
1105 748 1211 785 adhuc
1234 749 1381 796 exstant]

161 813 342 860 leianus,
370 807 526 839 GazaeuS.

162 863 338 912 leianus,
364 853 464 890 frater
479 851 610 894 isidori,
635 849 845 901 philosophi,
872 853 1008 896 ingenio
1033 851 1165 898 optimo
1191 849 1353 897 praeditus
1382 851 1422 886 ad
1449 853 1695 887 mathematicas
1724 849 1879 898 scientias,

261 907 346 945 vnde
372 917 498 941 nomen
522 906 587 938 eius
607 904 740 939 Athenis
764 902 888 937 celebre
908 900 981 937 fuit.
1034 903 1077 936 Et
1102 902 1278 946 Syriaiiiis,
1301 901 1464 937 admiraris
1485 905 1551 937 eius
1575 904 1762 951 ingenium..
1793 902 1880 938 mul.

265 963 305 997 tis
327 958 488 997 narrauit,
515 954 643 990 nullam
667 952 725 1003 ipfi
753 954 880 989 ciauem
915 952 998 988 adeo
1032 955 1216 988 intricatam
1250 962 1281 987 et
1316 951 1486 988 artificiose
1519 953 1737 1003 compositam
1767 951 1880 989 offerri

265 1007 422 1062 potuisse,
451 1021 552 1057 quam
573 1019 642 1042 non
665 1004 760 1041 facile
783 1007 938 1054 aperiret;
972 1001 1026 1039 sed
1052 1006 1085 1039 in
1113 1003 1238 1051 reliqua
1266 1003 1476 1053 philosophia
1505 1007 1587 1040 nihil
1619 1014 1805 1041 memoratu
1833 1003 1882 1039 di-

269 1076 373 1112 gnum
390 1057 532 1096 edidisse.
582 1059 716 1093 quenis
737 1067 769 1092 et
790 1057 920 1092 coelebs
941 1055 982 1091 de
1006 1057 1069 1091 vita
1093 1053 1239 1098 deceffit,
1266 1068 1387 1105 magna
1407 1053 1480 1092 suae
1497 1057 1654 1094 *bonitatis
1675 1055 1771 1092 laude
1793 1054 1881 1105 apud

266 1116 419 1151 homines
441 1111 551 1147 relic‘ia
577 1119 636 1145 etc.
662 1115 718 1152 (ex
744 1105 930 1145 Damascio.

167 1171 326 1208 vinnius,
352 1168 474 1209 Syrus,
501 1161 604 1197 CPoli
628 1161 815 1202 oberrabat,
842 1169 944 1198 artem
968 1156 1128 1207 professus
1151 1157 1335 1201 medicam,
1362 1160 1418 1207 qui
1440 1171 1542 1208 quum
1565 1171 1604 1193 ex
1625 1157 1802 1194 Aristotelis
1825 1156 1886 1195 do-

218 1232 228 1250 »
276 1217 437 1267 gmatibus
454 1213 588 1251 ,nullum
611 1210 753 1261 perfecie
774 1209 898 1254 nosset,
924 1213 1013 1246 inani
1028 1212 1135 1245 variae
1151 1209 1318 1246 docirinae
1336 1212 1496 1258 opinione
1509 1210 1665 1257 turgebat.
1717 1211 1786 1245 Hic
1806 1221 1885 1245 cum

273 1265 473 1306 Areobindo,
496 1265 618 1312 legato,
643 1263 682 1298 ad
701 1261 808 1299 Persas
825 1261 991 1311 profedlus
1008 1261 1050 1297 esi
1065 1272 1125 1297 etc.
1153 1263 1207 1306 (ex
1230 1262 1385 1309 Agathia‚
1410 1263 1449 1300 ΙΙ,
1473 1274 1547 1309 pag.
1566 1263 1639 1304 67.)

167 1323 338 1362 Xanthus,
360 1315 540 1353 ‚Candaulis
562 1317 595 1352 F.
621 1314 751 1360 Lydus,
779 1313 970 1350 Sardianus.
994 1315 1049 1361 qui
1072 1315 1150 1348 vixit
1173 1326 1214 1349 eo
1237 1322 1406 1359 tempore,
1434 1325 1501 1362 quo
1527 1311 1643 1347 Sardes
1676 1320 1789 1360 captae
1814 1310 1886 1346 fue.

274 1379 359 1407 runt.
397 1366 529 1415 Scripsit
552 1368 764 1415 Lydiacorum
789 1365 888 1401 libros
909 1367 966 1400 IV.
989 1365 1023 1399 in
1046 1377 1189 1412 quorum
1212 1361 1355 1398 seeundo
1379 1374 1505 1405 narrat,
1535 1365 1688 1411 Gygem,
1709 1361 1888 1406 Lydorum

274 1432 407 1469 regem,
450 1417 605 1453 mulieres
640 1414 802 1460 castrasse,
833 1426 866 1452 vt
897 1419 933 1451 iis
959 1413 1087 1464 semper
1115 1423 1216 1450 aetate
1238 1415 1294 1460 [if]
1317 1424 1348 1449 et
1375 1411 1486 1450 forma
1513 1412 1703 1450 florentibus
1735 1422 1887 1449 vteretur.

272 1472 366 1508 Idem
386 1467 502 1510 refert,
529 1469 698 1504 Alcimum
721 1466 899 1517 quemdam
924 1469 961 1502 in
984 1466 1040 1502 illa
1059 1468 1196 1513 regione
1219 1462 1383 1514 regnasse,
1410 1467 1582 1502 hominem
1609 1462 1888 1513 religiosissimum

279 1533 310 1559 et
332 1518 638 1560 clementiffimum,
668 1522 757 1555 cuius
780 1529 929 1566 tempore
949 1527 981 1554 et
1000 1517 1063 1553 alta
1082 1530 1165 1566 vpace
1188 1526 1220 1552 et
1245 1517 1360 1567 opibus
1383 1516 1532 1564 (Lydia)
1566 1515 1716 1552 floruerit
1737 1524 1796 1551 etc.

175 1576 384 1616 Xenarehus‚
411 1574 575 1611 comicus,
602 1584 642 1606 ex
663 1574 731 1605 eius
755 1569 874 1606 fabulis
896 1570 942 1604 est
972 1569 1168 1609 Βεκοιλίων,
1203 1567 1279 1604 tesse
1301 1569 1490 1607 Athenaeo,
1518 1570 1558 1603 Π.
1593 1563 1888 1616 Dipnosophiss.'¹)

279 1638 340 1662 nec
360 1636 428 1660 non
450 1619 634 1673 Ποςφῦξοι,
662 1618 810 1667 Σκύθαι,
839 1617 990 1668 Alimon
1018 1619 1237 1660 Πένταθλοι,
1272 1620 1448 1667 Πρίαπος,
1473 1615 1624 1664 ‘'¹1¹7rv05,
1653 1614 1889 1668 Στρατιώτης.

178 1682 394 1718 Xenocrates,
422 1676 604 1722 Agathonis
623 1672 676 1710 ,vel
695 1675 912 1721 Agathanoris
933 1674 966 1708 F.
992 1669 1252 1712 Chalcedonius,
1279 1667 1452 1717 discipulus
1485 1679 1516 1704 et
1543 1667 1700 1704 successor
1733 1668 1889 1712 Platonis,

279 1727 351 1779 post
373 1724 609 1773 Speusippum,
636 1737 735 1773 quem
756 1726 882 1772 excepit
895 1723 1077 1764 Polemon,
1102 1732 1135 1757 et
1149 1723 1239 1757 hunc
1255 1722 1406 1760 Crantor,
1433 1722 1500 1755 Hic
1515 1718 1610 1755 missa
1626 1719 1680 1755 fibi
1694 1719 1734 1754 ab
1751 1719 1891 1755 Alexan-

280 1779 341 1815 dro
358 1775 545 1812 Macedone
562 1778 693 1823 triginta
704 1774 822 1813 talenta
839 1774 878 1810 ad
900 1788 976 1809 euin
993 1770 1130 1811 remisit,
1157 1770 1282 1810 dicens,
1306 1784 1439 1819 regem,
1463 1783 1531 1806 non
1550 1768 1790 1819 philosophum
1810 1767 1893 1805 indi·

277 1843 355 1880 gere
381 1829 527 1877 pecunia.
550 1825 689 1876 -Scripfit
708 1827 746 1860 de
775 1825 926 1860 Platonis
954 1825 1122 1870 republica.
1176 1822 1364 1858 Celebratur
1383 1823 1679 1870 eiustemperantia
1701 1832 1733 1857 et
1755 1821 1891 1865 castitas.

280 1884 347 1917 Hic
365 1882 451 1925 (imo
473 1879 574 1920 alius,
601 1888 634 1912 vt
661 1875 804 1926 suspicor
813 1880 837 1922 ,)
859 1874 982 1925 scripsit
1002 1870 1227 1913 οἷκοσκοπικόν
1244 1870 1422 1921 οἰώνισμα,
1449 1872 1533 1909 Vide
1549 1872 1644 1923 supra
1657 1876 1691 1909 in
1707 1869 1892 1917 οἰωνιςικήν.

182 1935 397 1980 Xenophanes
418 1929 520 1977 elegia
539 1927 680 1977 quadam
704 1939 764 1963 etc.
787 1928 841 1972 (de
858 1929 1048 1975 *Pythagora
1067 1940 1107 1962 ex
1129 1927 1254 1961 Laertii
1278 1927 1366 1960 VllI.
1384 1927 1436 1968 36.
1459 1922 1542 1974 sqq.)

182 1985 391 2033 Xenophon,
417 1979 523 2024 Grylli
546 1982 580 2015 F.
609 1979 826 2021 Atheniensis,
859 1977 1072 2027 philosophus
1100 1979 1299 2018 Socraticus,
1328 1978 1383 2026 qui
1414 1978 1541 2024 primus
1565 1979 1645 2012 vitas
1678 1973 1896 2026 philosopho&

283 2047 359 2070 rum
374 2027 397 2078 i)
420 2029 539 2081 scripsit
561 2040 598 2068 ,et
620 2027 963 2080 ἀπομνημονεύματα
982 2029 1049 2066 siue
1067 2028 1158 2066 ,dicia
1176 2025 1328 2077 factaque
1344 2027 1582 2066 memorabilia.
1615 2026 1716 2064 Filios
1732 2039 1771 2063 ex
1792 2026 1896 2063 Phile-

1853 2076 1898 2113 fla

227 2170 264 2211 h)
286 2168 389 2201 Kiister
402 2168 439 2198 ad
454 2166 515 2199 vol.
530 2169 567 2199 11.
586 2177 658 2209 -pag,
677 2170 742 2204 643.
767 2177 810 2198 nr.
828 2178 847 2196 i.
872 2168 1033 2202 existimat,
1054 2165 1134 2207 quod
1155 2165 1244 2196 hodie
1263 2164 1343 2195 illius
1366 2163 1500 2200 fabulae,
1530 2164 1686 2199 Βεικαλῖων,
1716 2160 1796 2192 nulla
1816 2160 1894 2201 apud

350 2212 529 2242 Athenaeum
545 2210 610 2241 libr.
628 2213 665 2241 ΙΙ.
682 2212 731 2240 fiat
745 2212 854 2239 mentio
865 2232 873 2244 ‚
896 2220 947 2239 nec
961 2209 1020 2250 ipse
1036 2211 1174 2239 Athenaei
1189 2208 1265 2238 liber
1278 2210 1314 2238 ΙΙ.
1331 2210 1442 2245 integer
1456 2207 1489 2236 ad
1507 2217 1558 2236 iios
1576 2203 1767 2248 peruenisset,
1792 2202 1893 2233 iocum

352 2253 447 2290 illum,
468 2256 498 2284 in
525 2263 585 2293 quo
604 2254 768 2283 Athenaeus
791 2251 906 2282 fabulae
924 2252 1101 2282 But-alionis
1115 2254 1293 2281 mentionem
1309 2250 1434 2282 fecisset,
1459 2249 1547 2280 hodie
1563 2245 1746 2280 intercidiffe.
1775 2244 1871 2277 Harl.

232 2313 259 2352 i)
282 2311 335 2343 sed
353 2311 579 2386 :vidgssoiissimzl
587 2312 623 2342 de
639 2314 707 2343 vitis
730 2311 825 2353 script.
847 2311 910 2342 hist.
933 2309 1006 2353 phil.
1028 2309 1079 2342 lib.
1095 2312 1118 2341 1.
1147 2319 1209 2352 cap.
1227 2318 1257 2348 7.
1278 2312 1331 2351 qui
1350 2309 1468 2340 Suidam
1481 2308 1527 2339 hic
1542 2307 1577 2338 de
1591 2304 1695 2349 philos.
1709 2303 1812 2337 errasse
1826 2315 1894 2336 con-

369 2365 403 2384 en
425 2362 457 2386 it.
528 2364 588 2386 ar.
