2179 2849
76 969 373 1101 Nemini
412 1038 560 1084 TVO
605 1052 789 1089 REGIO,

442 1148 626 1194 REX
696 1144 1424 1197 AVGVSTISSIME

77 1274 129 1307 vt
153 1262 239 1305 hoc
272 1259 488 1305 volumen
519 1259 823 1310 inscriberem,
861 1257 1158 1316 TVAMque
1196 1257 1426 1300 adorarem
1456 1266 1719 1313 purpuram,
1752 1260 1796 1292 et

79 1373 254 1429 generis
280 1370 403 1417 TVI
436 1368 839 1427 TVARVMque
864 1371 1081 1414 virtutum
1107 1368 1334 1428 splendor,
1367 1368 1442 1425 qui
1468 1365 1600 1422 longe
1620 1363 1796 1418 lateque

79 1483 238 1541 spargit
265 1482 411 1526 radios
444 1481 568 1534 suos,
601 1492 646 1523 et
678 1481 892 1537 infignis‚'
912 1495 1000 1537 qua
1031 1483 1222 1538 optimas
1255 1478 1424 1523 litteras
1458 1488 1620 1532 meque
1651 1470 1796 1520 beasti,

81 1592 383 1636 munificentia
416 1607 465 1635 ac
499 1589 741 1634 liberalitas
774 1594 1032 1635 excitarunt
1067 1607 1138 1634 me
1179 1602 1310 1648 atque
1345 1585 1632 1645 impulerunt.
1699 1578 1799 1625 Vix

87 1704 201 1745 enim
240 1717 300 1744 ex
339 1700 623 1745 Illustriffimo
667 1716 733 1744 DE
766 1716 976 1754 MARCO,
1023 1716 1157 1759 quem
1190 1700 1376 1743 honoris
1421 1695 1562 1741 cauffa
1602 1693 1800 1742 nomino,

59 1812 272 1876 (aliisque
296 1812 518 1864 audieras,
549 1826 620 1854 me
651 1811 780 1856 valde
812 1823 986 1870 optare,
1023 1824 1075 1855 vt
1100 1814 1304 1855 notitiam
1331 1808 1566 1868 quamdam
1596 1803 1803 1846 codicum

88 1936 361 1978 graecorum,
395 1923 469 1978 qui
505 1924 549 1964 in
580 1924 701 1979 regia
732 1922 965 1980 amplaque
1000 1920 1146 1966 TVA
1181 1920 1453 1965 bibliotheca
1485 1914 1802 1961 custodiuntur,

89 2030 141 2074 ad
168 2029 524 2087 locupletandam
550 2032 882 2088 ornandamque
914 2045 1078 2074 nouam
1108 2029 1407 2073 bibliothecae
1437 2039 1618 2084 graecae
1651 2022 1805 2066 Fabri-

93 2141 238 2182 cianae
264 2140 505 2183 editionem
529 2140 772 2191 nanciscar,
805 2156 943 2198 quum
967 2141 1159 2184 aciutum
1187 2140 1406 2183 adnueres
1431 2138 1640 2194 precibus
1663 2133 1807 2178 votis-

95 2261 178 2303 que
207 2251 338 2301 meis,
375 2261 420 2292 et
449 2251 646 2302 iuberes,
686 2249 870 2307 plenum
898 2249 1079 2293 illorum
1111 2244 1316 2294 codicum
1353 2263 1485 2291 manu
1518 2255 1807 2290 exaratorum

97 2355 341 2412 catalogum
365 2358 587 2400 conficere
610 2359 809 2416 mihique
836 2361 1025 2402 mittere.
1089 2359 1240 2415 Quem
1268 2372 1404 2416 quum
1431 2355 1660 2412 diligentia
1686 2365 1808 2395 cura-

944 2484 964 2506 a
993 2483 1010 2515 3
1721 2475 1808 2519 que
