2049 2720
10 166 34 176 ·
64 165 191 214 Qut.
207 172 233 197 p.
250 163 398 195 ⁴03P40⁴
720 163 905 200 LVCIANI
941 163 1133 200 SCRIPTA
1271 163 1345 200 Lib.
1362 165 1432 200 IV
1443 177 1466 202 c.
1482 165 1635 201 XVIII.
1738 176 1792 210 333

62 270 145 306 ¹539·
163 265 193 299 8.
222 259 273 304 [et
296 259 329 292 in
354 255 550 306 Calcagnini
573 258 660 306 Opp.
686 256 777 293 Bam.
797 256 962 304 1544f01.
990 271 1064 307 pag.
1081 264 1135 298 218
1151 254 1233 307 sqq.]
1288 257 1400 295 Exstat
1423 262 1522 296 etiam
1539 262 1572 295 in
1588 259 1794 309 amphithea-

62 322 114 347 tro
130 312 299 346 Socratico
318 309 473 356 casparis
490 310 673 350 Dor-nauii,
699 319 782 346 tom.
803 311 826 344 I.
843 323 919 359 pag.
937 313 1015 350 680.

165 373 330 415 Διόνυσος.
385 375 470 412 Vide
493 374 597 420 infra,
624 375 845 426 Προσλοιλιοὶ.

165 467 218 491 20.
245 454 305 492 Δὶς
326 450 604 505 κατηγοςέμενος
628 450 645 497 ἢ
666 449 863 505 ‹imm-rigna,
892 456 939 489 bis·
959 454 1145 501 σᾰιιψῑίιιῐ,
1169 453 1235 491 siue
1249 456 1444 502 tribunalia,
1471 457 1556 492 aetio
1574 449 1724 489 aduersus
1738 453 1796 488 Po-

61 506 255 548 lemonem,
282 505 487 550 Dionyfium
506 504 777 548 Heracleensem,
803 506 1023 557 Aristippum,
1050 508 1237 555 Diogenem
1253 509 1441 553 Cynicum,
1470 508 1673 553 Pyrrhonem
1691 514 1722 540 et
1736 505 1796 539 Lu·

61 560 212 596 cinnum,
252 556 342 604 quod
371 556 520 606 pristinas
546 560 629 593 vitae
659 555 733 595 suae
757 561 899 595 rationes
922 555 1133 607 reliquiffent.
1168 569 1249 595 tom.
1267 560 1306 595 11.
1328 572 1403 608 pag.
1421 564 1610 601 211—238.
1639 557 1695 603 [11.
1719 568 1795 606 pag.

61 622 119 655 79¹
133 609 285 654 -836]
340 611 446 644 Vertit
467 611 532 643 Iac.
548 610 713 658 Micyllm.

162 699 207 721 21-
235 685 315 735 Περὶ
339 687 405 724 τῶν
427 681 610 733 Διψοὲὃων,
639 683 859 736 προσλαλιοὶ.
916 688 967 723 De
991 686 1157 734 dipsadum
1178 696 1312 729 natura,
1349 699 1492 735 quorum
1516 687 1596 722 ictus
1620 683 1796 732 inexplebi-

60 735 128 772 lem
151 736 236 772 {itim
261 735 377 773 adfert.
406 749 487 773 tom.
507 739 546 774 ll.
567 749 643 786 pag.
662 742 872 782 481—486.
897 740 972 786 [ΙΙΙ.
992 752 1065 787 pag.
1085 751 1145 782 234
1159 759 1200 765 —-
1213 740 1302 785 240]
1356 742 1462 774 Vertit
1484 739 1675 773 Vincentius
1691 735 1796 781 Olafi)-

55 801 165 836 poem.
217 789 373 838 Effigiem
388 787 530 838 dipsadis
551 803 589 825 ex
607 793 706 826 veteri
728 789 843 827 codice
858 792 931 828 MS.
951 790 1110 826 Nicandri
1132 791 1262 827 exhibet
1276 792 1458 827 Lambecius
1474 790 1530 826 lib.
1547 791 1601 825 VI.
1623 800 1696 837 pag.
1717 798 1793 833 294.

61 851 92 876 et
108 839 263 888 Neffelius
280 852 371 890 parte
390 843 444 877 ΙΙΙ.
470 841 543 891 post
564 854 637 890 pag.
657 848 686 886 8.

164 929 211 952 22.
239 920 433 968 Δςαπέτοιι.
478 920 642 966 Fugittui.
704 916 934 967 Philosophiae
956 918 1087 968 querela
1106 918 1144 955 ad
1172 922 1288 956 Iouem
1314 919 1355 955 de
1378 915 1730 967 pseudophilosophis:
1762 925 1794 951 et

59 965 208 1018 sumptae
221 968 260 1004 de
274 967 423 1018 fugitiuis
442 967 548 1011 seruis,
572 969 628 1005 sub
644 969 813 1018 splendido
830 969 1110 1020 philosophorum
1127 975 1265 1007 nomine
1282 974 1434 1007 homines
1451 969 1697 1017 decipientibus,
1713 979 1791 1016 poe-

60 1033 138 1062 nae,
166 1030 250 1057 tom.
271 1023 307 1056 ll.
332 1034 408 1069 pag.
424 1025 630 1066 592—606.
657 1023 731 1069 [111.
753 1036 825 1071 pag.
841 1024 1053 1068 365—384.]
1106 1026 1210 1059 Vertit
1232 1024 1412 1059 Bilibaldus
1429 1022 1672 1058 Pirklzeimcrm.
1725 1019 1790 1054 Sub

1 1095 10 1098 -
60 1074 191 1107 initium
212 1074 307 1108 huius
334 1073 455 1121 dialogi
479 1076 606 1109 mentio
633 1077 816 1122 Peregrini,
849 1077 905 1124 qui
927 1071 1086 1124 seipsum
1113 1077 1144 1109 in
1169 1075 1320 1111 flammas
1342 1077 1492 1111 coniecit.
1552 1069 1681 1108 Confer
1705 1068 1791 1105 infra

60 1137 108 1162 nr.
125 1127 176 1159 62.
201 1125 326 1160 Fabric.
353 1146 404 1152 —
430 1124 622 1162 Bourdelot.
640 1135 671 1161 et
686 1127 857 1162 Marcilius
881 1125 1047 1167 dubitant,
1075 1127 1161 1161 hunc
1182 1126 1354 1175 dialogum
1377 1124 1441 1161 esse
1463 1125 1616 1166 Luciam,
1647 1121 1701 1159 sed
1726 1123 1791 1157 Kti-

61 1174 144 1211 ssero
159 1176 242 1212 nihil
258 1174 318 1213 effe
335 1179 368 1211 in
383 1176 442 1212 illo
456 1176 629 1225 indignum
643 1176 770 1213 videtur
784 1179 951 1218 Luciam,
971 1176 1038 1213 fiue
1054 1177 1164 1213 stilum
1181 1175 1324 1227 spectes,
1350 1176 1417 1213 fine
1433 1190 1503 1212 rem
1524 1173 1636 1225 ipsam.
1664 1173 1765 1209 Harl.

162 1264 210 1295 23-
235 1250 386 1296 Εἰκᾶνες,
418 1254 594 1302 Imagines,
614 1253 729 1303 quibus
752 1255 931 1290 Pantheam
947 1253 1127 1289 Abradatae
1140 1254 1376 1301 Xenophontei
1391 1255 1523 1301 coniugi
1537 1252 1790 1299 cognominem,

35 1345 38 1347 Α
61 1313 93 1338 et
107 1303 216 1339 Auidii
235 1304 348 1347 cami,
377 1315 410 1340 vt
434 1308 504 1340 viro
527 1304 714 1341 doc‘liffimo
735 1308 785 1341 M.
803 1309 844 1343 V.
865 1305 895 1341 la
912 1303 1015 1341 Crose
1032 1305 1170 1348 videtur,
1196 1319 1334 1341 vxorem
1353 1302 1465 1348 effert,
1491 1306 1623 1351 eiusque
1648 1301 1790 1352 pulchri-

60 1354 205 1391 tudinem
229 1354 379 1405 depingit
399 1370 436 1391 ac
461 1360 592 1394 virtutes
615 1356 795 1407 praedicat:
830 1369 912 1395 torn.
931 1360 970 1394 11.
995 1370 1069 1407 pag.
1087 1359 1220 1394 1—16.
1244 1358 1300 1404 [11.
1321 1369 1398 1406 pag.
1416 1355 1636 1403 459·-·484·]
1687 1353 1790 1388 Vertit

63 1407 253 1444 Vincentius
272 1409 469 1457 Obsopoeus.

164 1487 216 1522 24·
242 1474 352 1527 Ὑπὲρ
365 1477 432 1514 τῶν
448 1473 596 1520 einaim,
622 1475 689 1513 fiue
711 1474 884 1525 superioris
904 1473 1011 1526 scripti
1028 1476 1214 1526 Apologia,
1243 1489 1306 1526 qua
1328 1490 1397 1512 non
1419 1472 1488 1511 satis
1506 1468 1646 1510 laudasse
1663 1468 1694 1506 se
1710 1471 1789 1506 Part-

59 1528 189 1569 theam,
213 1527 337 1563 nedum
357 1527 564 1564 adulatorum
589 1542 683 1565 more
705 1531 814 1564 nimiis
834 1533 990 1565 encomiis
1013 1527 1157 1564 onerasse
1180 1528 1358 1564 contendit.
1387 1539 1470 1563 tom.
1488 1527 1527 1561 ΙΙ.
1549 1537 1621 1573 pag·
1641 1526 1788 1564 16-31-

60 1579 114 1625 [ΙΙ.
131 1591 205 1628 pag.
220 1587 286 1623 484
300 1580 438 1625 ——507.]
491 1584 592 1617 Vertit
616 1581 705 1617 idem
729 1578 933 1630 Obsopoeus,
962 1583 1088 1616 Fabric.
1140 1583 1215 1629 Pag.
1235 1587 1290 1623 48¹
1310 1577 1375 1629 sqq.
1399 1578 1474 1615 edit.
1495 1580 1599 1612 Reitz.
1621 1588 1659 1610 ex
1682 1572 1788 1609 lensio

60 1630 181 1679 longus
205 1631 462 1675 vocabulorum,
487 1647 570 1683 quae
591 1636 624 1668 in
638 1636 783 1669 Luciano
801 1643 999 1676 occurrunt,
1026 1630 1080 1669 sed
1097 1635 1131 1668 in
1145 1634 1190 1668 H.
1206 1634 1360 1682 Stephani
1378 1628 1528 1666 thesauro
1546 1629 1583 1664 L.
1602 1628 1658 1663 Gr.
1672 1623 1789 1660 frustra

60 1692 278 1732 quaeruntur,
304 1684 471 1733 catalogus
487 1686 530 1721 est
553 1682 721 1721 subiec'lus.
750 1685 848 1720 Harl.

161 1761 207 1796 25·
234 1751 314 1801 Περὶ
328 1752 377 1791 ‘ris'
389 1754 541 1798 e’vvmlg,
564 1750 637 1797 ἤτω
653 1752 731 1796 βίος
745 1753 909 1792 Λεκιοιγὲ.
962 1752 1017 1787 De
1032 1751 1176 1790 Somnio,
1191 1751 1262 1800 fine
1275 1752 1342 1786 vita
1359 1749 1504 1784 Laterani.
1557 1747 1695 1787 Narrat,
1722 1741 1792 1786 fibi,

62 1815 164 1852 quum
181 1805 319 1845 iuuenis,
339 1818 357 1838 a
373 1815 463 1852 patre
482 1806 649 1840 statuariae
668 1804 842 1840 destinatus
863 1814 894 1839 et
910 1803 948 1838 ab
967 1802 1132 1838 auunculo
1145 1830 1153 1843 ‚
1168 1816 1198 1849 sa
1215 1815 1281 1851 quo
1297 1811 1398 1837 arteni
1415 1798 1537 1835 discere
1553 1797 1698 1838 debebat,
1726 1795 1792 1843 pla—

63 1858 111 1902 gis
134 1851 191 1888 sub
213 1852 392 1902 auspicium
412 1854 518 1892 {latim
539 1868 690 1903 acceptus
716 1853 810 1897 esset,
836 1855 989 1891 lacrumis
1015 1854 1226 1889 indormienti
1252 1850 1351 1888 visam
1373 1865 1430 1901 per
1451 1849 1618 1885 somnium
1640 1846 1793 1883 acceden-

62 1916 129 1940 tem
155 1903 193 1939 ad
220 1902 250 1940 se
278 1904 460 1941 statuariam
484 1918 514 1942 et
535 1904 692 1946 παιδείαν
720 1907 788 1941 siue
810 1906 1050 1947 eruditionem,
1088 1918 1226 1953 quarum
1249 1915 1403 1952 Vtraque,
1444 1912 1478 1936 vt
1504 1901 1683 1937 Herculem
1707 1898 1790 1934 olim

63 1959 163 1992 virtus
185 1968 222 1990 ac
245 1956 394 2006 voluptas
420 1960 624 2000 inuitauerit,
651 1969 683 1995 vt
706 1958 805 1993 altera
830 1959 944 1993 relidia
968 1955 1024 1991 fibi
1042 1959 1148 2003 potius
1163 1956 1360 1991 adhaereret.
1417 1956 1458 1988 At
1474 1955 1665 1993 Luchmum,
1689 1949 1791 2000 spreta

62 2007 231 2044 statuariae
254 2012 422 2051 ora.·ione‚
453 2009 673 2046 eruditionem
701 2008 877 2050 sefiatum„
912 2017 944 2043 et
965 2008 1011 2042 illi
1035 2007 1188 2056 deinceps
1211 2006 1332 2041 affidue
1354 2003 1538 2041 adhaefiffe.
1570 2014 1648 2039 tom.
1668 2004 1691 2037 l.
1718 2014 1791 2051 pag.

63 2071 132 2095 1—
149 2072 193 2095 12.
222 2060 260 2105 [l.
277 2073 351 2108 pag.
369 2062 512 2107 1—23.]
564 2064 669 2097 Vertit
685 2063 820 2096 Iacobus
838 2060 1000 2108 Micyllus.
1051 2061 1186 2108 Legitur
1204 2068 1235 2094 et
1256 2071 1332 2094 curn
1353 2057 1417 2094 alia
1439 2055 1584 2092 versione
1599 2058 1633 2090 in
1650 2053 1790 2102 dialogis

62 2112 195 2149 Luciani
210 2108 346 2155 seleffls,
362 2112 563 2160 Augustoriti
580 2116 752 2151 Pictonum
769 2112 916 2161 vulgatis,
1343 2112 1350 2124 ⁴

166 2182 217 2214 26.
244 2176 551 2228 Ἐπιγράμμασι,
579 2181 827 2228 Epigrammata
841 2179 970 2215 XXX.
996 2190 1035 2213 ex
1057 2175 1261 2225 Anthologia
1283 2175 1421 2212 colle-eta
1445 2177 1536 2210 variis
1557 2174 1792 2222 interpretibus.

65 2230 106 2266 Et
127 2234 206 2279 ἔρως
228 2225 402 2280 δραπέτης
426 2245 513 2267 omar
528 2233 715 2280 fngttiuur,
742 2233 931 2280 poemation
955 2230 1128 2272 doricum,
1157 2227 1248 2277 qnod
1274 2231 1358 2263 inter
1374 2225 1505 2263 Moschi
1522 2225 1641 2270 idyllia
1663 2225 1792 2272 legitur,

67 2283 104 2317 ab
129 2283 198 2318 aliis
224 2284 378 2318 tributum
402 2285 544 2320 Luciano
568 2296 599 2319 et
627 2284 683 2331 [if]
704 2286 738 2319 in
758 2283 860 2319 Amsl.
877 2281 950 2318 edit.
967 2281 1092 2317 editum
1108 2294 1184 2316 cum
1202 2278 1400 2330 metaphrast
1417 2280 1513 2314 latina
1530 2279 1612 2313 Bon.
1631 2277 1791 2312 Vulcanii.

65 2343 146 2370 ἰοῦ).
162 2335 185 2370 Ῑ-
210 2347 280 2382 pag·
298 2342 499 2381 834—845.
527 2337 622 2383 [tom.
640 2337 695 2372 m.
718 2349 789 2384 pag.
807 2334 1035 2379 674—692.]
1090 2334 1131 2367 111
1152 2331 1355 2368 Bourdeloiii
1385 2331 1526 2367 editione
1558 2330 1621 2364 alia
1649 2330 1793 2363 occurrit

67 2388 186 2421 amoris
202 2384 331 2433 fugitiui
352 2388 564 2435 metaphrasis
579 2393 713 2425 auctore
733 2391 875 2425 incerto,
903 2399 986 2435 quae
1003 2387 1134 2432 incipit:
1160 2385 1356 2420 Perdiderat
1370 2391 1477 2417 natum
1491 2382 1647 2428 genitrix.
1690 2379 1794 2414 Paulo

67 2435 195 2474 liberius
224 2437 373 2487 expreffit
404 2443 503 2477 etiam
523 2441 716 2478 Laurentius
733 2440 917 2486 Gamfflzra,
948 2439 1137 2482 Brixianus,
1173 2439 1319 2486 optime‚
1349 2434 1373 2471 fi
1405 2433 1483 2485 quid
1510 2431 1644 2472 iudico,
1678 2430 1797 2466 Dauid

945 2490 1001 2527 Tt
1024 2501 1043 2533 3
1622 2483 1672 2520 W
1673 2483 1792 2529 ithfor-
