2013 2725
193 160 237 202 98
313 153 389 190 Lib.
405 152 473 190 IV.
487 165 509 188 c.
522 149 570 187 Χ.
730 151 853 188 FLAV.
889 153 1077 190 ARRIANI
1108 152 1355 190 EDITIONES
1693 152 1916 186 vonum-274

297 249 346 283 Ac
373 244 612 282 Praefationem
642 245 776 295 quidem
798 256 830 282 et
857 256 950 282 notas
978 249 1038 282 viri
1065 246 1241 284 doc‘liffimi
1269 245 1390 283 scatere
1419 247 1590 283 inneciiuis
1621 250 1655 283 in
1686 244 1918 287 manendum,

193 300 456 336 Freinshemium
480 308 512 334 et
532 298 612 334 alios
633 301 718 334 viros
742 297 859 334 doctos
881 312 1128 348 quoscumque,
1153 310 1184 335 et
1201 312 1362 348 magnum
1379 299 1521 334 aliorum
1539 310 1745 335 contemtum
1762 311 1799 333 ac
1813 299 1921 333 minu-

196 354 316 386 tiarum
332 349 469 386 viciffim
485 349 742 386 venditationem
765 364 803 385 ac
829 348 1150 400 depraedicationem
1170 351 1289 400 vbique
1309 349 1447 392 referre,
1473 364 1542 386 non
1564 353 1752 394 mirabitur,
1780 351 1834 398 qui
1856 348 1919 383 alia

193 402 284 438 illius
305 400 420 451 scripta
441 401 552 437 similis
576 399 700 437 farinae
724 405 837 437 omnia
860 401 982 439 viderit.
1036 402 1087 438 Ad
1108 402 1231 438 calcem
1257 406 1363 452 operis
1380 400 1489 439 recusa
1506 402 1549 438 est
1564 402 1660 453 ipsius
1677 403 1865 438 exercitatio
1879 398 1920 435 de

193 450 390 502 Pallacopa‚
410 452 476 488 siue
498 450 581 489 fossa
604 466 643 489 ex
659 455 845 503 Euphrate,
870 452 1020 490 aduersus
1037 454 1075 491 Is.
1086 453 1247 490 Vollium.

300 534 460 583 [Eruditas
478 533 650 572 obseruatt.
666 539 699 571 in
715 539 844 571 Arriani
861 536 962 572 libros
979 540 1121 578 criticas,
1149 540 1182 572 in
1204 537 1316 586 quibus
1341 536 1428 573 haud
1454 550 1528 572 raro
1544 538 1736 573 Gronouius
1751 533 1921 576 refellitur.

191 587 316 637 scripsit
341 589 465 624 Petrus
480 589 629 624 Hor-reus
656 590 690 623 in
718 585 896 625 Obseruatt.
930 591 1047 626 criticis
1080 592 1114 625 in
1143 587 1314 639 scriptores
1344 588 1505 639 quosdam
1534 602 1640 638 graec.
1667 588 1834 625 historicos
1861 595 1922 623 etc.

194 638 372 677 Leoward.
392 642 479 684 1736.
496 648 525 681 8.
553 653 628 690 pag.
644 643 830 686 533—561.
893 648 895 652 ·

299 715 441 754 Arriam·
463 716 625 752 Nicomed.
651 715 859 763 expeditionis
884 715 1062 752 Alexandri
1081 718 1155 752 libri
1173 717 1214 752 V
1211 719 1261 752 II.
1292 724 1322 752 et
1344 716 1472 764 historia
1493 717 1607 751 indica.
1633 728 1682 763 gr.
1704 724 1735 750 et
1763 712 1817 751 lat.
1843 725 1922 748 cum

197 768 466 806 annotationibus
494 778 525 804 et
546 767 651 803 indice
677 781 796 816 graeco
823 768 1075 816 locupletissimo
1102 771 1237 816 Georgii
1254 769 1411 814 Raphelii.
1471 767 1640 803 Accedunt
1659 768 1794 812 Eclogae
1810 764 1924 800 Photii

199 819 241 855 ad
267 822 444 855 arrianum
468 822 681 868 pertinentcS,
708 833 785 854 cum
806 820 996 855 ledlionibus
1020 822 1211 856 variantibus
1236 821 1326 855 Dan.
1347 820 1541 866 Hoqsclzelii:
1564 817 1740 855 summaria
1761 817 1923 852 librorum

197 871 346 907 distincta
369 881 400 906 et
423 871 613 906 emendata:
639 869 736 906 index
752 883 861 906 rerum
876 871 1143 916 accuratissimus,
1170 885 1230 908 nec
1248 885 1318 908 non
1340 871 1446 907 tabula
1466 872 1686 921 geographica
1709 867 1923 919 expeditionis

197 921 385 959 Alexandri.
414 922 665 958 Amstelaedami
685 934 770 966 1757.
794 929 824 964 8.

300 996 482 1046 Raphelius
497 1000 564 1032 iam
582 1012 610 1033 a.
628 1011 721 1042 1709.
739 1006 908 1046 parauerat
925 998 1009 1032 hanc
1024 997 1207 1034 admodum
1224 999 1428 1047 probabilem
1446 997 1644 1037 editionem,
1671 1008 1770 1045 quam
1787 993 1924 1030 demum

198 1049 259 1085 diu
282 1049 355 1099 post
379 1047 463 1083 illius
486 1049 614 1084 obitum
636 1052 701 1084 eius
721 1061 839 1097 gener,
867 1048 1010 1083 Conrad.
1030 1049 1169 1084 Arnold.
1185 1049 1332 1092 Schmid‚
1354 1053 1389 1085 in
1413 1051 1522 1086 lucem
1547 1047 1714 1096 protulit)
1746 1044 1925 1094 Raplxeliue

198 1111 311 1137 autem
337 1109 462 1135 textum
486 1101 743 1135 Gronouianum
765 1099 905 1135 reddidit
929 1099 1078 1135 adcurate
1100 1101 1308 1150 castigatum,
1349 1102 1506 1150 capitibus
1536 1103 1570 1135 in
1595 1102 1740 1134 minores
1765 1097 1923 1134 sectiones

197 1151 323 1188 diuisis.
375 1153 413 1187 In
429 1155 513 1187 notis
529 1154 673 1201 potiores
694 1155 755 1188 Iac,
774 1153 935 1187 Gronouii
956 1144 1254 1188 animadueriiones
1275 1155 1401 1188 criticas
1423 1154 1570 1201 repetiit,
1593 1161 1624 1186 et
1647 1149 1832 1186 difficiliora
1849 1148 1924 1184 loca

196 1203 360 1240 historicis
385 1214 482 1252 atque
509 1205 732 1251 grammaticis
759 1204 840 1239 bene
867 1201 1037 1238 illustrauit
1069 1201 1353 1239 obseruationibus.
1422 1203 1515 1238 Idem
1540 1201 1723 1237 versionem
1749 1200 1925 1247 castigauit,

197 1265 230 1291 et
246 1257 279 1290 in
296 1254 413 1290 infima
430 1267 489 1289 ora
503 1265 661 1304 perpetuo
676 1253 829 1289 indicauit
843 1254 917 1290 loca
933 1256 1038 1289 Curtii
1055 1255 1288 1304 comparanda.
1312 1276 1363 1282 ——
1391 1257 1428 1290 ln
1444 1253 1583 1290 Miscell.
1599 1250 1770 1288 obseruatt.
1785 1251 1852 1287 vol.
1868 1252 1925 1287 W.

197 1316 283 1342 tom.
301 1308 343 1342 11.
373 1318 448 1354 pag.
464 1318 665 1350 270—272.
689 1320 715 1341 a.
733 1317 818 1350 1734.
847 1309 911 1341 iam
935 1303 1120 1355 scripserat,
1149 1305 1181 1342 se
1206 1316 1280 1342 ante
1308 1307 1368 1342 hos
1395 1306 1571 1356 plusquam
1591 1306 1650 1339 XX
1671 1317 1774 1339 annos
1795 1305 1926 1339 Arriani

196 1357 301 1394 libros
323 1355 363 1393 de
390 1356 597 1406 expeditione
619 1357 713 1393 Alex.
732 1357 846 1407 praelo
867 1355 1007 1406 parasse,
1040 1357 1213 1393 consilium
1239 1360 1393 1406 exponit,
1427 1368 1458 1393 et
1481 1358 1703 1392 coniecturam
1725 1354 1767 1391 de
1786 1354 1866 1391 loco
1889 1356 1925 1390 in

196 1408 271 1445 hist.
293 1407 401 1443 indica
422 1421 491 1457 cap.
507 1421 548 1452 13.
573 1422 621 1445 nr.
637 1413 666 1445 6.
694 1420 849 1457 corrupto
870 1407 1007 1457 profert.
1060 1409 1155 1445 Idem
1171 1411 1344 1456 Rapbelius
1367 1408 1465 1444 edidit
1489 1407 1667 1457 praeclaras
1689 1408 1926 1442 Annotationes

191 1461 402 1507 philologicos
422 1462 452 1494 in
471 1472 589 1546 porcum
612 1459 827 1506 testamentum
852 1473 891 1496 cx
906 1461 1043 1509 Polybio
1067 1468 1097 1497 et
1119 1464 1258 1498 Arriano
1279 1461 1430 1497 collatas.
1456 1461 1646 1509 Hamburgi
1661 1470 1738 1504 1715.
1753 1465 1784 1500 8.
1811 1457 1924 1508 postea

196 1514 234 1548 in
254 1511 372 1560 Belgio
392 1524 468 1547 recu
486 1537 494 1546 .

303 1585 488 1623 Nouiffima
516 1586 634 1630 editio,
676 1586 725 1624 ex*
742 1587 936 1624 editionibus
959 1588 1165 1626 Trincauell.
1189 1590 1424 1640 stephaniam,
1457 1589 1689 1633 Gronouiana,
1720 1586 1927 1638 Rapheliana’

197 1637 454 1689 quodammodo
477 1643 688 1683 concinnata,
715 1640 758 1676 cst
781 1641 1005 1677 Borhekiana:

303 1707 416 1742 Flauii
433 1705 570 1742 Arriani
585 1707 710 1743 Nicom.
734 1706 859 1752 Opera,
885 1721 1020 1756 graece,
1046 1707 1085 1743 ad
1107 1711 1249 1758 optimas
1265 1706 1425 1744 editiones
1447 1707 1582 1748 collata3
1603 1706 1708 1744 studio
1722 1707 1814 1754 Aug.
1833 1705 1925 1742 Chri.

192 1758 293 1806 fliam'
310 1756 451 1797 Borhek,
477 1760 509 1792 in
532 1761 621 1805 regia
642 1757 817 1805 Duisburg.
843 1758 930 1794 acad.
952 1758 1063 1795 histor.
1086 1770 1117 1795 et
1139 1759 1343 1809 eloquentiae
1365 1762 1398 1794 P.
1414 1762 1446 1795 P.
1462 1762 1503 1795 O.
1524 1759 1588 1795 vol.
1604 1761 1629 1796 Ι.
1658 1760 1833 1806 Εκμιίίίίο
1850 1758 1925 1794 Ale-

200 1811 321 1845 xandri
341 1811 392 1845 M.
427 1811 588 1856 Lemgou.
614 1822 705 1854 1792.
727 1815 756 1850 8.
785 1808 918 1858 lingulis
943 1811 1096 1859 capitibus
1122 1821 1356 1859 argumentum
1379 1810 1422 1845 est
1450 1810 1646 1860 praefixum.
1703 1811 1794 1846 Alter
1814 1819 1924 1845 tomus

200 1859 465 1908 comprehendet
480 1860 608 1903 indica,
630 1861 813 1908 Periplum.,
839 1861 998 1904 Tactica,
1024 1861 1145 1899 indices
1169 1872 1205 1912 et⁸
1219 1864 1371 1899 notitiam
1395 1862 1529 1898 litterar.
1546 1860 1587 1897 de
1602 1860 1792 1899 Alexandro
1811 1863 1925 1912 iisque,

199 1915 256 1963 qui
277 1912 318 1948 de
337 1910 526 1948 Alexandro
543 1912 595 1947 M.
609 1909 811 1961 scripserunt.

305 1996 489 2032 Germanice
510 1993 754 2043 expeditionem
773 1994 948 2032 Alexandri
972 1999 1066 2032 vertit
1085 1995 1235 2032 laudatus
1252 1995 1379 2032 Borbek
1391 2023 1400 2038 ,
1428 1995 1579 2033 Francos.
1596 1995 1635 2033 ad
1650 1997 1766 2034 Moen.
1785 2009 1869 2042 ¹792·
1889 2000 1927 2038 8.¹

201 2048 245 2082 11.
261 2056 341 2082 tom.
369 2046 447 2093 (vid.
466 2049 532 2081 Ien.
558 2046 701 2094 Allgein.
726 2049 927 2083 Litteraturz.
950 2062 977 2084 a.
996 2061 1079 2094 ¹79¹·
1095 2061 1148 2084 20.
1179 2048 1321 2096 Allgem.
1345 2046 1496 2084 deutsche
1520 2048 1600 2084 Bibl.
1622 2048 1688 2084 vol.
1709 2060 1775 2091 103.
1797 2058 1878 2096 part.
1897 2050 1924 2084 Ι.

201 2111 277 2148 pag.
294 2100 376 2144 257.)
403 2107 434 2133 et
452 2108 544 2132 antea
566 2110 641 2132 cum
665 2098 768 2133 indica
786 2099 934 2140 historia,
959 2110 989 2135 et
1005 2103 1089 2135 notis
1107 2099 1260 2135 Gebhard
1271 2100 1449 2147 Chrssoph.
1472 2096 1622 2135 Ludenic.
1644 2100 1810 2140 Timaeus,
1836 2096 1923 2148 Lips.

157 2166 159 2169 ·
201 2160 300 2198 atque
318 2147 449 2185 Erford.
466 2152 552 2193 1765.
571 2155 602 2188 8.
629 2148 690 2184 vid.
705 2151 809 2185 Berol.
826 2150 900 2186 bibl.
916 2148 1049 2186 vniuers.
1069 2151 1135 2186 vol.
1159 2152 1197 2185 11.
1217 2162 1299 2198 part.
1315 2154 1337 2185 1.
1392 2152 1428 2185 ln
1451 2151 1524 2185 bibl.
1541 2153 1722 2186 Thottiana
1740 2152 1796 2186 IV.
1814 2163 1844 2199 p.
1860 2159 1924 2196 351⁹.

202 2204 318 2237 citatur
334 2200 437 2237 versio
452 2199 523 2238 hist.
542 2198 581 2235 de
601 2200 739 2249 expedit.
760 2202 943 2251 Hamburg.
961 2215 1045 2246 ¹710·
1065 2214 1109 2238 12.
1135 2202 1194 2237 nisi
1215 2202 1269 2237 illa
1289 2200 1325 2236 lit
1340 2201 1442 2238 versio
1461 2203 1530 2238 hist.
1546 2201 1670 2239 indicae
1688 2202 1897 2252 Rapheliana.

305 2284 458 2332 Atzglice,
484 2284 607 2322 Rooke,
641 2297 716 2318 cum
741 2286 826 2319 notis
854 2286 990 2326 criticis,
1022 2286 1251 2333 geographicis
1273 2296 1303 2320 et
1322 2285 1496 2328 historicis.
1525 2284 1638 2320 additis
1665 2285 1783 2320 Clerici
1805 2284 1923 2334 disqui-

200 2334 316 2371 fitione
338 2336 377 2371 de
400 2337 533 2377 Curtio,
562 2345 593 2370 et
616 2337 776 2370 Perizonii
798 2334 946 2372 vindiciis
968 2338 1091 2380 Curtii,
1117 2348 1205 2385 1729.
1233 2339 1274 2373 11.
1291 2337 1370 2374 voll.
1398 2345 1428 2378 8.
1466 2336 1530 2373 vid.
1549 2336 1725 2384 Chaufipie'
1742 2336 1794 2374 lib.
1819 2350 1923 2373 mem.

200 2397 270 2424 not.
291 2388 328 2423 C.
345 2388 400 2424 fin.
415 2400 492 2437 pag.
512 2399 591 2434 499.
617 2387 730 2433 Harl]
954 2384 958 2388 ’

1757 2519 1760 2522 ἢ
1802 2472 1921 2516 Gallica
