2013 2725
190 151 256 200 345
357 148 426 186 Lib.
439 145 512 185 IV.
524 159 548 182 c.
559 144 713 185 XVIII.
853 142 1035 181 chlAm
1066 140 1260 180 SCRIPTA
1589 141 1642 168 V⁰¹
1660 141 1709 169 m·
1725 147 1751 176 Ρ·
1762 142 1846 177 499?
1856 146 1915 175 300

192 238 516 298 μρταμορφῶσεως,
549 240 589 278 de
610 241 724 292 quibus
746 238 886 276 Plotius
906 237 984 276 cod.
1000 239 1146 276 CXXIX.
1199 239 1359 275 Meminit
1382 239 1500 274 iterum
1521 236 1595 274 cod.
1614 239 1757 275 CLXIX.
1811 240 1919 275 Imita-

195 310 246 335 tus
266 299 311 335 est
335 298 451 333 latinus
478 294 614 343 scriptor
635 293 809 343 Apuleius,
848 293 901 326 cui
925 289 1063 326 fortassis
1095 291 1170 327 inde
1193 293 1283 326 Lucii
1307 303 1511 340 praenomen
1537 303 1556 325 a
1577 289 1772 340 quibusdam
1797 290 1920 326 datum.

197 348 326 387 Confer
341 348 482 398 Salmafii
495 347 736 397 prolegomena
750 343 790 380 ad
806 342 969 380 Solinum.
994 345 1124 380 Fabric.
1151 363 1200 371 —
1231 343 1390 378 Gesnerm
1414 344 1448 378 in
1469 342 1586 378 limine
1606 353 1761 378 notarum
1784 340 1922 378 adsenti-

199 412 254 439 tur
273 403 412 443 Photio,
438 413 479 435 eo
504 398 691 438 inclinanti,
715 410 733 432 e
755 397 845 431 Lucii
863 393 1017 431 Patrenfis
1041 396 1204 444 ampliore
1232 396 1416 430 narratione
1430 397 1516 430 hanc
1537 395 1723 430 breuiorem
1743 408 1762 430 a
1775 395 1922 429 Luciano

201 455 424 493 contractam,
450 448 605 499 adsperfis
626 450 706 485 hinc
726 447 802 483 inde
825 449 923 490 iocis,
950 448 1064 496 quibus
1087 459 1157 483 non
1179 444 1262 482 serio
1283 446 1339 482 ista
1359 449 1481 482 narrari
1506 445 1706 482 ostenderet:
1731 456 1802 482 tum
1826 442 1926 494 suspi-

202 516 310 547 catur,
338 502 513 553 Apuleium
535 499 708 552 sequutum
726 497 787 536 effe
803 500 967 549 pleniores
989 501 1081 535 Lucii
1095 499 1194 534 libros
1210 512 1286 534 cum
1303 507 1371 533 tota
1393 497 1528 535 illorum
1549 496 1782 548 superstitione.
1835 499 1927 533 Con-

205 568 255 595 tra
282 555 472 595 Wielandus
495 553 536 590 ad
565 551 749 590 versionem
779 549 870 587 suam
896 561 1014 600 negat,
1052 553 1233 586 Lucianum
1257 548 1401 586 furatum
1432 548 1494 587 effe
1515 547 1605 586 suum
1626 548 1749 585 alinum
1772 562 1811 584 ex
1833 549 1928 584 Lucii

203 607 361 646 Patrensis
381 603 499 652 λὸγοις
523 616 554 642 et
579 602 749 641 reddidisse
769 603 973 644 breuiorem,
1006 603 1097 639 nulla
1121 602 1204 638 illius
1225 600 1311 638 faeta
1336 605 1516 639 mentione.
1583 603 1694 637 Immo
1723 613 1801 637 vero
1825 609 1928 650 putat,

206 663 347 697 Lucium
373 672 443 695 non
468 655 634 695 exstitiss'e3
677 667 708 692 et
724 655 947 691 testimonium
976 653 1016 689 de
1037 667 1078 690 eo
1103 654 1190 703 apud
1214 656 1365 690 Photium
1389 668 1407 689 a
1429 654 1549 691 seriore
1569 651 1745 703 scriptore,
1780 654 1835 702 qui
1858 664 1929 702 per-

207 710 321 753 sonae,
346 725 364 746 a
379 712 526 747 Luciano
542 710 648 750 fletae,
671 705 761 743 suam
784 706 965 755 adfignaret
989 704 1154 748 fabulam,
1185 704 1246 741 effe
1268 704 1468 755 profed'ium.
1522 706 1585 741 Alii
1614 704 1748 741 viciffim
1774 703 1931 741 iudicant.

205 761 426 801 wielandum
443 761 568 797 nullam
586 757 728 796 habuisse
744 761 905 796 rationem
920 758 1048 807 Apuleii
1072 759 1214 807 aequalis
1236 755 1567 806 metamorphoseon,
1594 771 1675 807 quae
1695 767 1805 793 tamen
1827 769 1845 792 e
1859 755 1932 791 lon·

209 818 307 866 giore
331 813 478 865 quodam
501 813 585 848 libro
607 810 810 853 romanensi,
843 809 947 860 qualis
972 811 1064 845 Lucii
1087 810 1167 845 liber
1186 810 1374 860 perhibetur
1387 807 1492 851 fuisse,
1526 810 1656 845 haustae
1677 808 1856 845 videantur.
1882 826 1932 834 —-

211 870 326 909 Latine
343 868 437 902 vertit
454 866 612 912 Poggius.
637 862 701 898 vid.
718 864 814 898 huius
830 864 919 912 Opp.
935 860 1026 897 Rafil.
1044 869 1128 906 1538.
1143 859 1202 898 fol.
1223 876 1254 910 p.
1270 869 1336 904 138.
1360 870 1390 897 et
1405 861 1445 897 de
1458 863 1575 910 Poggii
1589 864 1677 910 Opp.
1695 859 1771 897 edit.
1789 859 1886 896 Stollc
1899 861 1935 894 in

211 919 392 956 Nachricht
412 930 478 952 von
497 916 561 951 den
584 917 735 950 Biichern
759 935 809 941 —
837 917 870 949 in
894 912 950 948 der
970 912 1063 949 Stoll.
1084 913 1167 949 Bibl.
1190 913 1256 949 vol.
1273 915 1311 949 11.
1336 925 1411 961 pag.
1431 925 1469 957 43
1485 911 1551 962 sqq.
1580 914 1683 950 Harl.

318 990 364 1024 57.
392 977 472 1027 Περὶ
488 972 697 1025 Ὀςχῆσεωςκ
748 974 806 1009 De
820 975 997 1022 saltatione
1017 974 1149 1020 eiusque
1171 973 1339 1008 virtutibus
1362 986 1399 1008 ac
1420 976 1502 1009 vitiis
1521 983 1553 1009 et
1577 973 1764 1022 praestantia
1786 967 1937 1008 aduersu:

215 1031 395 1066 Cratonem
417 1031 584 1074 cynicum.
617 1036 700 1062 tom.
715 1026 739 1061 1.
768 1038 842 1074 pag.
860 1031 918 1069 783
933 1031 1052 1066 -818·
1082 1025 1135 1070 [Η.
1154 1037 1227 1073 pag.
1243 1025 1450 1071 265—316.]
1501 1028 1605 1061 Vertit
1629 1026 1818 1062 Vincentius
1837 1023 1940 1071 Obso-

208 1093 320 1130 pomr.
380 1080 509 1116 Multos
537 1089 613 1114 ante
640 1076 670 1114 se
697 1076 738 1113 de
750 1079 814 1113 hoc
834 1087 1032 1126 argumento
1057 1073 1225 1125 scripsisse,
1249 1076 1381 1112 testatur
1401 1078 1565 1113 Larianus
1586 1090 1662 1127 pag.
1677 1084 1754 1123 798.
1780 1077 1885 1124 tangit
1904 1073 1939 1110 id

215 1143 345 1184 praeter
359 1134 562 1168 Athenaeum
578 1133 677 1166 etiam
695 1130 887 1165 Plutarchus
903 1130 957 1165 lX.
973 1129 1028 1164 vlt.
1046 1124 1189 1177 sympos.
1243 1130 1270 1164 E
1283 1129 1511 1165 recentioribus
1529 1131 1571 1166 P.
1587 1132 1690 1166 Faber
1703 1129 1756 1165 lib.
1771 1129 1793 1164 1.
1812 1141 1880 1177 cap.
1895 1138 1942 1165 ιη.

218 1183 373 1234 Agoniss.
408 1183 569 1234 Maeurfius
584 1184 626 1218 11.
644 1195 689 1218 12.
713 1179 807 1217 Misc.
831 1182 954 1216 Lacon.
986 1189 1016 1215 et
1036 1182 1070 1215 in
1091 1180 1265 1216 Orchestra
1286 1190 1368 1216 tom.
1385 1183 1473 1217 Vlll.
1506 1180 1646 1217 thesauri
1674 1184 1773 1230 antiq.
1797 1191 1942 1229 graecar-

219 1238 349 1273 Fabi-ic.
400 1238 460 1270 Vir
484 1233 620 1283 quidam
642 1233 776 1273 dodlus,
801 1235 855 1281 qui
877 1235 910 1267 in
933 1233 1060 1282 ephem.
1081 1230 1213 1267 litterar.
1229 1230 1432 1280 Gottingens.
1455 1247 1484 1268 a.
1505 1245 1594 1279 1790.
1615 1234 1703 1282 plag.
1719 1244 1785 1276 174.
1812 1230 1853 1267 de
1874 1243 1943 1266 ver·

220 1287 314 1326 fione
334 1286 569 1323 Wielandiana
591 1284 687 1321 iudex
706 1282 803 1325 sedit,
834 1284 972 1333 abnegat
996 1285 1140 1319 Luciano
1161 1284 1281 1319 librum
1305 1284 1402 1319 illum
1428 1283 1469 1320 de
1490 1282 1678 1327 saltatione3
1716 1282 1826 1320 saltem
1847 1283 1944 1319 habet

221 1339 320 1376 istum
346 1351 405 1386 pro
427 1341 534 1373 ieiuna
554 1338 867 1385 mythologicorum
888 1348 950 1385 pro
973 1333 1122 1372 saltatore
1145 1338 1281 1373 mimico
1298 1347 1572 1385 argumentorum
1588 1335 1856 1376 nomenclatura,
1883 1337 1944 1370 Lu·

221 1392 307 1427 ciani
328 1392 463 1438 ingenio
485 1390 595 1423 minus
617 1398 701 1438 apta.
728 1388 827 1424 Harl.

322 1458 372 1497 58.
399 1449 589 1485 Palinurus.
614 1447 776 1497 Dialogus
793 1446 935 1483 Palinuri
951 1449 1164 1484 etCharontis
1176 1446 1400 1484 de'nautarum
1417 1450 1492 1491 vita,
1505 1461 1604 1498 quam
1618 1446 1800 1491 Palinurus,
1816 1449 1946 1483 Aeneae

222 1513 332 1547 nauta,
359 1499 528 1543 miseram,
556 1501 692 1535 Charon
718 1500 788 1535 aliis
813 1498 997 1535 feliciorem
1018 1498 1081 1536 esse
1108 1497 1257 1549 disputat.
1316 1501 1428 1536 Latine
1452 1504 1592 1536 occurrit
1615 1511 1698 1539 tom.
1713 1503 1752 1535 11.
1775 1513 1852 1549 pag.
1867 1500 1968 1542 846.«

224 1558 324 1606 [tom.
337 1556 392 1590 111.
411 1566 485 1603 pag.
503 1555 564 1598 693
580 1549 665 1600 sqq]
693 1550 732 1587 ad
757 1551 996 1594 imitationem,
1022 1561 1055 1587 vt
1078 1551 1220 1595 videtur,
1244 1553 1398 1597 Luciani,
1424 1566 1442 1588 a
1463 1550 1572 1589 nescio
1596 1566 1680 1602 quo,
1707 1551 1921 1600 compositus.

329 1627 379 1662 59.
406 1613 484 1663 neg}
504 1614 713 1664 mnemia-a.
747 1609 819 1657 ἤτοι
846 1608 897 1650 ’ὅτι
921 1613 1029 1663 τέχνη
1057 1611 1076 1656 ἦ
1099 1609 1335 1663 παρασιτικὴ,
1369 1615 1493 1648 ironica
1516 1613 1584 1648 laus
1605 1614 1688 1648 artis
1702 1613 1891 1662 parasiticae
1912 1613 1946 1646 in

227 1667 364 1716 dialogo
393 1665 578 1712 Tychiadis
607 1678 685 1700 cum
715 1665 852 1700 Simone
872 1664 1024 1712 parasito.
1060 1674 1141 1699 tom.
1157 1667 1196 1699 11.
1229 1677 1302 1712 pag.
1320 1670 1526 1709 239—269.
1560 1665 1617 1710 [11.
1640 1677 1715 1713 pag.
1731 1663 1946 1709 836—883.]

227 1722 333 1756 Vertit
349 1719 539 1754 Vincentius
556 1717 751 1764 Obsopoeus.
802 1718 934 1764 Legitur
950 1718 1003 1751 hic
1017 1716 1098 1751 liber
1119 1729 1235 1765 graece
1254 1726 1283 1751 et
1297 1717 1395 1752 latine
1411 1719 1509 1751 etiam
1526 1719 1558 1750 in
1573 1716 1669 1764 Casp.
1683 1715 1851 1752 Damania·
1868 1718 1948 1751 Am·

225 1773 410 1823 phitheatro
431 1767 600 1818 sapientiae
620 1766 796 1804 socraticae
823 1778 906 1804 tom.
923 1770 960 1803 11.
977 1780 1053 1817 pag.
1070 1779 1130 1811 ¹13·

330 1835 386 1868 60.
412 1825 583 1880 Πατρίδος
603 1824 786 1876 ἐγκώμιον,
814 1828 882 1863 laus
903 1830 1044 1875 patriae,
1071 1837 1154 1863 tom.
1171 1829 1211 1862 II.
1234 1839 1309 1877 pag.
1328 1833 1523 1871 477—481.
1550 1826 1621 1872 [111.
1639 1838 1713 1873 pag.
1729 1827 1946 1875 229-234]

225 1885 329 1920 Vertit
346 1884 534 1921 Vincentius
551 1882 746 1928 Oquopoeus.
772 1882 899 1916 Fabric.
925 1900 976 1907 —
1005 1881 1146 1914 Huctiur
1168 1883 1200 1914 in
1221 1891 1330 1928 praep.
1351 1878 1496 1927 euangel.
1517 1875 1650 1928 propos.
1665 1880 1723 1916 lv.
1739 1892 1782 1926 5¹·
1804 1892 1876 1929 pag.
1893 1892 1947 1927 94.

228 1935 408 1978 existimat,
433 1936 521 1969 hunc
542 1932 715 1982 dialogum
737 1930 799 1968 esse
819 1934 963 1968 Luciano
986 1935 1215 1981 antiquiorem.
1244 1931 1346 1966 Harl.

324 2000 370 2033 61.
398 1994 477 2045 Περὶ
498 1995 648 2036 πένθες,
675 1995 713 2028 de
736 1993 839 2034 Ιιιέἵιι,
863 1994 883 2030 i.
898 2005 924 2028 e.
949 1990 990 2027 de
1010 2005 1070 2035 eo,
1102 1990 1191 2040 quod
1214 2001 1364 2026 mortuos
1390 1992 1496 2037 inepte
1519 1988 1634 2037 vulgus
1658 1986 1869 2039 prosequatur
1888 1992 1947 2026 irn-

228 2045 346 2085 menso
369 2046 478 2087 luein,
505 2044 650 2095 pretiosis
680 2042 852 2093 exsequiis,
882 2042 986 2088 ludis,
1020 2047 1129 2080 coenis
1155 2057 1191 2079 ac
1213 2045 1450 2079 monumentis.
1484 2052 1567 2077 tom.
1585 2043 1624 2077 u.
1645 2054 1721 2091 pag.
1738 2054 1947 2088 299-307,

229 2100 287 2147 [11.
305 2112 378 2148 pag.
395 2109 458 2141 922
472 2118 516 2123 -—
528 2098 618 2142 934]
669 2099 775 2132 Vertit
796 2097 963 2131 Erasmus.

331 2154 411 2203 Περὶ
434 2150 479 2190 ri}
502 2150 549 2199 μή
568 2147 688 2200 ῥαδίως
708 2149 852 2192 πιςεῦειν
877 2148 1039 2197 ὃιαβολῇ.
1092 2148 1176 2186 Vide
1194 2148 1288 2200 supra
1311 2153 1344 2185 in
1361 2146 1537 2199 Διαβολή,
1559 2148 1617 2194 [ff]

333 2216 386 2250 62.
413 2212 493 2261 Περὶ
508 2213 571 2254 τῆς
585 2213 766 2260 Περεγρίνε
781 2213 955 2254 τελευτῆς.
1012 2211 1067 2245 De
1084 2218 1186 2246 morte
1201 2212 1386 2256 Peregrini,
1413 2211 1521 2253 cynici
1539 2206 1737 2255 philosophi,
1757 2211 1881 2245 Pariani
1894 2224 1946 2247 ex.

230 2265 423 2308 Chrissiam',
448 2266 503 2313 qui
519 2260 613 2298 senex
626 2261 780 2312 seipsum
798 2263 870 2311 post
886 2263 1046 2312 Olympia
1061 2261 1220 2298 celebrata
1240 2278 1267 2299 a.
1285 2264 1364 2298 Chr.
1380 2264 1448 2307 169.
1464 2262 1499 2308 ⁸)
1523 2260 1575 2295 die
1602 2263 1644 2296 16.
1661 2262 1734 2297 Iulii
1756 2264 1791 2297 in
1809 2264 1946 2312 Arpina,

1863 2328 1946 2363 quae

273 2390 306 2420 z)
330 2387 362 2434 A.
379 2385 412 2415 C.
428 2387 487 2419 165.
510 2383 540 2413 id
555 2382 664 2413 faelum
681 2381 753 2432 effe,
776 2388 859 2413 notat
880 2383 923 2413 M.
942 2381 980 2412 du
994 2380 1064 2414 soul
1086 2391 1151 2424 pag.
1167 2385 1229 2419 356.
1252 2381 1381 2424 indeque
1397 2382 1607 2419 ratiocinatur,
1635 2382 1796 2414 Luciauum
1811 2381 1946 2427 scripfiffe

229 2430 308 2462 hunc
329 2428 396 2460 libr.
413 2435 480 2459 ante
495 2428 529 2458 1..
543 2437 591 2461 au,
605 2433 718 2458 aetatis.
737 2425 834 2458 Harl.
