2049 2720
663 144 926 190 PLVTARCHI
959 145 1209 182 EDITIONES
1317 146 1389 185 Lib.
1401 149 1472 187 IV.
1485 162 1509 185 c.
1522 150 1633 188 XIII.
1736 162 1791 189 221

67 244 284 295 inscriptionis
302 243 420 280 Αἰτίων
437 238 457 276 s.
475 241 592 279 Αἲτιῶν
609 238 741 290 copiose
755 240 916 290 docleque
942 239 1126 288 disputans,
1154 238 1277 284 censet,
1303 247 1482 291 genuinam
1506 243 1673 294 opusculi,
1698 254 1729 281 et
1750 246 1789 280 ab

63 298 134 350 ipso
158 296 330 334 Plutarcho
356 291 539 341 profectam
566 290 810 341 inscriptionem
831 292 925 329 fuisse
946 290 1065 331 Αἶτιῶν
1088 292 1277 341 Ῥωμαὶκῶν
1304 304 1336 330 et
1357 294 1553 340 Ἑλληνικῶν
1576 295 1599 334 s.
1614 295 1788 340 Ἑλλήνων.

64 353 150 388 Libri
175 361 302 394 autern,
330 348 446 384 Αἰτιῶν
467 345 561 380 titulo
586 343 750 394 inscripti,
784 347 992 381 continebant
1017 346 1220 393 quaestiones
1250 345 1408 383 miscellas
1432 358 1463 382 et
1486 348 1788 397 disputatiunculas.

64 404 174 440 velex
198 416 259 437 vna
285 399 393 447 aliqua
417 396 602 445 disciplina,
631 398 680 433 vel
703 411 743 433 ex
768 401 858 433 vario
880 398 1058 433 litterarum
1082 411 1200 446 genere
1224 402 1390 447 repetitas,
1425 400 1519 435 nullo
1544 411 1653 436 tamen
1677 402 1791 434 artiori

66 468 150 492 nexu
173 465 204 489 et
225 452 429 497 systematico
454 449 569 485 ordine
594 450 770 486 deuinctus.
823 451 921 498 Atqui
945 447 1055 484 forsan
1074 451 1264 486 Plutarchus
1287 451 1404 490 αἰτίας
1424 451 1492 487 illas
1507 452 1559 488 vel
1576 464 1711 492 ornnes,
1738 450 1791 486 vel

65 517 147 549 tres,
172 500 394 547 Ἑλληνικάς,
421 499 668 552 Βαρβαξικαὲς,
697 504 795 550 (quae
809 502 996 550 perierunt‚)
1013 512 1044 536 et
1061 500 1271 551 Ῥωμαὶκοίς,
1299 505 1366 539 hoc
1388 502 1503 539 ordine
1525 502 1664 552 positas,
1691 516 1789 551 gene-

63 559 126 594 rali
141 557 233 592 titulo
249 556 366 595 Αἰτιῶν
388 554 598 601 complexus,
626 553 779 602 lingum,
802 565 972 603 tamquam
987 554 1131 602 partibus
1149 559 1245 589 totius
1271 559 1398 604 operis,
1425 556 1579 603 peculiari
1601 552 1660 590 suo
1682 557 1791 589 nomi·

64 623 125 651 ne,
152 610 242 657 qnod
266 606 368 643 hodie
389 603 507 641 seruari
528 615 559 641 et
582 604 673 641 scribi
696 604 796 648 solet,
822 606 987 642 distinctis.
1042 605 1231 642 Plutarchus
1254 610 1390 641 enimin
1408 606 1574 642 Parallelis
1589 619 1640 654 gr.
1658 616 1689 641 et
1704 619 1790 641 rom.

64 663 150 710 Opp.
170 671 251 697 tom.
269 661 340 694 Vll.
358 671 431 707 pag.
449 668 510 702 25¹.
527 656 566 692 de
584 657 758 693 Phalaridis
776 669 870 694 tauro
898 656 1068 698 disserens,
1095 655 1199 694 subdit
1219 657 1262 696 ὦς
1283 662 1312 697 ἐν
1337 655 1477 708 δευτέρῳ
1503 658 1632 697 Αἰτιῶν.
1686 658 1789 706 Operi

63 711 181 748 deinde
194 712 328 760 aliquis,
355 713 532 756 (recentior
546 707 657 744 forsan
672 712 930 757 grammaticus)
951 708 1147 758 praemisisse
1172 710 1297 746 videtur
1320 709 1532 759 conspectum
1557 709 1700 757 aliquem
1725 708 1789 744 siue

60 762 307 813 segmentorum
337 762 542 810 singulorum
567 772 778 809 argumenta3
805 761 912 797 addita
934 760 1164 811 inscriptione,
1192 760 1402 810 Κεφαλοιὲων
1424 759 1670 812 καταγραφὴ,
1700 762 1734 795 h.
1760 773 1788 796 e.

53 817 182 865 summa
203 828 310 850 rerum
332 817 453 859 capita,
477 812 543 848 fiue
565 816 658 848 index
679 816 837 859 capitum,
863 816 967 848 limais
991 818 1092 848 totius
1114 817 1215 859 operis·
1230 827 1294 860 per
1309 816 1413 861 capita
1428 816 1638 848 adumbratio.
1693 810 1789 846 Vnde

57 866 155 907 facile
169 867 221 903 alii
238 869 271 901 in
286 864 500 915 suspicionem
520 864 635 900 adduci
653 876 848 914 potuerunt,
873 866 904 900 id
919 863 1011 902 fuisse
1027 866 1190 913 peculiare
1208 868 1371 901 Plutarchi
1387 863 1601 915 opusculum3
1628 864 1683 899 alii
1701 876 1788 911 prae-

61 920 202 956 fixerunt
219 921 329 968 operi,
358 930 435 953 vero
451 918 569 955 Αἰτιῶν
584 917 678 952 titulo
694 916 831 960 omiss'o,
859 916 1105 967 inscriptionem
1122 916 1332 966 Κεφαλοάων
1347 918 1606 967 καταγραφῆς.
1658 913 1722 951 Sed
1743 912 1788 949 sa-

61 974 100 1007 tis
119 970 159 1006 de
172 973 239 1012 his,
265 981 297 1005 et
314 969 407 1018 plura
422 968 495 1004 vide
509 969 595 1016 apud
613 968 824 1005 NVernsdorf.
838 972 894 1018 qui
913 984 930 1004 a
944 982 1019 1018 pag.
1034 981 1066 1012 15
1077 982 1186 1014 -49,
1203 980 1264 1004 tres
1279 973 1404 1018 priores
1420 970 1623 1018 quaestiones
1644 978 1788 1016 graecas,

59 1036 178 1071 graece
192 1031 223 1058 et
237 1020 336 1057 latine
354 1034 393 1056 ex
408 1019 482 1055 edit.
498 1021 670 1055 Reitkiana
687 1020 792 1062 dedit,
819 1019 1026 1071 singulasque
1043 1021 1210 1056 vberrimis
1225 1020 1486 1056 adnotationibus
1508 1017 1529 1055 s.
1544 1019 1650 1055 doctis
1675 1029 1789 1054 excut-

60 1074 145 1111 sibus
167 1072 323 1123 explicuit
345 1083 441 1121 atque
464 1070 646 1107 illustrauit.
842 1092 844 1094 -

161 1155 216 1187 70.
234 1154 280 1186 7¹·
308 1140 362 1174 De
375 1139 519 1185 ftrtzm'n
536 1140 753 1173 Romanorum
767 1146 798 1173 et
814 1139 1009 1178 Alexandri,
1035 1148 1066 1174 et
1082 1138 1119 1174 de
1135 1139 1372 1186 tranquillitate
1387 1140 1495 1178 animi,
1511 1147 1542 1174 et
1557 1137 1655 1187 Baſsl.
1672 1137 1790 1184 Magn.

61 1191 103 1230 de
127 1195 192 1228 vira
216 1190 367 1227 solitaria.
420 1192 553 1224 Budaeo
569 1192 761 1237 interprete,
790 1190 877 1239 apud
903 1190 1088 1225 Oliuerium
1106 1192 1243 1233 Senam⁷
1272 1204 1310 1225 ex
1335 1189 1467 1225 aedibus
1486 1187 1696 1225 Ascenfianis.
1730 1190 1788 1222 Pa-

61 1243 111 1282 risa
130 1255 213 1292 1505.
236 1255 265 1287 4.
300 1239 390 1277 conf.
407 1243 581 1276 Maittaire
598 1243 634 1276 A.
652 1242 699 1276 T.
718 1242 755 1276 ll.
779 1254 856 1291 pag.
873 1254 939 1286 172.
964 1255 1040 1276 cum
1061 1250 1149 1278 nota.
1175 1261 1224 1268 —-
1252 1242 1306 1276 De
1319 1242 1409 1288 fort.
1428 1242 1564 1279 Roman.
1590 1241 1708 1281 latine,
1741 1241 1788 1272 in·

62 1294 273 1346 terpr.'Guil.
290 1295 438 1335 Budaeo,
469 1296 503 1328 in
523 1291 642 1328 Budaei
666 1295 754 1342 Opp.
789 1293 884 1329 Bafil.
909 1305 989 1338 1557.
1015 1291 1075 1329 fol.
1112 1303 1197 1328 tom.
1216 1295 1241 1328 Ι.
1269 1306 1344 1341 pag.
1360 1296 1425 1334 486
1440 1291 1510 1341 sqq.
1550 1313 1601 1319 —
1645 1292 1682 1325 de
1696 1291 1788 1335 fort.

14 1376 17 1377 γ
61 1348 159 1384 Alex.
175 1348 224 1382 M.
241 1346 312 1381 libri
331 1347 369 1380 Π.
385 1358 433 1393 gr.
455 1355 485 1380 et
506 1344 561 1382 lat.
585 1358 662 1380 cum
677 1347 817 1380 Arriano
840 1344 927 1395 apud
954 1347 1060 1382 Henr.
1080 1347 1230 1394 Stephan.
1249 1356 1330 1390 1575.
1351 1342 1412 1381 fol.
1438 1364 1488 1371 -—
1514 1343 1632 1390 latine,
1655 1344 1789 1390 interpr.

61 1401 214 1441 Budaeo,
243 1401 277 1433 in
294 1400 361 1433 eius
377 1399 465 1446 Opp.
481 1407 562 1432 tom.
579 1399 603 1433 Ι.
625 1409 700 1445 pag.
715 1409 783 1442 494
798 1396 864 1447 sqq.

160 1479 208 1512 73.
238 1462 443 1514 Πλετσὶςχε
468 1485 520 1491 -
546 1465 714 1499 Plutarchi
735 1465 772 1499 de
791 1465 869 1512 Iside
891 1472 920 1500 et
942 1465 1064 1515 Ofiride
1085 1465 1161 1500 liber
1171 1477 1181 1498 .·
1207 1477 1323 1513 graece
1345 1473 1376 1499 et
1399 1463 1537 1512 anglice.
1592 1462 1714 1495 Graeca
1738 1470 1786 1493 re-

61 1516 201 1561 censuit,
228 1516 433 1558 emendauit,
460 1518 702 1551 commentario
718 1518 825 1559 auxit,
853 1516 1035 1552 versionem
1055 1529 1179 1552 nouam
1198 1516 1406 1564 anglicanam
1423 1515 1540 1550 adiecit
1558 1512 1681 1546 Smnuel
1697 1511 1786 1556 Squi-

60 1584 116 1614 rc,
143 1572 182 1606 A.
196 1570 245 1605 M.
261 1567 517 1604 Archidiaconus
531 1567 763 1603 Bathonienfis.
815 1566 935 1604 Acceffi
951 1568 1129 1613 Xylandri,
1155 1570 1302 1608 Baxteri,
1328 1568 1476 1607 Bentleii,
1504 1563 1692 1600 Marklandi
1711 1574 1787 1596 con-

61 1624 203 1660 iecturae
232 1618 268 1656 'et
298 1617 551 1656 emendationes.
588 1621 835 1668 Cantabrigiae,
870 1623 956 1669 typis
983 1618 1187 1656 academicis,
1223 1622 1258 1654 in
1282 1619 1370 1654 calce
1390 1617 1546 1654 versionis
1567 1614 1688 1662 anglic.
1729 1614 1786 1659 By

61 1677 92 1711 I.
108 1674 282 1716 Βεηΐήανη,
310 1674 432 1708 Printer
445 1682 479 1707 to
496 1674 551 1707 the
567 1671 763 1717 Vniuersity.
791 1673 951 1707 NLDCC.
962 1673 1079 1707 XLIV.
1105 1672 1227 1716 (1744.)
1255 1674 1329 1706 mai.
1348 1678 1378 1711 8.
1433 1670 1553 1705 Critica
1570 1675 1601 1701 et
1625 1663 1727 1701 nitida
1741 1663 1787 1698 est

62 1726 172 1763 editio.
223 1726 371 1760 Textum
389 1737 436 1772 gr.
459 1723 591 1772 quidem
607 1722 694 1759 dedit
712 1723 751 1758 ad
766 1722 842 1759 edit.
860 1721 1063 1759 Francofurt.
1091 1720 1145 1758 sed
1168 1737 1207 1758 ex
1227 1722 1313 1758 editt.
1331 1721 1469 1764 Aldina,
1496 1730 1528 1755 et
1550 1728 1683 1766 vtraque
1705 1714 1787 1750 Basi-

61 1777 164 1818 liensi,
191 1779 347 1823 variisque
363 1775 570 1817 lectionibus,
597 1789 687 1824 quas,
701 1789 741 1811 ex
756 1785 828 1810 mst.
847 1778 966 1810 Patauii
982 1775 1063 1811 olim
1081 1784 1257 1822 excerptam
1276 1773 1315 1809 ad
1334 1774 1458 1808 calcem
1477 1771 1629 1807 editionis
1649 1766 1721 1803 suae
1737 1779 1786 1802 re·

62 1828 169 1880 posuit
183 1826 369 1873 Xylander,
395 1829 474 1862 item
492 1826 532 1863 de
551 1829 738 1863 coniectura
753 1826 912 1873 Xylandri
931 1826 1138 1875 aliorumque
1158 1840 1197 1861 ex
1221 1824 1344 1873 suoque
1363 1827 1498 1873 ingenio
1527 1820 1620 1869 saepe
1635 1821 1786 1859 mutauit,

62 1879 187 1929 saepius
204 1889 312 1914 autem
329 1891 452 1914 nouam
466 1877 542 1914 fecit
559 1881 868 1928 interpunctionem.
903 1908 906 1911 .
922 1878 1152 1914 correctiones
1167 1879 1310 1913 Baxteri
1331 1891 1370 1912 ex
1393 1880 1459 1911 eius
1484 1872 1633 1909 versione
1648 1869 1786 1917 anglic„

63 1934 152 1968 cuius
168 1929 247 1965 calci
262 1928 452 1970 adhaerent,
472 1930 622 1972 Bentleii,
643 1943 688 1965 vex
704 1944 761 1966 ora
774 1928 927 1977 exempli⁷
953 1933 1005 1965 cui
1021 1929 1094 1964 illae
1109 1940 1199 1964 erant
1215 1926 1405 1975 adscriptae,
1427 1922 1595 1973 decerpsit,
1617 1920 1792 1958 Marklan-

62 1984 95 2020 di
110 1994 219 2018 autem
237 1991 329 2016 notas
345 1983 469 2028 accepit
484 1981 523 2015 ab
539 1981 596 2016 illo
612 1979 691 2029 ipso.
745 1982 838 2016 Vtilis
856 1993 991 2030 quoque
1008 1980 1087 2015 liber
1104 1979 1164 2015 est:
1192 1981 1239 2014 Io.
1257 1980 1403 2014 Salomon
1417 1977 1548 2012 Semlers
1562 1974 1783 2020 Erleuterung

63 2035 120 2072 der
135 2031 347 2083 egyptischen
364 2032 588 2067 Alterthiirner
604 2031 707 2067 durch
725 2030 968 2080 Uebersetzuag
989 2031 1046 2066 der
1061 2029 1183 2066 Schrift
1200 2031 1372 2065 Plutarchi·
1393 2042 1454 2065 von
1478 2030 1533 2063 der
1553 2027 1614 2075 Isis
1633 2026 1698 2060 und
1716 2026 1785 2059 clem

63 2087 185 2135 Osiris,
210 2083 278 2120 und
293 2083 350 2119 der
365 2085 547 2119 Nachricht
564 2097 630 2119 von
645 2086 799 2133 Egypten
813 2097 869 2119 aus
883 2082 1051 2120 Herodots
1068 2092 1236 2129 zweytem
1257 2083 1344 2118 ssuch
1355 2110 1364 2126 ,
1392 2083 1453 2118 rnit
1474 2075 1697 2128 beygefi'igten
1718 2079 1784 2112 An-

63 2139 282 2186 merkungen.
306 2135 445 2171 Breslau.
467 2143 556 2181 1748.
583 2137 659 2172 mai,
677 2143 710 2176 8.

165 2217 218 2250 ῃ.
244 2204 324 2255 Περὶ
346 2203 393 2243 vs}
406 2208 444 2242 Et
460 2214 520 2240 etc.
536 2207 630 2240 vertit
645 2217 721 2240 eum
739 2205 862 2240 Erotic.
877 2202 933 2238 lat.
956 2203 1140 2246 Ferreum,
1165 2200 1269 2251 Lugd.
1287 2213 1369 2248 1557.
1394 2197 1480 2249 apud
1499 2197 1664 2234 Tornaes.
1681 2205 1710 2238 4.
1731 2212 1782 2220 —

65 2259 144 2294 item
170 2257 273 2292 Iouch.
289 2257 451 2292 Camerar.
478 2254 601 2305 Lipsiae
618 2259 703 2303 1576.
727 2262 758 2298 8.
782 2255 845 2292 vid.
859 2270 909 2291 nr.
927 2258 981 2300 76.

80 2363 83 2367 A
165 2327 217 2368 76.
245 2324 300 2369 De
315 2325 510 2360 oraculorum
527 2324 650 2371 defean
662 2326 739 2359 liber
751 2325 789 2359 ab
807 2324 955 2360 Adriano
981 2323 1124 2360 Turnebo
1143 2323 1299 2360 latinitate
1322 2321 1461 2358 donatus
1483 2326 1513 2353 et
1534 2313 1688 2349 adnotate.
1713 2312 1780 2360 qui-

63 2374 198 2411 busdam
222 2375 402 2410 illustratus.
430 2374 525 2412 Paris.
548 2376 633 2424 apud
650 2374 878 2412 vascosanum.
905 2377 988 2422 1556.
1012 2387 1042 2419 4.
1064 2387 1094 2412 et
1117 2379 1150 2411 in
1171 2377 1310 2410 Turnetn'
1332 2378 1418 2422 Opp.
1441 2381 1523 2404 tom.
1545 2367 1583 2400 11.
1610 2376 1659 2398 nr.
1676 2365 1779 2399 VlllI.

67 2436 160 2476 atque
182 2440 254 2468 cum
283 2430 459 2476 prooemiO
486 2428 589 2464 Joach.
611 2429 785 2465 camerarii
804 2438 835 2465 et
858 2430 944 2463 notis
966 2441 1028 2462 vna
1051 2442 1128 2465 cum
1150 2426 1298 2464 versione
1319 2426 1374 2462 lat.
1391 2418 1560 2459 Plutarchi
1580 2415 1722 2502 duorunti
1744 2418 1783 2447 de

922 2480 978 2515 Ee
1004 2491 1022 2523 3
1659 2480 1699 2504 nn
1717 2478 1778 2503 ura
