2013 2725
217 172 283 215 '430
336 159 653 203 Lib.JV.c.XIX,
705 158 1003 196 SINGVLORVM
1036 157 1272 195 LIBRORVM
1309 156 1485 203 GALENI,

217 274 294 312 pag.
311 273 375 303 312.
402 262 435 294 in
455 257 529 295 edit.
546 257 709 292 Cliarterii
729 265 809 290 tom.
828 255 912 289 XIII.
936 267 966 302 p.
985 257 1062 297 640.
1091 256 1124 288 in
1141 250 1277 303 septima
1295 254 1462 289 luntarurti
1479 251 1563 290 clais.
1579 254 1619 291 V.
1635 252 1697 292 fol.
1714 267 1790 301 209.
1827 254 1932 291 Com—²

218 309 427 365 prehendisse
450 310 574 345 videtur
598 309 659 343 lios
683 307 783 342 libros
805 303 861 341 sub
886 306 975 341 libris
997 305 1037 340 de
1062 306 1325 345 medicamentis,
1360 319 1442 353 quos
1466 309 1542 340 citat
1569 319 1637 354 cap.
1654 317 1705 350 39.
1733 317 1791 341 art.
1811 307 1932 342 medic.

222 367 419 400 Continetur
440 364 474 398 in
491 364 529 396 iis
546 370 577 395 et
591 357 713 397 modus
734 360 1010 407 pharmacorum,
1038 368 1248 393 externorum
1268 357 1460 392 morborum
1482 358 1704 392 curandorum
1722 356 1788 392 vsui
1801 371 1934 393 accom-

221 415 458 455 modatorum,
491 409 809 462 praepa-aridorum,
849 420 879 444 et
903 406 969 457 ipsa
990 421 1103 443 eorum
1129 408 1445 444 medicamentorum
1469 419 1537 444 tam
1557 411 1769 458 propriorum
1791 408 1934 452 Galerio,

222 478 290 503 tam
311 468 350 501 ab
375 466 443 501 aliis
469 467 666 512 petitorum,
694 459 915 512 copiofiffima
937 463 1106 496 enarratio.
1133 480 1174 487 -
1211 461 1337 495 Codices
1355 464 1463 507 graeci
1484 458 1555 496 sunt
1579 462 1611 494 in
1635 460 1709 496 bibl.
1731 460 1818 509 publ.
1840 456 1933 495 Paris.

220 533 271 555 nr.
291 517 516 553 MMCLVIII.
531 516 728 551 MMCLVI.
782 513 869 548 Libri
888 509 942 547 sex
965 510 1035 546 sunt
1059 515 1092 547 in
1114 511 1262 546 biblioth.
1279 513 1429 547 Medma.
1484 515 1519 547 In
1536 511 1611 546 bibl.
1630 511 1755 547 Veneta
1771 513 1813 547 D.
1828 512 1936 547 Marci

221 569 298 607 cod.
314 569 533 604 CCLXXXV.
561 565 601 601 de
625 562 866 614 compositione
888 562 1143 599 medicaminum
1166 576 1222 611 per
1242 575 1382 610 genera,
1407 563 1462 598 lib.
1482 565 1555 598 vii.
1582 575 1728 611 quorum
1751 562 1936 610 postremue

219 621 356 658 mutilus
382 620 437 656 est.
489 617 553 653 vid.
580 618 719 665 catalog.
747 630 822 666 pag.
844 627 908 659 ¹37-
949 635 999 642 —-
1039 616 1150 649 Latine
1185 612 1291 663 scripti
1324 615 1448 650 exstant
1475 619 1508 650 in
1535 614 1680 649 biblioth.
1709 614 1796 663 publ.
1825 613 1936 661 Paris.

225 687 278 711 nr.
298 670 771 709 MMMMMMDCCCLXV,
802 688 850 695 —
886 665 1077 702 Prodieruiit
1102 667 1217 707 latina,
1254 667 1303 701 lo.
1319 665 1515 702 Guintlierio
1537 668 1731 714 interprete.
1764 678 1843 701 cuin
1868 666 1938 702 libr.

223 724 266 762 de
294 721 468 773 composit.
497 720 769 756 medicameiitor.
793 717 970 756 seeundum
997 718 1061 753 loc.
1093 715 1185 753 Paris.
1211 730 1297 764 1530.
1319 715 1380 756 fol.
1416 738 1466 745 -
1499 718 1616 753 Giilem'
1636 717 1675 752 de
1697 715 1939 767 compositione

222 776 543 814 medicamentorum
568 770 669 811 κατοὶ
691 773 769 818 ’γένη
797 771 851 806 lib.
867 773 938 804 VII.
961 783 1019 816 per
1034 771 1084 804 Io.
1103 770 1307 804 Gulntcrimn
1323 771 1481 805 latinitate
1499 768 1620 804 donati.
1674 768 1784 804 Eiusd.
1799 768 1840 804 de
1857 780 1942 816 pon·

221 828 352 864 deribus
377 838 407 862 et
431 823 590 860 mensuris
613 823 694 859 liber
720 824 826 858 Andr.
846 821 973 856 Alciato
995 824 1126 869 interpr.
1161 820 1251 856 Basti.
1275 833 1358 865 ¹530·
1382 818 1444 856 fol.
1462 823 1481 842 ¹³
1533 820 1605 855 Alia
1628 818 1729 856 editio
1753 817 1844 855 Parii]
1865 830 1942 865 1535.

221 879 286 917 fol.
315 899 362 906 —-
389 878 573 924 Recognita
591 874 709 921 legitur
733 873 916 909 Guintlierii
934 871 1036 907 versio
1057 875 1088 906 in
1107 870 1192 906 editt.
1207 884 1348 919 operum
1364 873 1479 906 Gzileni
1494 872 1599 907 latinis
1614 872 1653 906 ab
1672 870 1855 917 Augustino
1873 871 1941 905 Ga-

222 931 364 966 daldivw.
398 948 449 956 -—
484 928 663 961 Fulmen
689 924 769 960 liber
800 923 840 959 de
870 922 1114 958 introducendis
1136 935 1330 970 graecorum
1362 922 1630 957 medicaminibus
1660 924 1940 958 commentarium

223 981 315 1031 quali
331 979 406 1015 fecit
429 981 462 1013 iii
481 977 552 1013 libr.
572 979 597 1013 1.
625 974 665 1010 de
680 973 854 1022 composit.
871 974 1139 1009 medicaiiientor.
1156 971 1335 1008 secundum
1350 986 1481 1020 genera.
1534 972 1660 1008 Prodiit
1675 974 1700 1008 is
1715 972 1798 1008 liber
1813 975 1941 1009 Bonon.

225 1045 305 1078 1553·
329 1029 388 1067 fol,
407 1033 426 1053 ’²‘
453 1049 500 1055 -—-
529 1028 628 1063 Conr.
648 1028 813 1062 Gesnerns
834 1025 1070 1074 compendium
1094 1026 1193 1059 etiam
1216 1037 1254 1059 ex
1276 1026 1322 1059 his
1346 1025 1432 1059 libris
1459 1021 1666 1072 composuit,
1696 1024 1942 1072 particularibus

223 1082 347 1122 oniiffis
370 1080 627 1117 medicamentis.
653 1097 703 1106 --
732 1079 769 1112 lii
791 1076 865 1113 libr.
883 1078 939 1112 III.
968 1075 1008 1111 de
1032 1077 1061 1112 la
1082 1074 1305 1123 composition
1327 1075 1381 1111 des
1403 1074 1639 1111 medicaments
1659 1089 1700 1111 en
1721 1077 1854 1124 general
1875 1078 1941 1125 epi-

227 1148 318 1172 tome
340 1132 440 1169 exstat
462 1136 558 1166 Mart.
575 1131 740 1177 Gregorii.
765 1127 868 1176 Lugd.
894 1140 967 1171 1552.
987 1140 1030 1163 12.
1058 1147 1108 1153 --
1135 1125 1402 1175 Coinpofitiones
1429 1128 1555 1175 aliquot
1576 1139 1615 1161 ex
1639 1127 1755 1163 Galeni
1779 1129 1889 1176 primo
1910 1137 1943 1164 et

226 1191 342 1236 quinto
352 1185 508 1231 Catageni
528 1177 644 1225 (κριτοὶ
660 1182 767 1225 γένη),
783 1192 864 1228 quae
880 1192 967 1213 nunc
981 1179 1019 1212 ab
1031 1181 1232 1214 aromatariis
1250 1180 1282 1212 in
1299 1175 1354 1213 vsu
1370 1178 1538 1226 habemur,
1551 1176 1713 1228 prodiere,
1728 1192 1806 1217 cum
1815 1179 1943 1215 Mesua:

227 1238 381 1290 operibus
403 1234 544 1284 saepiuS,
572 1247 601 1268 v.
614 1245 647 1282 g.
667 1230 795 1276 incdit.
813 1233 930 1267 Vener.
954 1229 1041 1280 apud
1059 1233 1177 1267 luntas.
1203 1241 1290 1278 1549.
1308 1227 1369 1267 fol.
1386 1230 1404 1251 *

332 1342 379 1386 56.
407 1338 667 1389 Θεραπευτικῆς
689 1332 818 1386 μεθὲὃε
842 1334 977 1379 βιβλία
993 1330 1045 1373 ιδ’.
1097 1333 1245 1370 Methodi
1264 1333 1401 1369 medendi
1421 1335 1494 1369 libri
1510 1334 1623 1370 XIV.
1681 1334 1814 1371 Exstant
1830 1337 1865 1370 in
1891 1334 1946 1371 Al.

229 1393 305 1431 dina
328 1403 407 1442 part.
424 1394 478 1427 lv.
502 1389 562 1425 fol.
578 1403 601 1424 i.
631 1394 663 1423 in
688 1402 805 1435 graeca
832 1387 924 1422 Bafil.
945 1397 1026 1435 part.
1044 1388 1099 1421 IV.
1127 1399 1201 1434 pag.
1219 1399 1242 1420 i.
1270 1389 1305 1420 in
1327 1386 1399 1420 edit.
1422 1387 1584 1420 Clizirterii
1609 1397 1688 1420 tom.
1706 1389 1744 1423 Χ.
1768 1399 1842 1435 pag.
1859 1400 1881 1421 ι.
1911 1389 1945 1422 in

229 1444 365 1493 septima
383 1445 551 1477 luntnrum
570 1438 654 1476 class
674 1443 744 1474 VII.
761 1437 819 1474 fol.
838 1451 866 1475 2.
922 1436 1034 1473 Refert
1049 1437 1088 1472 de
1104 1439 1151 1471 his
1170 1438 1268 1477 libris,
1292 1451 1311 1471 a
1334 1435 1364 1471 se
1384 1434 1518 1485 scriptis,
1533 1437 1676 1472 Galenus
1691 1441 1721 1472 iii
1736 1447 1804 1473 arte
1820 1437 1946 1474 medica

230 1503 301 1546 cap.
321 1509 368 1539 37.
396 1504 426 1529 et
447 1494 486 1529 de
508 1493 578 1528 libr.
593 1503 706 1540 propr.
722 1504 793 1539 cap.
811 1502 842 1533 4.
895 1491 984 1524 citat
1004 1492 1038 1523 in
1061 1491 1096 1522 iis
1115 1488 1214 1523 libros
1236 1487 1275 1522 de
1297 1492 1577 1535 temperamentis,
1601 1488 1641 1523 de
1662 1487 1858 1538 simplicium
1881 1502 1948 1526 me-

230 1549 494 1584 dicamentorum
519 1542 744 1583 facultatibus,
782 1541 824 1577 de
855 1539 1098 1588 compositione
1128 1538 1466 1582 medicamentorum,
1504 1538 1544 1575 de
1574 1540 1741 1576 elementis
1761 1539 1947 1577 secundum

231 1601 491 1647 Hippocratem,
514 1595 554 1631 de
571 1595 649 1630 locis
661 1592 815 1633 adfetstis,
843 1601 945 1627 artem
964 1590 1126 1626 medicam
1138 1619 1145 1631 ,
1170 1590 1209 1625 de
1226 1588 1414 1626 dssfferentiis
1429 1589 1588 1633 febrium,
1615 1592 1656 1627 de
1672 1590 1802 1629 sanitate
1817 1591 1948 1636 tuenda,

232 1650 274 1685 de
294 1648 445 1689 ensibus,
470 1646 511 1682 de
533 1645 692 1694 pulfibuS,
718 1645 759 1680 de
782 1645 994 1692 Hippocratis
1016 1652 1046 1677 et
1067 1643 1208 1677 Platonis
1228 1641 1384 1684 decretis,
1417 1641 1458 1677 de
1483 1656 1666 1685 marasino,
1691 1642 1731 1680 de
1751 1644 1947 1681 naturalibus

232 1700 447 1740 facultatibus.
502 1699 564 1732 Sex
584 1699 708 1746 priores
728 1695 771 1731 ad
794 1697 967 1730 Heronem
990 1691 1098 1742 scripti
1119 1690 1211 1735 sunt,
1238 1707 1303 1741 quo
1324 1704 1459 1728 iiiortuo
1477 1695 1592 1743 reliqui
1613 1693 1719 1743 scripti
1739 1694 1812 1731 sunt
1830 1695 1870 1731 ad
1885 1699 1949 1732 Eu·

233 1755 423 1802 genianum.
477 1747 608 1796 Scripfit
628 1750 688 1783 hos
712 1746 810 1781 libros
833 1744 873 1780 ad
898 1744 1187 1791 dogmaucoruin,
1218 1741 1289 1786 seu,
1321 1757 1420 1792 quain
1444 1756 1557 1786 vocat,
1583 1747 1793 1795 Hippocratis
1814 1747 1949 1784 medici.
2012 1754 2013 1761 ¹

233 1817 332 1842 nam,
361 1814 418 1850 per
438 1799 644 1836 methodicos
654 1807 888 1835 .couteintam‚
919 1795 1160 1831 restituendam.
1221 1794 1275 1830 Est
1297 1808 1381 1844 opus
1403 1797 1519 1832 Galerii
1543 1799 1606 1831 iam
1631 1795 1730 1840 senis,
1765 1800 1799 1833 in
1824 1812 1890 1847 quo
1916 1808 1949 1835 et
2012 1802 2013 1816 ¹

234 1856 396 1906 plurimos
419 1850 493 1888 suos
514 1851 615 1886 libros
636 1852 722 1884 citat.
777 1851 805 1884 Is
824 1848 905 1883 liber
925 1849 1062 1882 maximi
1087 1846 1270 1882 aestimatus
1289 1846 1334 1883 est
1357 1846 1396 1881 ab
1420 1847 1573 1883 omnibus
1590 1849 1707 1883 Galeni
1729 1847 1949 1894 seoatonbus,
2012 1853 2013 1865 ¹

235 1917 266 1943 et
289 1905 357 1941 fere
381 1907 415 1939 in
437 1902 550 1939 eadem
574 1900 728 1950 dignitate
750 1901 894 1941 habitus,
937 1912 1036 1946 quam
1058 1911 1108 1932 ars
1129 1896 1265 1933 medica.
1329 1897 1455 1933 Codices
1472 1901 1580 1943 graeci·
1601 1896 1675 1935 sunt
1699 1902 1734 1936 in
1755 1900 1829 1936 bibl.
1859 1902 1948 1949 publ.
2011 1885 2013 1894 Ι

235 1958 344 2004 pam-s,
367 1968 417 1991 nr.
435 1955 612 1991 MMch.
630 1950 1112 1988 MMCCLX11.MMCLXX1.
1140 1951 1174 1984 in
1193 1948 1267 1984 bibl.
1282 1948 1322 1984 D.
1337 1951 1444 1984 Marci
1461 1950 1598 1989 Veneta,
1624 1950 1700 1988 cod.
1717 1953 1950 1990 CCLxxxiv.
2010 1946 2011 1989 ζ

235 2008 342 2056 (catal,
362 2019 436 2056 pag,
455 2007 535 2051 137,)
588 2006 625 2039 In
641 2003 792 2038 Medma.
819 1999 955 2036 Baudini
974 2001 1030 2036 111.
1050 2013 1124 2049 pag.
1143 2011 1187 2045 53.
1239 1999 1372 2035 Codicis
1392 2003 1544 2037 meminit
1564 2003 1795 2048 Mazucclielli,
1820 2018 1859 2040 ex
1882 2019 1949 2055 quo

235 2060 348 2111 perfici
371 2056 481 2106 possit,
522 2055 611 2104 quod
633 2054 742 2090 deerat
763 2057 797 2088 iri
821 2051 968 2088 versione
989 2050 1238 2099 Biirguiidi'onis.
1305 2053 1399 2087 Liber
1421 2054 1530 2087 tertius
1555 2053 1654 2090 exstat
1676 2052 1762 2090 solus
1783 2067 1893 2102 graece
1915 2061 1948 2092 in

235 2113 313 2149 bibl.
327 2109 413 2157 publ.
433 2108 535 2155 Paris
550 2120 598 2142 nr.
608 2105 884 2142 MMCCXXXII.
912 2104 998 2139 Libri
1015 2113 1154 2151 quatuor
1169 2101 1240 2137 sunt
1257 2105 1290 2137 in
1303 2102 1376 2138 bibl.
1391 2103 1480 2151 publ.
1492 2104 1602 2151 Paris]
1615 2118 1665 2140 nr.
1676 2107 1952 2144 MMCCXXXIL

237 2165 275 2199 In
297 2162 443 2197 biblioth.
465 2161 507 2195 G.
525 2158 632 2194 Laudi
656 2155 728 2192 sunt
757 2168 890 2190 omnes:
930 2155 1036 2190 Catal.
1059 2155 1156 2192 MSS.
1180 2153 1277 2201 Angl.
1298 2167 1347 2189 nr.
1361 2158 1437 2198 706.
1462 2175 1514 2182 -
1541 2154 1679 2191 Codices
1703 2158 1798 2192 latini
1822 2157 1893 2200 sunt
1917 2163 1952 2196 in

236 2214 385 2251 biblioth.
410 2211 550 2256 Norfogk
573 2222 619 2242 ns.
634 2220 649 2250 3
654 2219 725 2251 443,
760 2210 794 2242 {fl
818 2206 963 2242 biblioth,
992 2205 1058 2241 Coi.
1076 2206 1206 2242 Gonuil.
1227 2217 1277 2241 nr.
1291 2208 1368 2250 946.
1386 2218 1463 2251 947.
1499 2208 1532 2241 in
1555 2207 1702 2244 biblioth.
1724 2208 1814 2257 publ.
1837 2210 1952 2259 Paris.

238 2279 287 2301 nr.
307 2260 777 2301 MMMMMMDCCCLXV.
829 2258 916 2292 Libri
930 2270 960 2301 7.
976 2265 1005 2299 8.
1019 2269 1051 2302 9.
1067 2270 1114 2292 10.
1132 2268 1172 2291 ιι.
1189 2268 1230 2292 12.
1247 2267 1288 2298 13.
1304 2269 1349 2303 14·
1372 2268 1403 2293 et
1420 2269 1490 2305 pars
1503 2261 1551 2294 16.
1571 2258 1615 2293 est
1632 2259 1730 2295 latine
1750 2263 1784 2296 in
1802 2261 1949 2299 biblioth.

239 2318 309 2354 Coi.
324 2314 458 2351 Gonuil.
481 2326 527 2347 nr.
546 2323 620 2356 947.
674 2311 758 2345 Libri
776 2311 822 2344 16.
846 2321 918 2357 pars
939 2308 994 2343 issa
1017 2321 1056 2343 ex
1075 2307 1161 2343 libris
1184 2306 1223 2342 de
1245 2307 1405 2344 methodo
1429 2307 1581 2344 medendi
1605 2310 1644 2345 ad
1665 2310 1867 2349 Glauconem
1889 2311 1952 2350 effe

239 2368 376 2404 videtur.
428 2365 617 2410 Megategni
634 2360 750 2398 Galeni
770 2359 874 2395 codex
895 2359 939 2394 est
963 2362 995 2394 in
1016 2359 1091 2394 bibl.
1110 2360 1305 2408 Merionenfi
1319 2372 1368 2394 nr.
1384 2364 1455 2403 685.
1481 2362 1700 2407 Megateclmes
1713 2363 1829 2400 Galerii
1844 2365 1952 2402 codex

240 2419 285 2456 est
305 2422 341 2454 in
362 2417 452 2453 libris
475 2415 584 2452 carot.
605 2414 738 2460 Tieyer.
791 2411 876 2447 Cod.
898 2411 972 2446 Brit.
999 2423 1050 2446 nr.
1067 2414 1168 2456 6605.
1200 2419 1233 2446 et
1256 2413 1290 2447 in
1315 2409 1391 2448 bibl.
1413 2413 1482 2458 Caii.
1496 2412 1631 2450 Gonuil.
1651 2427 1699 2450 nr.
1714 2426 1783 2463 955.
1839 2415 1950 2453 Flores

1828 2466 1954 2520 septem
