2013 2725
145 91 212 127 734
263 74 597 115 mannum.
800 71 992 108 semem
1020 71 1182 106 LissANn
1209 39 1352 106 EmTA
1396 73 1400 76 ’

251 175 301 215 le,
325 177 379 217 19)
403 172 546 208 Latona,
573 171 630 208 20)
652 163 768 206 Gallo,
804 169 860 207 21)
882 163 999 199 Paridis
1021 175 1135 213 raptu,
1175 168 1230 206 ω)
1261 166 1377 200 Danao
1397 176 1429 201 et
1464 168 1636 214 Aegypto,
1673 172 1727 210 23)
1753 170 1856 204 Icario

253 230 310 268 24)
334 225 475 260 Arione,
503 225 555 264 25)
584 218 793 261 Hyficmthoa
825 219 956 259 25-27)
984 216 1137 264 Alpheo,
1166 223 1215 256 28-
1237 220 1294 261 29)
1323 218 1494 257 Deianira,
1522 229 1571 259 30.
1588 222 1640 261 31)
1669 219 1741 253 Pitv
1766 221 1801 253 in
1825 222 1873 267 pi.

257 289 339 313 num
362 282 502 311 mutata,
527 280 572 311 32.
591 274 644 312 33)
666 266 830 309 Atalanta,
855 278 906 310 34.
923 271 976 310 35)
998 266 1038 302 de
1060 268 1196 316 Cepheo
1217 277 1249 302 et
1271 264 1397 303 Perseo.
1424 270 1481 310 36)
1507 270 1638 305 Rheno.
1662 255 1727 313 37).
1750 268 1874 305 Aloidis

257 337 289 363 et
309 326 430 364 abiete,
457 326 514 364 38)
535 323 663 369 Enipeo
684 328 716 354 et
740 322 796 364 39)
819 319 943 354 Dana'e'.

160 397 251 433 Hinc
271 394 449 442 p.'84-¹¹5·
468 384 676 437 'Enoeedccaec
688 384 754 420 siue
767 384 1004 431 Descriptiones
1009 385 1151 431 septem,
1187 385 1215 429 ι)
1240 383 1460 435 πανηγύρεως
1482 383 1544 420 diei
1567 384 1659 428 festi,
1687 389 1722 429 2)
1741 382 1876 436 rvxm'e

260 441 374 491 templi
404 442 585 484 Fortunae,
612 442 646 480 3)
673 435 824 476 Palladis,
848 440 885 480 4)
914 438 1114 476 Promethei,
1138 440 1171 481 5)
1199 437 1338 472 Eteoclis
1370 446 1400 472 et
1427 435 1610 481 Polynicis,
1637 441 1677 479 6)
1705 437 1880 473 Alexandri

264 497 311 534 τέ
332 496 452 533 urica,
485 492 541 540 qui
566 490 679 525 vrbem
706 485 933 523 Alexandriam
955 486 1112 523 condidit.
1169 493 1208 532 7)
1231 486 1458 524 Calendarum.
1497 485 1565 534 [3²5-
1585 486 1655 527 nis
1675 483 1878 528 Καλάνὸας,

263 546 379 583 Reiske
395 556 417 579 1.
436 556 486 578 nr.
501 554 534 587 9.
565 553 639 590 pag.
658 538 742 584 256]
1670 535 1671 538 ¹

162 617 314 664 Denique
332 625 363 661 p.
380 620 542 654 342-397.
595 602 880 654 progymnasmata
890 601 1019 653 septem,
1073 607 1104 648 ι)
1127 605 1225 639 Chria
1243 606 1276 639 in
1291 603 1412 641 dietum
1428 605 1664 655 Theophrasti,
1692 609 1758 656 qui,
1784 608 1882 642 inter-

265 674 419 712 rogatu3‚
440 659 518 711 quid
531 655 607 694 esset
627 669 742 697 arnor,
760 654 934 715 ‘respondit
955 654 1075 694 πάθος
1097 655 1221 703 ψυχῆς
1245 653 1470 702 σχολαζέσης
1492 661 1589 693 animi
1603 659 1732 693 otiantis
1748 664 1884 705 pertur-

266 717 362 752 batio.
388 717 423 754 2)
452 713 631 747 Sententia:
665 705 711 747 35
733 704 768 752 dn
790 703 999 756 χρημάτων,
1031 710 1174 755 pecuniis
1203 721 1286 756 opus
1313 707 1375 749 est,
1402 722 1509 758 neque
1534 708 1602 744 sme
1632 712 1668 744 iis
1695 712 1883 759 quicquam,

267 764 357 818 quod
379 763 467 801 fac'lo
488 774 570 810 opus
588 759 653 802 est,
680 760 791 807 perfici
812 758 926 806 potest.
953 763 985 802 3)
1005 756 1188 799 Refutatio,
1215 772 1284 793 non
1306 757 1368 793 esse
1382 759 1594 801 verosimilia,
1620 773 1701 809 quae
1718 760 1758 796 de
1777 762 1885 799 Aiace,

270 821 391 857 Locro,
414 814 572 850 dicuntur.
601 815 637 854 4)
654 812 893 850 Confirmatio,
919 808 1097 844 verisimilia
1116 807 1187 845 effe.
1215 813 1249 855 5)
1265 810 1383 849 Θέσις,
1404 824 1446 844 an
1459 814 1557 845 muris
1573 810 1635 846 sint
1649 811 1739 846 vrbes
1754 813 1886 859 cingen-

269 870 341 905 dae.
394 869 432 909 6)
454 878 495 901 an
516 865 590 899 naui
615 861 645 897 se
664 863 871 897 committere
893 862 1044 895 homines
1065 859 1209 895 debeant.
1236 864 1274 903 7)
1300 863 1520 911 Κατηγορία,
1546 860 1760 912 expostulatio
1786 864 1820 897 in
1842 861 1888 898 le.

272 933 368 969 gem,
391 918 557 952 iubentem
580 912 719 949 fratrum
744 923 858 947 vxores
879 914 912 946 in
931 913 1179 947 matrimonium
1202 911 1330 948 ducere.

171 989 317 1039 [Libanii
339 984 629 1021 declamationem:
656 976 810 1018 Κωλῦεσι
825 976 1006 1028 Σωκράτην
1025 981 1054 1015 ἕν
1070 979 1120 1029 τῷ
1138 973 1349 1030 δεσμωτηρίῳ
1367 974 1608 1026 &achivae-9011,
1635 976 1692 1024 »ῳᾷ
1712 977 1888 1025 ἀντιλέγει

275 1053 341 1080 τις,
364 1038 508 1071 Socrates
522 1035 555 1067 in
570 1031 705 1068 vinculis
715 1031 850 1080 positu-3
871 1042 908 1064 ue
923 1042 989 1065 cum
1006 1031 1069 1064 vllo
1086 1031 1296 1077 colloquatur,
1314 1031 1513 1076 prohibetur,
1534 1032 1662 1077 quidam
1679 1043 1753 1067 vero
1768 1038 1890 1066 :ontra-

276 1091 352 1126 dicit
364 1116 374 1130 ,
401 1086 541 1123 Anatim
558 1084 634 1120 loco
651 1080 735 1117 infra
753 1081 881 1129 prolato
895 1081 1067 1122 indicauit,
1093 1079 1249 1129 superesse
1262 1083 1295 1116 in
1311 1080 1383 1117 cod.
1399 1083 1583 1118 Barberino.
1632 1083 1677 1117 Ea
1696 1095 1828 1132 quoque
1844 1080 1891 1116 est

275 1146 310 1177 in
332 1137 408 1177 cod.
432 1137 565 1172 Matrit.
587 1136 679 1182 regio
699 1134 858 1169 XLVHII.
880 1131 1060 1179 fol.175.V.
1078 1134 1194 1169 lriart.
1214 1132 1304 1167 catal.
1329 1146 1402 1180 pag.
1421 1135 1490 1172 166,
1515 1135 1573 1169 cel.
1594 1143 1702 1169 autem
1721 1134 1892 1168 Morellius·
1952 1122 1954 1124 V
1994 1123 1996 1125 ‚

276 1207 296 1228 e
315 1189 390 1228 cod.
413 1190 583 1224 Marciano
597 1188 726 1220 Veneto
749 1185 898 1219 DXXIV.
920 1182 996 1219 saec.
1018 1182 1091 1220 XV.
1119 1193 1247 1219 exarato
1265 1185 1388 1232 primus
1409 1197 1523 1233 graece
1544 1184 1643 1220 edidit
1667 1195 1776 1225 textu,
1801 1183 1894 1232 saepe

278 1239 412 1281 vitioso,
437 1252 501 1288 ope
522 1237 596 1273 cod.
619 1238 782 1272 Barberin.
805 1234 881 1271 saec.
898 1237 952 1272 XI.
975 1237 1111 1276 exarati,
1138 1237 1227 1271 cuius
1253 1237 1350 1269 varias
1372 1234 1528 1271 lediiones
1549 1237 1642 1271 Bern-
1667 1238 1894 1285 Stephanopu-

279 1296 329 1332 lus
348 1290 491 1331 miserat,
520 1288 720 1329 emaculato,
745 1287 842 1321 latine
866 1290 959 1322 vertit
984 1285 1179 1335 eruditisque
1196 1285 1344 1322 instruxit
1357 1289 1444 1323 notis
1459 1289 1491 1322 in
1505 1287 1668 1336 praeclara
1688 1289 1788 1323 trium
1811 1299 1894 1336 opu-

278 1343 443 1380 sculorum
468 1340 683 1380 colledlione,
710 1335 875 1386 inscripta:

179 1413 331 1461 Aristidis
347 1410 450 1445 oratio
465 1406 619 1453 adumsus
636 1406 818 1450 Leptiuem‚
842 1404 971 1438 Libanii
986 1403 1167 1438 declamatio
1178 1415 1239 1448 pro
1257 1404 1402 1445 socrate,
1430 1403 1618 1450 Aristoxeni
1633 1403 1896 1452 Rbytlzmicorum

280 1466 500 1500 elementorum
512 1460 715 1505 fragmenta.
769 1458 818 1490 Ex
840 1454 915 1490 bibl,
943 1457 1066 1489 Veneta
1089 1456 1129 1489 D.
1146 1455 1251 1489 Marci
1272 1468 1359 1489 nunc
1381 1457 1524 1503 primum
1546 1453 1611 1490 edit
1631 1457 1695 1490 Iac.
1717 1443 1896 1497 morellius,

283 1514 426 1552 eiusdem
449 1510 522 1546 bibl.
550 1508 667 1544 cullas.
699 1509 851 1544 Venetiis.
872 1513 955 1549 1785.
974 1513 1003 1546 8.
1022 1509 1250 1554 pag.190-265
1275 1526 1327 1532 —
1354 1509 1543 1555 Fragmenta
1566 1509 1720 1542 orationis
1739 1500 1901 1556 quaedam

283 1565 391 1602 intulit
414 1563 575 1597 Macarius
597 1559 863 1606 Clzrysocephulus
882 1560 916 1593 in
940 1570 1039 1606 opus,
1066 1560 1116 1593 cui
1132 1557 1240 1592 titulus
1253 1554 1422 1598 Ῥοὸωνιοέ,
1449 1569 1571 1594 iustum
1587 1559 1619 1592 in
1637 1558 1710 1593 cod.
1725 1559 1897 1593 Marciano

283 1616 473 1654 CCCCLu.
498 1627 536 1648 ex
559 1624 626 1660 quo
653 1611 706 1645 illa
726 1610 850 1658 aliaque
878 1609 1051 1644 Libaniana
1082 1608 1289 1655 Villozsonius
1321 1611 1353 1643 in
1379 1609 1546 1644 anecdotis
1576 1621 1625 1656 gr.
1647 1619 1730 1644 torn.
1746 1611 1785 1646 11.
1806 1624 1837 1659 p.
1854 1621 1897 1651 ¹3·

284 1669 328 1757 sccll.
346 1667 483 1752 prptultiit-
505 1674 648 1749 qpoguiti
671 1661 793 1702 multa,
820 1673 922 1709 eaque
946 1658 1096 1695 nondum
1115 1669 1208 1694 antea
1231 1659 1400 1708 euulgata,
1429 1663 1557 1710 repetiit
1584 1661 1711 1695 Reiskia
1738 1662 1773 1696 in
1796 1657 1898 1710 praef.

284 1736 301 1757 a
350 1730 370 1754 t.
405 1745 412 1752 .
434 1731 450 1752 e
477 1725 507 1750 it.
555 1728 562 1748 ι
587 1726 661 1748 ann.

184 1789 330 1829 Reiskia,
356 1783 504 1820 foemina
518 1776 799 1830 praestantissima,
824 1787 904 1813 orat.
918 1774 1133 1812 defensoriam
1151 1775 1337 1815 cuiusdam,
1364 1778 1420 1825 qui
1444 1775 1545 1812 filiam
1567 1790 1629 1826 pro
1652 1779 1736 1813 vrbis
1760 1779 1833 1812 fuae
1855 1774 1900 1812 sa-

285 1834 528 1875 lmefocciderat
540 1860 550 1874 ‚
577 1845 594 1866 e
609 1829 682 1865 cod.
701 1830 774 1863 Bau.
791 1833 930 1878 primam
953 1827 1063 1869 edidit,
1090 1830 1151 1870 (vti
1167 1830 1230 1862 iam
1247 1827 1352 1863 dicere
1367 1841 1420 1862 me
1434 1830 1602 1870 memini,)
1619 1827 1700 1878 Lips.
1718 1834 1896 1873 1775.8.--

284 1887 409 1926 Eadem
428 1885 555 1920 Libaizii
570 1880 723 1931 quasdam
740 1879 987 1916 declamationes
1007 1889 1103 1928 atque
1125 1871 1292 1928 epistolas,
1317 1881 1350 1912 in
1366 1876 1548 1914 sermonem
1565 1882 1789 1928 germanicum
1804 1891 1902 1916 trans-

287 1941 360 1976 tulit
385 1937 548 1985 ediditque
564 1937 597 1969 in
612 1932 722 1968 libello
734 1960 744 1974 ,
774 1944 841 1967 zur
858 1932 973 1966 Mor-al
989 1928 1163 1979 inscripto,
1193 1928 1316 1979 Lipsiae
1332 1938 1417 1974 1782.
1434 1936 1463 1970 8.
1485 1944 1519 1979 p.
1536 1942 1585 1976 93.
1600 1930 1666 1980 sqq.

189 2021 224 2055 {n
249 2016 418 2054 Aitmdulii
446 2010 608 2047 anecdotis
630 2008 804 2050 litterariis,
831 2021 871 2044 ex
892 2009 996 2043 msstis
1021 2005 1115 2042 codd.
1140 2008 1236 2041 erutis
1254 2007 1380 2041 Romae
1399 2005 1465 2041 vol.
1482 2010 1505 2042 Ι.
1520 2020 1592 2055 pag.
1609 2019 1632 2042 1.
1648 2005 1735 2055 seqq.
1751 2003 1796 2042 est
1817 2004 1903 2055 frag-

287 2078 436 2104 mentum
457 2063 651 2099 anecdotum
674 2072 754 2095 orat.
778 2061 898 2095 Libanii
921 2058 960 2094 ad
989 2060 1211 2093 Antiocheuos
1233 2056 1272 2092 de
1290 2057 1421 2103 iuliani,
1444 2060 1520 2105 imp.
1539 2061 1582 2092 ira
1597 2072 1637 2093 ex
1654 2059 1726 2093 cod.
1746 2057 1903 2093 Mediceo

290 2123 439 2155 Laui-ent.
454 2126 601 2154 erutum,
628 2123 658 2148 et
674 2125 787 2160 graece
803 2110 930 2146 versum
944 2110 1012 2145 al).
1032 2111 1181 2154 Philippo
1200 2110 1355 2155 Angelico
1371 2110 1530 2143 Becclzetio
1576 2112 1705 2158 Nempe
1733 2109 1819 2157 apud
1847 2111 1904 2144 Fa-

286 2173 362 2206 bric.
379 2181 432 2218 qui
451 2167 539 2202 illam
555 2178 604 2213 gr.
624 2173 655 2198 et
670 2163 723 2199 lat.
741 2166 864 2212 primus
881 2160 1039 2206 ediderat,
1065 2163 1170 2195 oratio
1188 2159 1239 2194 illa
1258 2159 1382 2201 definit,
1407 2157 1440 2202 ἦν
1456 2162 1514 2207 μὲν
1531 2157 1567 2199 ἕν
1584 2157 1839 2211 φροντιζόντων.
1853 2178 1904 2187 --

291 2222 396 2258 Reisk.
420 2218 541 2266 reliqua
563 2214 704 2251 ediderat
725 2218 824 2260 (tom.
841 2218 865 2250 I.
887 2226 959 2262 pag.
975 2217 1072 2257 498.)
1098 2225 1137 2247 ex
1158 2210 1252 2247 codd.
1267 2212 1353 2258 Aug.
1371 2222 1403 2246 et
1420 2213 1532 2248 Bauar.
1584 2215 1675 2260 Qae
1696 2211 1847 2248 Amadut.
1865 2224 1906 2247 ex

288 2271 362 2308 cod.
388 2269 508 2306 Medic.
529 2267 690 2314 vulganii,
722 2280 758 2302 ea
783 2263 892 2302 forsan
913 2264 1031 2300 Vtiliter
1053 2261 1186 2313 possunt
1208 2264 1389 2311 comparari
1411 2261 1450 2297 ad
1473 2262 1623 2300 leelionis
1648 2266 1831 2300 varietatem
1852 2276 1906 2298 ae·

293 2337 354 2372 que
378 2336 415 2358 ac
437 2329 611 2356 veritatem.

1867 2367 1906 2400 In
