2049 2720
54 148 115 176 Vol·
125 148 172 175 111:
181 150 268 180 {147⁹
278 145 300 177 P
308 151 356 177 471
641 142 889 179 EDITIONES
923 140 1167 179 PAVSANIAE
1271 142 1344 177 Lib.
1357 142 1429 180 JV.
1445 155 1468 179 c.
1483 141 1524 179 X
1523 143 1565 180 V
1560 143 1614 179 ΙΙ.
1717 151 1770 184 311

54 240 157 278 tonini
184 242 408 280 itinerarium3
448 235 601 284 Berosus3
631 239 802 274 Manetho.
846 239 1012 280 Venetiis,
1043 249 1102 285 per
1124 235 1308 272 Bernardin.
1335 244 1426 282 1498.
1453 251 1484 282 4.
1524 237 1767 274 vid.Mai!ta⁸'r-

53 297 92 330 A.
109 295 154 328 T.
175 295 229 327 lV.
248 305 323 340 pag.
338 291 429 336 667]
454 309 507 317 ·—
534 292 637 331 Attica
662 300 692 324 et
718 291 928 325 Corinthiaca
948 302 987 324 ex
1011 287 1158 324 versione
1181 288 1323 325 Domitii
1337 289 1531 330 Chalderini,
1559 286 1766 331 Veronensis,

53 360 72 380 a
92 346 137 381 lo.
157 346 309 392 Oporino
333 341 504 379 emendata
527 341 620 378 Basil.
638 354 714 386 ¹54¹·
732 352 764 383 4.

156 407 326 446 Pausanias
354 413 478 458 integer
501 422 538 445 ex
562 410 828 458 interpretatione
846 407 1023 442 Abrabami
1039 407 1216 455 Loescheri.
1243 407 1337 445 Basil.
1357 420 1443 454 1550.
1458 406 1519 444 fol.
1573 407 1704 442 Dicatus
1724 405 1769 440 est

49 464 132 499 liber
146 464 262 498 Ioanni
278 463 397 497 Iacobo
414 463 583 509 Fuggero,
605 474 709 509 neque
722 463 753 503 Ρ)
771 472 886 508 graeca
908 457 1058 495 adiuncta
1079 460 1192 499 habet,
1216 470 1309 494 notas
1335 473 1465 509 quoque
1486 459 1591 496 nullas
1614 455 1770 494 Loesche-

51 514 434 609 :ffltacilldiirdgtfmeigpgptis
457 515 568 562 paucis
591 515 626 547 in
648 515 798 560 margine
821 512 1025 547 coniecturis.
1080 508 1177 559 [Vsus
1197 524 1275 546 vero
1299 511 1343 547 est
1365 513 1439 548 cod.
1460 525 1508 561 gr.
1529 511 1600 547 vide
1619 510 1659 546 de
1679 508 1769 555 Sylb·

155 633 289 668 Romulo
304 631 455 678 Amasaeo
470 631 502 676 ⁹)
516 633 706 679 interprete,
734 632 788 679 qui
803 629 922 664 librum
944 627 1100 677 inscripsit
1116 630 1207 665 Alex.
1226 629 1378 666 Farnefio
1395 629 1559 666 Cardinali
1574 632 1608 664 in
1624 626 1773 677 epistola,

53 685 126 722 data
149 680 280 721 Romae
303 696 388 729 1547.
411 691 440 725 8.
496 682 621 740 [jrodiit
651 692 683 718 et
704 682 849 717 Florent.
867 693 940 726 1551.
965 681 1051 730 apud
1073 683 1108 717 L.
1123 683 1361 725 Torrentium,
1388 680 1449 718 fol.
1477 693 1509 718 et
1526 680 1617 717 Bafil.
1638 692 1716 725 ¹557·
1741 683 1771 721 8.

52 740 99 774 Lu
125 735 156 772 d.
178 749 223 771 ν’
251 763 257 770 .
280 747 322 771 12.

101 750 123 787 g
151 749 372 839 Exi32=nasaei
394 799 542 838 versione
561 815 620 851 per
637 801 952 848 FridstSylburgium
974 803 1162 849 recognita,
1184 799 1336 837 Francos.
1361 803 1447 850 typis
1462 803 1585 837 XVech.
1611 803 1701 844 1624.
1720 801 1749 840 8.

153 870 303 917 Stephani
319 871 424 917 Nigri
447 868 687 906 obseruationes
707 872 742 905 in
761 867 950 904 Pausaniam
976 881 1165 904 memorans
1187 871 1346 904 Gesnerus
1368 866 1495 918 respicit
1518 871 1585 903 eius
1608 867 1774 914 dialogos,

20 917 32 922 ’
51 923 192 962 Mediol.
213 935 296 968 1517.
318 920 473 964 excusos,
511 921 551 957 de
575 923 690 970 quibus
715 918 923 969 praestandis.
947 922 1094 955 Kuhnius
1123 918 1223 968 praef.
1248 924 1282 956 in
1306 918 1437 956 Pausan.
1492 921 1629 955 Praeter
1656 920 1775 953 diffluo:

52 979 181 1012 toditem
201 986 316 1010 nucum
339 976 430 1008 etiam
452 976 670 1008 communicati
697 973 754 1019 [If]
773 972 854 1018 fimt
881 973 1003 1017 dialogi
1029 972 1180 1016 Stephani
1195 973 1301 1018 Nigri
1326 985 1344 1005 a
1366 973 1417 1008 Cl.
1435 972 1561 1018 Nicasto
1577 970 1774 1018 Diuionenffi

53 1030 125 1063 viro
139 1028 182 1061 ad
197 1029 320 1061 litterar
332 1024 551 1070 prouehendas
565 1024 841 1068 maximeflrenuO.
895 1024 937 1056 In
955 1036 990 1057 eo
1006 1024 1085 1057 libro
1107 1025 1211 1068 reperi
1231 1025 1330 1058 totius
1347 1023 1526 1069 Pausaniae
1551 1024 1775 1067 compendium,

51 1086 82 1114 et
105 1082 198 1113 vnius
218 1078 409 1124 alteriusque
431 1077 488 1111 Ioci
513 1078 634 1111 variam
655 1076 832 1111 leeriomm:
857 1077 1001 1121 quamuis
1022 1075 1103 1109 alias
1122 1075 1270 1122 mendosa
1289 1077 1417 1122 quacuis
1429 1075 1548 1122 fidulo
1569 1077 1648 1109 vitet
1667 1073 1775 1107 παὶ-ἴον

51 1131 119 1172 ille,
147 1136 183 1166 vt
202 1130 240 1165 V
240 1127 328 1176 lfflbs
345 1130 490 1163 Sirenum
511 1135 620 1162 cantus
642 1134 673 1162 et
693 1128 800 1164 Circes
815 1127 942 1173 pocula.

155 1197 413 1233 Graecolatinae:
444 1207 467 1232 1.
483 1208 522 1230 ex
540 1195 629 1229 Guil.
647 1194 816 1241 Xylandri
835 1192 1041 1235 recensione,
1070 1195 1125 1242 qui
1147 1191 1304 1229 Aldinam
1327 1191 1507 1230 editionem
1532 1206 1682 1243 graecam
1705 1191 1776 1240 plu-

50 1250 142 1284 rimis
168 1250 202 1284 in
227 1249 309 1283 locis
331 1245 537 1288 emendauit,
568 1257 599 1281 et
620 1256 715 1281 notas
739 1258 889 1294 quoque,
923 1243 977 1280 sed
1003 1257 1087 1293 quae
1107 1247 1200 1280 initio
1222 1245 1412 1280 Eliacorum
1434 1248 1585 1294 priorum
1606 1244 1774 1283 deficiunt,

50 1299 182 1336 addidit.
237 1298 401 1334 Adiumsta
421 1297 465 1333 est
485 1295 655 1347 separatim
671 1295 821 1333 Amasaei
841 1295 946 1332 verfio
969 1296 1085 1338 latina,
1113 1310 1132 1330 a
1147 1298 1312 1331 Friderico
1328 1298 1499 1345 Sylbmgio
1524 1296 1673 1344 plurimis
1697 1295 1778 1330 locis

51 1351 240 1397 emendata,
267 1364 329 1385 vna
351 1363 427 1385 cum
451 1349 595 1385 eiusdem
612 1349 780 1397 Sylburgii
798 1351 896 1389 notis,
919 1347 1080 1383 indicibus
1097 1345 1291 1396 locupletiff.
1313 1358 1343 1383 et
1362 1346 1581 1384 diss'ertatione
1603 1347 1642 1383 de
1665 1359 1776 1396 gram-

50 1406 174 1440 maticis
192 1400 366 1438 Pausaniae
383 1401 574 1437 anomaliis:
602 1412 672 1436 tum
691 1398 866 1448 descriptio
885 1401 1038 1435 Graeciae
1054 1413 1071 1435 e
1089 1400 1253 1435 Strabonis
1269 1403 1427 1448 epitome,
1455 1400 1644 1436 Ptolemaeo
1660 1413 1697 1434 ac
1715 1398 1776 1434 Pli-

50 1458 127 1497 nio,
152 1467 228 1491 cum
247 1454 507 1489 adnotationibus
522 1453 668 1489 eiusdem
688 1452 876 1499 Sylbnrgii,
903 1455 935 1487 in
954 1453 1069 1501 quibus
1084 1464 1161 1500 pag.
1179 1463 1249 1497 505.
1269 1451 1356 1496 (edit.
1376 1449 1459 1500 Lips.
1477 1465 1553 1502 pag.
1569 1453 1656 1499 918.)
1675 1453 1776 1486 etiam

48 1507 184 1542 habetur
200 1507 384 1554 Cyrianoris
400 1506 606 1551 Sophosmeds
620 1504 808 1552 Sylburgio,
825 1502 1004 1546 sciscitanti,
1022 1506 1267 1538 communicata
1283 1503 1458 1552 explicatio
1476 1517 1691 1539 numerorum
1710 1501 1775 1537 siue

48 1559 204 1594 notarum
228 1561 262 1592 in
278 1559 491 1605 *geographia
511 1557 705 1598 Ptolemaei,
733 1570 773 1591 ex
796 1569 859 1605 qua
881 1566 989 1605 patet,
1016 1568 1172 1590 numeros
1194 1557 1236 1590 ibi
1258 1558 1464 1591 minutorum
1482 1560 1515 1590 in
1532 1555 1685 1604 gradibus
1701 1555 1775 1589 lon-

50 1609 203 1658 gitudinis
219 1620 252 1644 et
266 1608 442 1644 latitudinis
460 1608 605 1643 constare
625 1611 796 1657 quinariis,
824 1610 879 1650 ita,
901 1617 934 1642 vt
948 1621 988 1642 ex
1007 1605 1183 1643 duodecim
1202 1609 1355 1656 quina‘r'iis
1371 1607 1458 1643 velut
1480 1607 1616 1643 totidem
1633 1606 1774 1655 partibus

50 1659 131 1703 assis,
154 1660 359 1709 compleatur
376 1673 458 1695 vnus
479 1660 598 1709 gradus
613 1658 795 1708 sexaginta,
824 1669 858 1694 vt
880 1659 983 1708 vulgo
1007 1670 1241 1702 numerantur,
1268 1661 1494 1700 minutorum,
1521 1656 1772 1703 Francof.1583.

48 1711 109 1749 sol.
137 1713 221 1761 apud
246 1711 400 1747 haeredes
416 1711 564 1748 Andreae
580 1712 746 1747 VVecheli.
774 1712 900 1746 Fabric.
954 1710 1163 1759 SylburgiUS-
1192 1711 1265 1760 post
1285 1710 1446 1756 Xylandri
1469 1723 1635 1753 mortem,
1663 1709 1776 1745 editio·

49 1778 125 1800 nem
137 1763 295 1801 absoluit,
323 1774 417 1812 atque
437 1766 468 1798 in
486 1763 622 1811 epistola
642 1762 859 1806 dedicatoria,
884 1776 966 1812 quae
982 1774 1106 1798 textum
1123 1776 1280 1810 graecum
1295 1765 1432 1812 excipit,
1458 1776 1531 1812 pag.
1550 1766 1610 1807 376
1629 1761 1672 1810 sq.
1699 1775 1774 1810 pro-

49 1817 175 1858 fitetur,
205 1813 237 1851 se'
260 1813 352 1850 vsum
375 1813 436 1850 effe
462 1814 588 1851 duobus
612 1813 784 1850 Pausaniae
805 1816 1062 1864 exemplaribus,
1095 1816 1222 1863 aliquot
1245 1818 1278 1849 in
1300 1814 1382 1849 locis
1404 1808 1593 1850 emendatis.
1646 1817 1773 1849 Eorum

49 1867 188 1904 alterum
217 1865 280 1902 suit
309 1868 468 1902 loachimi
487 1870 685 1902 Camerarii:
719 1867 857 1902 alterum
882 1869 1006 1915 accepit
1036 1881 1054 1901 a
1077 1867 1233 1901 Zacharia
1250 1865 1391 1911 Vrfino,
1426 1869 1478 1901 cui
1503 1865 1670 1911 Xylander
1694 1878 1773 1900 eum

48 1918 201 1955 codicem
224 1932 242 1952 a
265 1920 475 1965 typographo
495 1920 542 1955 Io.
560 1920 713 1966 Oporino
739 1929 909 1966 acceptum
935 1918 1082 1953 donarat.
1134 1921 1171 1952 In
1197 1919 1264 1953 hoc
1283 1917 1464 1965 posteriore
1485 1915 1680 1965 agnoscebat
1700 1916 1774 1961 Syl-

48 1971 141 2017 burg.
168 1969 272 2004 multa
295 1971 340 2007 lo,
362 1971 537 2016 Hartungii
557 1982 659 2004 manu
681 1968 846 2004 adnotata.
899 1970 978 2010 „Eo
1000 1966 1070 2016 ipso
1091 1969 1193 2009 libro,
1216 1970 1260 2003 ait
1286 1968 1375 2004 idem
1398 1969 1549 2017 Sylburg.
1574 1972 1607 2004 in
1631 1967 1684 2003 sua
1706 1982 1773 2003 ver-

48 2019 138 2058 sione
160 2019 230 2055 vsus
256 2019 362 2055 fuerat
379 2021 499 2055 Abrahv
516 2018 732 2062 Loeseherus,
759 2023 833 2068 qui,
860 2030 894 2055 vt
916 2020 1086 2068 plerasque
1103 2022 1281 2067 Hartungii
1303 2032 1398 2055 notas
1416 2019 1522 2056 suerat
1542 2018 1707 2069 sequutus,
1728 2023 1773 2055 ita

50 2072 205 2122 quasdam
232 2071 294 2107 illis
322 2085 391 2107 non
420 2069 656 2120 adspernandas
686 2072 884 2107 adiecerat.“
943 2074 1112 2107 Praeterea
1136 2069 1255 2106 fatetur
1276 2071 1427 2119 Sylburg.
1450 2086 1468 2107 a
1492 2071 1521 2107 se
1546 2086 1598 2114 ea,
1634 2085 1714 2120 quae
1736 2076 1772 2106 in

50 2123 267 2161 erudiu'ffimis
296 2121 576 2165 aduexsariorum,
609 2126 948 2164 commentariorum,
982 2120 1305 2167 animadoersprum,
1335 2135 1499 2159 nouarum
1529 2123 1710 2159 lediionurn
1740 2132 1771 2158 a

1615 2175 1769 2211 emenda-

91 2255 128 2290 p)
142 2251 326 2282 emendanda
341 2254 440 2293 itaque
455 2251 634 2282 bibliotheca
649 2251 752 2282 seleifi’ca
766 2250 884 2282 10.c1e-
930 2262 996 2281 cum
1017 2253 1142 2288 Latino,
1172 2262 1259 2293 quam
1280 2253 1416 2283 Latinum
1437 2254 1550 2283 Graeco
1573 2259 1703 2282 mutuam
1726 2251 1767 2280 sz-

48 2295 104 2325 eici
120 2303 189 2325 tom.
203 2297 254 2326 XI.
271 2306 334 2336 pag.
355 2306 408 2331 ¹53·
929 2297 1056 2324 nationis
1075 2305 1194 2335 operam
1216 2296 1377 2336 praestare:
1408 2297 1484 2326 vnde
1506 2298 1649 2329 conficio,
1679 2298 1766 2323 Ama-

93 2339 128 2378 q)
157 2337 326 2377 Sylburgiis
353 2342 383 2368 in
411 2339 491 2379 epist.
518 2338 641 2368 dedicat.
668 2340 799 2378 comperi
820 2349 883 2368 eam
928 2337 1025 2367 seeum
1042 2339 1073 2367 in
1089 2337 1139 2367 sua
1152 2339 1303 2374 verfione,
1329 2347 1444 2379 praeter
1464 2339 1668 2376 sagacissimum
1689 2337 1766 2367 iudi-

50 2382 96 2417 (ιι.
112 2380 254 2420 Amafiui
274 2382 436 2411 versionem
468 2392 534 2410 cum
560 2392 663 2418 graeco
691 2390 772 2411 textu
796 2380 883 2410 colla·
928 2384 967 2410 cii
981 2391 1121 2415 acumen,
1144 2390 1247 2410 msstos
1263 2384 1349 2411 etiam
1367 2382 1496 2416 codices,
1516 2381 1654 2422 impreffis
1669 2391 1765 2413 emen·

49 2427 134 2461 nub)
156 2425 213 2460 ait,
234 2425 470 2467 quamplurimis
483 2426 515 2455 in
528 2424 621 2462 locis,
642 2433 704 2455 non
719 2432 778 2457 tam
792 2425 883 2457 Grae-
927 2424 1072 2464 deantes,
1095 2424 1131 2455 ad
1154 2434 1276 2457 manum
1291 2423 1430 2458 habuiffe.
1454 2424 1548 2467 Harl.
