2013 2725
212 166 272 197 ²72
324 150 480 190 LimV.
494 163 517 190 c.
531 148 612 188 XV
611 150 640 186 I.
691 147 874 186 cLAan
905 146 1170 187 PTOLEMAEI
1201 146 1492 186 GEOGRAPHIA'
1710 149 1923 184 v01.n1.p.414

317 248 355 280 II.
400 245 787 284 rEOrPAOEsIKffS
813 241 1030 292 ὑφηγήσεως,
1071 244 1294 292 Geograpliiae
1316 246 1387 279 libri
1406 244 1518 280 VIII.
1542 241 1632 290 quod
1657 255 1738 291 opus
1759 244 1924 291 promittit

211 297 296 333 libro
312 298 353 332 11.
376 309 516 344 magnae
541 294 713 340 syntaxeos
738 308 806 343 cap.
822 296 876 332 vlt.
901 295 984 330 vnde
1007 293 1156 330 aduersus
1178 293 1387 331 Franciscum
1410 297 1584 329 Barocium
1599 295 1651 328 111.
1668 307 1695 336 3.
1725 292 1924 341 Cosmogra-

213 350 310 398 phiae
332 350 418 384 rec‘te
443 346 626 383 obseruauit
649 346 853 394 Io.Baptista
869 347 1027 381 Ricciolm
1044 348 1113 382 V11.
1129 360 1178 382 10.
1206 348 1434 394 Geographiae
1450 343 1662 387 reformatae,
1689 344 1843 380 eumdem
1861 342 1925 379 esse

213 413 355 447 magnae
374 397 545 444 syntaxeos
567 407 598 433 et
613 400 837 446 geographiae
850 395 1058 446 scriptorem:
1086 409 1155 433 tum
1175 412 1252 433 vero
1268 398 1386 432 Iulium
1403 399 1612 439 Maternum,
1635 399 1690 444 qui
1705 410 1723 431 a
1742 397 1922 431 Ptolemaeo

212 450 268 486 lib.
285 453 306 484 1.
325 453 447 497 Geogr.
465 463 532 498 cap.
548 457 579 488 8.
597 452 729 491 citatur,
757 447 920 484 diuersum
943 447 1037 484 fuisse
1060 464 1079 484 a
1099 449 1184 484 Iulio
1200 452 1340 484 Firmico
1355 451 1528 491 Materno,
1554 450 1608 497 qui
1629 445 1684 482 sub
1706 446 1923 482 Constantino

211 504 263 538 M.
284 501 322 536 de
336 501 497 536 astrorum
514 500 638 534 iudiciis
655 498 777 548 scripsit
798 500 837 535 ad
855 500 1053 536 Lollianum.
1107 502 1213 535 Docet
1234 513 1333 548 porro
1355 500 1560 534 Ptolemaeus
1581 497 1648 548 ipse
1672 498 1728 535 lib.
1742 499 1766 534 1.
1789 510 1859 545 cap.
1877 510 1922 544 19.

211 551 245 587 se
268 555 316 587 his
340 552 429 586 libris
454 550 626 599 sequutum
646 549 710 586 effe
730 564 809 600 opus
829 554 1088 600 geographicum
1110 553 1252 595 Mai-ini,
1280 552 1397 595 Tyrii,
1426 564 1494 586 non
1518 549 1572 585 diu
1595 559 1668 585 ante
1690 548 1835 590 editum3
1869 545 1924 582 sed

211 606 247 638 in
271 603 419 650 plurimis
442 601 626 638 emendasse
646 616 685 637 ac
704 600 920 650 supplenfflb,
944 613 1014 638 tum
1038 603 1191 638 locorum
1213 601 1368 650 positioni
1389 613 1545 637 numeros
1566 599 1778 649 longitudinis
1801 613 1837 634 ac
1857 598 1925 634 lati·

210 653 350 695 tudinis,
378 657 557 703 prouinciis
580 666 655 689 vero
678 656 854 692 terminos,
886 655 1001 703 quibus
1021 653 1059 689 ad
1082 664 1219 703 quatuor
1243 654 1352 702 plagas
1376 654 1460 688 orbis
1484 663 1641 688 terrarum
1665 649 1926 687 circumscribun-

210 716 285 750 tur,
312 703 499 753 adfignal'se.
554 707 708 740 Meminit
722 715 884 754 praeterea
904 707 1107 755 Hipparchi,
1134 707 1263 740 Maenis
1280 707 1424 747 Titiani,
1448 702 1693 747 Timosthenis,
1720 701 1925 749 Diodorique

212 758 336 798 Samii,
364 769 412 798 et,
441 769 581 805 quorum
598 759 712 791 itinera
728 758 876 792 Marinus
897 767 1084 798 notauerat,
1108 758 1258 806 Septimii
1273 756 1380 792 Flacci
1395 769 1433 792 ac
1449 757 1609 804 Diogenis
1625 753 1794 790 cuiusdam
1811 754 1926 789 Theo-

208 808 361 857 philique
379 821 421 842 ac
445 808 644 843 Philemonis
666 811 853 843 mercatoris
875 818 908 843 et
930 806 1093 843 Dioscori.
1507 807 1513 814 ‘

311 884 461 919 Tabulas
486 886 732 932 geographicas.
765 883 944 919 Ptolemaei
968 893 1114 919 mentem
1139 880 1241 930 presse
1263 881 1428 932 sequutus,
1453 883 1629 919 delineauit
1644 881 1924 929 Agathoa'aemon,

209 937 420 971 mechanicus
447 934 683 970 Alexandrinus
698 933 751 979 ἢ),
781 937 959 973 incertum,
990 949 1030 969 an
1054 934 1144 968 idem
1166 947 1242 968 cum
1264 934 1577 981 Agathodaemone,
1609 935 1847 981 grammatico,
1880 932 1924 968 ad

213 999 311 1034 quem
328 985 502 1020 nonnullas
520 984 632 1019 Isidori
653 983 829 1019 Pelusiotae
851 983 1000 1032 epistolas
1022 985 1199 1025 habemus,
1225 984 1301 1018 licet
1315 983 1354 1018 de
1370 986 1433 1018 hoc
1447 997 1515 1019 non
1532 983 1652 1019 dubitet
1674 984 1801 1029 Vqffius
1813 983 1869 1018 lib.
1884 983 1926 1020 de

210 1037 402 1084 Philologia
428 1049 498 1084 cap.
516 1037 570 1071 xl.
593 1036 624 1082 §.
641 1047 684 1077 23.
746 1033 809 1069 Sed
830 1048 900 1070 non
918 1035 999 1070 leuis
1024 1047 1114 1070 error
1133 1036 1276 1071 auctoris
1300 1033 1535 1083 pandedlarum
1555 1033 1926 1083 Brandenburgicarum,

210 1092 266 1137 qui
297 1090 353 1123 has
378 1085 679 1134 Agathodaemonis
707 1086 829 1123 tabulas
854 1083 1029 1122 confundit
1059 1099 1136 1122 cum
1164 1085 1279 1121 tabulis
1301 1088 1575 1135 PeutingerianIS‚
1608 1100 1628 1121 a
1650 1087 1769 1123 Marco
1789 1085 1924 1124 velsero

207 1139 315 1175 editis.
345 1138 402 1184 [ir]

316 1207 476 1251 [Primum
501 1202 540 1239 de
564 1204 650 1239 codd.
673 1205 779 1239 msstis
803 1217 943 1253 quorum
966 1207 1115 1240 notitiam
1135 1203 1308 1246 Raidelio‚
1341 1216 1398 1252 per
1423 1213 1529 1239 totum
1551 1217 1619 1252 cap.
1636 1205 1676 1240 Ἡ.
1698 1217 1771 1254 pag.
1786 1195 1927 1251 9—·19.

211 1266 244 1293 et
258 1271 327 1306 cap.
344 1259 397 1291 III.
423 1256 462 1291 de
479 1255 576 1292 codd.
595 1256 701 1291 latinis
715 1269 791 1305 pag.
806 1257 970 1292 20—26.
993 1256 1119 1292 multos
1139 1255 1300 1306 copiosius
1322 1253 1518 1298 recensenti,
1544 1255 1700 1304 magnam
1724 1267 1852 1306 partem
1873 1256 1927 1293 de-

208 1309 289 1351 beo.
319 1311 427 1356 paucis
446 1320 554 1354 agam.

311 1378 347 1409 In
364 1375 439 1410 bibl.
456 1372 601 1409 caesarea
620 1375 660 1410 V
658 1375 858 1423 indoboneiffl
872 1374 1152 1423 praestantiffimus
1171 1386 1246 1410 cum
1269 1377 1406 1423 antiquis
1426 1375 1508 1410 tabb.
1525 1377 1647 1423 graecis
1667 1371 1784 1409 seruari
1798 1373 1927 1414 dicitur.

209 1426 275 1462 vid.
296 1426 408 1473 Neffel.
430 1426 523 1461 catal.
550 1425 646 1460 codd.
671 1436 752 1474 part.
769 1428 809 1460 V.
833 1439 908 1474 pag.
926 1439 953 1469 3.
1006 1427 1118 1462 Multo
1149 1425 1338 1474 diligentius
1368 1436 1398 1461 et
1421 1424 1522 1461 fufius
1544 1424 1584 1460 de
1607 1428 1673 1460 hoc
1697 1424 1770 1461 cod.
1792 1440 1820 1461 a.
1839 1437 1923 1473 1454.

210 1476 351 1524 scripto„
382 1488 412 1511 et
436 1471 541 1512 adhu'c
559 1476 807 1526 comparando,
831 1477 1006 1526 disputauit
1027 1478 1190 1513 Kollarius
1211 1481 1244 1512 in
1268 1475 1428 1525 supplem.
1444 1478 1468 1512 1.
1497 1475 1537 1511 ad
1559 1478 1723 1512 Lambecii
1746 1488 1925 1515 comment.

209 1542 262 1564 nr.
279 1530 451 1563 LXXXIX.
475 1528 540 1564 col.
556 1531 615 1574 568
629 1531 751 1573 -576.
773 1537 806 1562 et
828 1530 1033 1576 comparauit
1055 1541 1131 1563 cum
1157 1527 1231 1565 cod.
1246 1529 1376 1564 coislin.
1393 1543 1413 1563 a
1428 1526 1660 1564 Montfaucon.
1681 1528 1824 1566 laudato.

310 1594 502 1630 Praestantia
525 1607 583 1642 par
606 1592 666 1628 esse
688 1592 792 1629 fertur
814 1594 885 1629 cod.
908 1596 1090 1631 membran.
1111 1599 1145 1630 in
1168 1595 1242 1630 bibl.
1264 1596 1388 1631 Veneta
1404 1597 1445 1630 D.
1460 1597 1586 1636 Marci,
1613 1596 1665 1630 vbi
1688 1595 1768 1630 alius
1792 1607 1928 1644 quoque

210 1646 256 1682 est
277 1648 415 1683 chartac.
439 1659 517 1680 cum
542 1646 638 1679 XXII.
654 1646 735 1680 tabb.
756 1644 796 1681 de
816 1649 925 1694 priore
949 1645 1011 1681 vid.
1030 1649 1127 1682 etiam
1151 1646 1242 1682 catal.
1258 1645 1356 1682 codd.
1371 1660 1422 1694 gr.
1438 1649 1520 1682 Ven.
1536 1659 1610 1695 pag.
1628 1654 1680 1690 185
1695 1645 1740 1696 sq.
1767 1647 1818 1682 vbi
1836 1660 1928 1696 prae-

210 1706 260 1733 ter
285 1710 321 1732 ea
342 1697 498 1731 letfliones
519 1696 680 1744 quaedam
702 1700 811 1731 variae
832 1695 903 1731 sunt
923 1695 1115 1745 exscriptae:
1143 1697 1183 1733 de
1207 1698 1386 1745 posteriore
1408 1694 1487 1732 ibid.
1510 1711 1583 1745 pag.
1600 1705 1670 1741 278.
1701 1719 1750 1725 —
1779 1698 1927 1734 Vemti'ic

212 1747 380 1796 quondam
394 1746 458 1782 fuit
472 1749 504 1781 in
518 1747 597 1782 bibl.
614 1747 727 1782 Caroli
743 1747 903 1781 Grimaldi
920 1747 992 1782 cod.
1008 1749 1141 1783 mutilus
1153 1775 1162 1788 ‚
1188 1748 1264 1782 tesle
1280 1749 1485 1792 lIrontfaucon
1502 1750 1535 1782 in
1549 1751 1662 1784 Diario
1676 1747 1741 1783 ital.
1760 1762 1789 1792 p.
1807 1760 1862 1792 40.
1876 1769 1928 1778 —-
1980 1752 1983 1754 ’
2006 1728 2007 1763 l

210 1802 249 1834 In
268 1799 344 1834 bibl.
364 1801 396 1833 S.
416 1797 570 1833 Michael.
591 1798 705 1833 Venit.
723 1797 794 1832 cod.
812 1811 861 1845 gr.
881 1796 941 1833 fol.
957 1812 1044 1834 max.
1065 1813 1140 1834 cum
1159 1797 1284 1833 scholiis
1299 1800 1473 1846 Nicephori
1489 1800 1664 1846 Gregorae.
1691 1793 1928 1835 vidsMitatwlli

210 1850 288 1884 bibl.
314 1848 410 1884 codd.
436 1849 620 1884 monasterii
647 1851 679 1882 S.
695 1849 866 1884 Michaelis
887 1858 945 1885 etc.
967 1850 1030 1886 col.
1048 1861 1125 1896 974.
1153 1871 1204 1878 -—
1229 1851 1395 1884 Bononiae
1419 1853 1452 1885 in
1476 1849 1551 1885 bibl.
1576 1853 1763 1887 canonicor.
1786 1850 1928 1899 regular.

211 1903 356 1948 (Heilbr.
374 1912 449 1948 pag.
468 1912 536 1945 559.
561 1901 590 1946 §.
609 1901 673 1942 62.)
1839 1903 1842 1906 ’

315 1968 497 2003 Florcntiae
513 1964 591 2000 vidit
606 1963 692 2000 idem
711 1966 926 2011 Monffcmcon
947 1968 995 2010 (in
1016 1965 1120 2000 diario
1138 1965 1202 2000 ital.
1219 1980 1249 2013 p.
1269 1968 1362 2011 368.)
1384 1966 1458 2002 cod.
1476 1968 1657 2004 membran.
1681 1965 1761 2004 saec.
1776 1969 1847 2003 XV.
1876 1988 1927 1997 —-

213 2022 251 2054 In
271 2019 346 2054 bibl.
370 2018 473 2054 Laur.
490 2019 608 2051 Medic.
632 2015 707 2055 cod.
731 2019 831 2053 chart.
855 2015 936 2054 saec.
950 2019 1037 2052 XIV.
1061 2020 1093 2051 in
1110 2029 1139 2060 4.
1168 2018 1221 2051 IX.
1243 2017 1324 2066 plut.
1339 2026 1388 2057 28.
1411 2032 1525 2066 geogr.
1548 2019 1622 2053 libri
1641 2017 1816 2055 V111.‘fine
1838 2020 1927 2055 tabu.

214 2070 272 2112 lis,
301 2069 392 2114 (teste
409 2069 562 2102 Bandinio
584 2068 678 2104 catal.
703 2067 797 2104 codd.
817 2081 865 2115 gr.
891 2069 957 2103 vol.
973 2071 1012 2103 II.
1034 2068 1095 2102 col.
1112 2081 1144 2112 ¹9
1161 2065 1224 2116 sq.)
1252 2088 1300 2095 -—
1328 2068 1402 2103 cod.
1420 2071 1596 2104 XXXVIII.
1619 2069 1699 2117 plut.
1718 2077 1766 2110 28·
1787 2071 1927 2108 membr.

214 2119 294 2156 saec.
310 2122 397 2155 XIV.
426 2120 590 2164 (Bam-lim*
611 2118 633 2153 l.
656 2132 684 2154 c.
707 2132 780 2167 pag.
797 2121 869 2162 64.)
895 2139 946 2145 —
973 2117 1045 2154 cod.
1062 2120 1157 2153 XLII.
1183 2121 1283 2154 chart.
1307 2117 1384 2155 saec.
1403 2122 1472 2156 XV.
1489 2124 1521 2155 in
1541 2132 1570 2163 4.
1592 2119 1725 2169 scriptus
1747 2134 1847 2157 manu
1865 2124 1927 2158 De-

216 2174 326 2208 metrii
344 2182 433 2215 ¹445·
457 2170 606 2212 (Boudia.
631 2169 651 2203 l.
673 2182 700 2203 e.
725 2182 797 2217 pag.
815 2171 886 2214 66.)
912 2189 964 2197 —-
990 2169 1063 2205 cod.
1080 2170 1187 2204 XLIX.
1209 2172 1389 2205 membran.
1412 2169 1488 2205 saec.
1507 2173 1593 2206 XIV.
1616 2184 1694 2206 cum
1713 2172 1827 2207 tabulis
1847 2186 1926 2221 geo-

217 2225 382 2273 graphicis
405 2231 436 2257 et
459 2217 691 2268 subscriptione
721 2223 756 2256 in
785 2221 851 2256 fine
874 2221 946 2256 libri
966 2222 1090 2258 octaui:
1129 2223 1165 2259 ἐκ
1188 2221 1252 2259 τῶν
1275 2218 1426 2261 Κλαυδιέ
1449 2219 1653 2273 Πτολεμαῖε
1674 2226 1926 2273 γεωγξοιφικῶν

1784 2275 1924 2318 βίβλων

259 2358 291 2393 h)
315 2360 359 2388 De
377 2367 436 2398 quo
453 2357 512 2386 vid.
530 2355 637 2387 Raidnl
649 2366 714 2397 pag.
732 2366 745 2391 7
760 2356 800 2398 sq.
826 2363 855 2389 et
869 2356 920 2388 cel.
936 2356 972 2389 de
986 2357 1083 2390 Muri·
1098 2359 1129 2390 in
1142 2359 1306 2392 Memor-ab.
1323 2358 1459 2392 biblioth.
1474 2359 1582 2401 public.
1598 2360 1806 2400 Noribergeus.
1818 2367 1849 2394 et
1861 2361 1924 2399 Mt.

219 2401 382 2442 doripart.
397 2402 435 2432 11.
452 2411 517 2441 pag.
535 2403 570 2434 86
586 2399 626 2441 sq.
650 2399 744 2443 Harl.
1171 2432 1173 2434 ,
