2049 2720
40 140 101 167 voi.
119 138 365 186 1X·P·!⁶92PQ
683 139 743 176 DE
770 139 926 188 Qrmvs
952 140 1118 176 svas.
1381 139 1511 180 Liby.
1530 139 1644 178 ιη.
1702 153 1762 188 453

39 233 243 275 Domninus,
268 231 491 283 philosophus,
505 235 635 269 natione
648 235 762 277 Syrus,
790 247 828 269 ex
837 233 1009 275 Laodicea,
1024 233 1075 269 vel
1092 232 1220 276 Larissa,
1237 233 1314 270 vrbe
1329 234 1457 278 Syriae,
1476 236 1604 279 Syriani
1620 232 1756 284 discipu-

136 285 198 325 lus,
218 294 249 319 et
262 286 364 320 Procli
382 283 630 333 condiscipulus,
651 295 682 319 vt
699 287 742 321 ait
759 283 959 320 Damascius.
990 286 1027 319 In
1044 285 1279 321 mathematicis
1295 284 1470 334 disciplinis
1487 289 1690 334 exercitatus,
1719 290 1752 322 in

137 335 206 371 aliis
225 335 453 385 philosophiae
468 338 606 386 partibus
629 340 726 372 etiam
749 334 983 385 παλαιότερος
1006 334 1176 372 subactior.
1225 340 1333 386 Qare
1351 347 1382 374 et
1406 338 1511 374 multa
1526 341 1560 373 in
1581 338 1751 374 Platonicis

140 386 345 435 dogmatibus
362 391 545 430 innouavit,
572 387 656 423 vnde
677 389 808 424 Procius
838 386 989 424 aduersus
1009 401 1086 423 eum
1109 385 1230 437 scripsit
1253 387 1509 439 πραγματείαν
1530 387 1747 440 καθαρτικὴυ

137 438 203 476 τῶν
220 435 404 487 δογμάτων
422 441 468 479 τὲ
485 436 693 482 Πλάτωνος,
721 442 976 487 repurgationem
998 440 1236 485 platonicorum
1263 444 1456 489 dogmatum.
1493 444 1542 477 Ab
1555 439 1750 489 Aesculapio

137 487 249 529 iussus,
276 491 365 539 quod
381 490 569 539 sanguinem
585 490 763 540 exspueret,
787 491 888 527 suillis
906 491 1052 527 carnibus
1067 490 1167 534 vesci,
1194 490 1390 541 obsequutus
1406 494 1468 528 esl:
1500 504 1532 529 at
1548 493 1748 535 Plutarchus,

135 541 349 585 Atheniensis,
374 541 553 591 Aesculapii
571 543 703 578 statuam
719 545 863 584 intuens,
878 545 911 579 in
927 544 1040 591 templi
1055 546 1144 578 enim
1160 544 1316 579 vestibulo
1331 544 1533 587 dormiebat,
1553 559 1573 580 o
1588 546 1738 580 Domine

134 594 251 642 inquit,
279 594 356 642 quid
374 594 395 629 si
414 594 556 635 Iudaeo,
578 597 642 630 hoc
659 595 778 631 morbo
800 595 976 640 laboranti,
1003 594 1186 630 remedium
1204 594 1482 631 commendaffes?
1510 599 1619 643 Itaque
1632 594 1748 631 Aescu-

135 644 259 692 lapius,
296 646 400 681 statim
428 659 468 681 ex
494 646 593 681 statua
617 646 735 682 sonum
758 644 980 682 suauiffimum
997 645 1111 693 edens,
1133 646 1231 682 aliam
1254 647 1387 682 curandi
1411 647 1518 683 morbi
1542 651 1701 682 rationem
1718 650 1748 683 ei

133 694 343 746 praescripsit.
370 696 420 733 Ad
436 700 646 732 Domninum
663 701 728 733 iam
746 708 847 734 aetate
867 701 1076 748 prouec'ium,
1098 698 1222 735 acceffit
1238 699 1292 745 [If]
1310 697 1523 748 Asclepiades,
1550 697 1747 742 adolescens,

132 757 164 783 et
184 750 428 784 arithmeticum
464 748 522 796 ipsi
547 751 717 785 theorema
738 750 908 798 proposuit
929 761 990 787 etc.

30 800 152 836 Dorius
176 810 308 843 cantuS,
335 798 459 850 Δώριος
480 797 640 843 αὔλησις,
672 802 716 836 est
739 801 859 837 modus
883 803 1017 852 quidam
1046 800 1205 845 musicus,
1252 811 1286 837 vt
1308 804 1406 837 etiam
1432 799 1554 845 Lydius
1583 810 1614 836 et
1646 801 1749 844 Phry.

130 854 211 900 gius.
229 872 280 878 —
306 850 431 902 Δώριος
450 851 636 901 οἰκονομία,
660 855 772 888 modus
794 855 916 890 dorius.
942 875 993 882 —
1026 855 1153 889 Dorias
1169 863 1335 903 praeterea
1358 853 1403 889 est
1425 866 1551 889 nomen
1574 854 1749 902 proprium

132 914 164 939 et
186 904 346 949 Doriscus
367 918 493 939 nomen
520 907 598 941 loci.
1336 904 1347 906 “

29 957 156 997 Dorus,
180 956 333 1006 (Δῶρος)
349 957 471 997 Arabs,
495 970 592 1005 quem
620 954 810 991 Damascius
833 959 865 991 in
889 956 1020 992 historia
1045 954 1270 1005 philosophica
1292 960 1335 993 ait
1357 953 1452 991 fuisse
1468 956 1608 991 veritatis
1634 956 1750 988 acerri-

129 1020 225 1042 mum
248 1006 489 1055 indagatorem.
540 1010 639 1042 Hunc
654 1007 813 1048 Isidorus,
835 1007 1068 1057 philosophuS,
1092 1011 1185 1044 initio
1201 1007 1295 1044 sensit
1315 1008 1520 1044 Aristotelicis
1536 1004 1747 1053 opinionibus

126 1060 288 1093 irretitum
307 1085 318 1100 ,
345 1068 377 1093 et
396 1058 564 1106 paullatim
594 1063 761 1094 reuocauit
789 1058 829 1094 ad
853 1059 923 1094 illas
953 1061 1095 1095 Platonis
1126 1062 1324 1109 magnificae
1351 1058 1500 1095 scientiae
1531 1056 1682 1093 sublimes
1717 1064 1750 1090 et

128 1108 266 1144 illustres
287 1108 475 1155 sententias,
504 1120 537 1144 vt
569 1112 686 1146 reiecta
708 1110 764 1145 illa
786 1113 994 1159 peripatetica
1021 1109 1206 1152 subtilitate,
1238 1126 1286 1147 res
1317 1114 1459 1146 minutas
1487 1109 1684 1157 colligente,
1716 1104 1749 1141 se

128 1158 292 1196 conferret
314 1160 354 1196 ad
378 1161 490 1202 illam,
517 1175 600 1211 quae
622 1175 678 1210 per
703 1163 935 1197 Prometheum
960 1162 1138 1211 quemdam
1162 1177 1237 1198 cum
1254 1166 1337 1211 ignis
1353 1161 1526 1212 splendore
1548 1159 1683 1196 coelitus
1706 1157 1748 1193 ad

127 1215 282 1248 homines
306 1210 440 1248 demissa
461 1212 527 1255 est,
552 1213 778 1256 dialefficam,
803 1226 885 1263 quae
909 1213 954 1249 est
978 1217 1098 1250 mentis
1121 1225 1153 1250 et
1172 1215 1366 1265 prudentiae
1388 1212 1556 1263 purissima
1585 1208 1747 1257 mirwidu

126 1263 192 1300 fiue
215 1263 383 1312 inspeClio.

28 1314 138 1357 Ao'ats.
177 1314 272 1364 Apud
292 1326 438 1352 oratores
453 1315 659 1366 peculiariter
677 1315 721 1351 fic
740 1318 898 1353 vocantur
915 1318 1042 1354 tabulae
1058 1318 1258 1361 testamenti,
1292 1320 1325 1353 in
1343 1317 1458 1366 quibus
1483 1318 1570 1365 quis,
1594 1326 1675 1363 quae
1692 1309 1747 1347 sua

0 1366 5 1369 ⁵
129 1366 220 1408 sunt,
263 1367 355 1403 alteri
375 1368 447 1409 dat,
486 1371 721 1404 interueniente
748 1369 1085 1418 magistratuum-siue
1104 1372 1312 1407 Archontum
1332 1370 1536 1405 auetoritate.

27 1422 158 1462 Draco,
187 1418 430 1455 Atheniensium
452 1418 628 1468 legislator.
682 1422 749 1455 Hic
763 1434 866 1468 quum
883 1424 1028 1470 Aeginae
1051 1425 1083 1457 in
1113 1424 1240 1457 theatro
1271 1434 1405 1469 propter
1432 1420 1521 1467 leges
1551 1416 1628 1452 latas
1654 1414 1747 1450 laetis

129 1470 418 1506 acclamationibus
436 1472 666 1514 celebraretur,
693 1472 839 1520 pluribus
856 1473 970 1521 petalis
988 1484 1018 1508 et
1034 1476 1151 1508 tunicis
1168 1484 1198 1508 et
1211 1473 1316 1521 palliis
1341 1476 1372 1507 in
1397 1474 1464 1507 eius
1493 1479 1590 1517 caput
1613 1467 1748 1506 iniedtis,

128 1520 302 1558 suffocatus
325 1521 389 1565 est,
417 1532 449 1557 et
470 1525 503 1557 in
527 1521 594 1571 ipso
617 1526 744 1559 theatro
766 1522 918 1571 sepultus.
972 1527 1062 1560 Vixit
1086 1524 1200 1560 iisdem
1229 1523 1448 1572 temporibus,
1485 1521 1599 1570 quibus
1624 1516 1748 1564 septem

126 1575 311 1621 Sapientes,
340 1583 394 1608 aut
417 1577 526 1620 potius
549 1572 612 1610 fuit
634 1575 698 1609 illis
719 1578 895 1623 antiquior.
936 1578 1050 1625 Qum
1073 1574 1170 1611 senex
1198 1579 1263 1611 iam
1285 1574 1380 1615 esset,
1407 1570 1612 1622 Olympiade
1632 1569 1755 1624 Xanss

124 1625 214 1674 leges
237 1624 486 1660 Atheniensibus
510 1625 592 1661 tulit.
616 1623 795 1671 ὑποθήκαις
818 1625 885 1662 siue
906 1630 994 1662 vitae
1010 1629 1165 1675 degendae
1181 1634 1351 1674 praecepta
1380 1624 1503 1675 scripsit
1530 1623 1630 1659 tribus
1656 1621 1748 1654 circi-

121 1686 170 1713 ter
189 1674 339 1712 versuum
365 1676 510 1712 millbus.

25 1729 150 1769 Draco,
181 1741 284 1779 nepos
309 1730 537 1776 Hippocratis,
569 1729 687 1765 medici
712 1730 799 1766 illius
830 1731 1052 1772 celeberrimi,
1087 1730 1173 1765 filius
1204 1727 1372 1766 Thessali,
1408 1738 1498 1777 pater
1523 1725 1746 1774 Hippocratis-2

127 1783 216 1815 cuius
237 1780 321 1815 silius
346 1779 451 1815 rursus
472 1778 534 1815 fuit
556 1782 688 1822 Draco,
716 1793 747 1817 et
767 1780 834 1832 ipse
856 1782 1021 1825 medicus,
1049 1785 1104 1831 qui
1120 1784 1324 1823 Rhoxanen,
1354 1778 1529 1815 Alexandri
1551 1774 1746 1814 Macedonis

126 1833 303 1880 coniugem
326 1834 462 1867 curauit.

24 1884 136 1919 Draco
156 1882 418 1923 Stratonicensis,
441 1885 690 1929 grammaticus,
716 1881 836 1929 scripsit
852 1883 890 1918 de
903 1890 974 1919 arte
999 1884 1231 1930 grammatica:
1257 1880 1537 1930 orthographiam:
1569 1877 1647 1927 nee)
1676 1875 1747 1915 τῶιῐ

126 1932 228 1973 nard
249 1933 412 1982 συζυγίαν
437 1931 609 1982 ἕνομοὶτων
631 1936 668 1969 de
691 1937 869 1980 coniugatis
900 1937 1100 1970 nominibus:
1139 1937 1175 1969 de
1193 1934 1455 1979 pronominibus:
1487 1932 1524 1966 de
1545 1932 1654 1964 metris
1677 1938 1745 1962 ver·

117 1987 235 2034 ficum:
262 1988 297 2021 de
314 1988 457 2033 Satyris:
480 1989 516 2020 de
533 1987 673 2021 Pindari
685 1989 896 2022 carminibus:
922 1989 959 2021 de
981 1987 1160 2032 Sapphonis
1175 1987 1306 2020 metris:
1332 1986 1369 2019 de
1386 1984 1495 2019 Alcaei
1515 1982 1717 2016 carminibus.

26 2035 223 2083 Ἐκβιοιςῆς.
266 2036 398 2088 ’Ἄμφω
411 2035 485 2087 γάρ
500 2037 575 2075 εἰσιν
592 2036 758 2087 {nemea}
781 2039 842 2081 τῆς
863 2034 967 2082 δίκης,
989 2035 1047 2084 &xi
1070 2034 1225 2076 νύττεσιν
1252 2036 1344 2084 ἡμεῖς
1370 2031 1455 2085 πρὲς
1485 2032 1526 2072 τὲ
1557 2034 1618 2076 τῆς
1654 2027 1743 2075 δίκης

127 2093 257 2140 πέρας,
283 2093 371 2126 ambo
384 2091 468 2137 sum
491 2103 579 2125 acres
594 2090 757 2125 exaffores
780 2093 881 2133 iuris,
909 2092 962 2137 qui
985 2102 1044 2124 uos
1055 2089 1197 2135 stimulis
1218 2091 1262 2123 ad
1279 2087 1430 2135 iustitiam
1452 2086 1669 2133 cxabi'zffimam
1696 2086 1742 2116 in·

127 2146 239 2178 citant.
300 2144 393 2177 Haec
417 2141 457 2177 de
480 2144 695 2190 Gregorioet
712 2141 838 2177 Basilio.

28 2191 226 2242 'Euns'onS'
254 2192 272 2237 ἦ
295 2191 438 2242 laetaturi,
466 2194 562 2241 excs‘fit
586 2193 626 2239 cst
654 2195 775 2239 musica.
829 2195 940 2240 Qium
959 2202 1081 2227 veteres
1097 2191 1179 2229 olim
1196 2194 1228 2227 in
1247 2192 1406 2226 conuiuiis
1428 2189 1568 2225 eruditas
1586 2185 1745 2237 quaestio-

129 2259 185 2282 nes
202 2247 338 2281 tractare
356 2244 506 2286 solerent,
536 2245 653 2294 posteri
673 2238 813 2292 psaltrias
837 2256 867 2280 et
883 2245 1086 2279 citharistrias
1106 2257 1134 2279 et
1152 2242 1320 2279 saltatrices
1336 2255 1445 2277 earum
1464 2241 1541 2277 loco
1560 2238 1744 2275 introduxea

127 2307 213 2333 runt.
242 2297 337 2332 Vnde
355 2295 488 2340 quidam
507 2299 735 2345 καινοτομίαν,
753 2300 933 2332 nouitatem
944 2298 1026 2331 hanc
1040 2295 1321 2344 reprehendenteS,
1337 2291 1582 2342 prouerbioillo
1600 2289 1645 2326 vsl
1661 2288 1745 2324 sunt.

26 2347 81 2388 Ἐκ
102 2352 326 2387 Μασσαλίας
350 2347 455 2393 ἥκεις,
481 2362 495 2382 e
516 2350 652 2394 flffaffilia
676 2352 781 2391 venis,
806 2347 923 2384 dicitur
939 2348 978 2384 de
1002 2348 1189 2384 hominibus
1213 2345 1407 2383 effeminatis
1429 2355 1458 2381 et
1478 2343 1639 2383 delicatis,
1668 2353 1745 2390 qua-

126 2402 171 2437 les
189 2399 404 2438 Massilienses
427 2400 511 2437 olim
527 2398 620 2437 fuiise
636 2399 798 2437 dicuntur.
1706 2438 1715 2449 Ι

960 2450 1028 2487 Lll
1056 2463 1073 2495 3
1580 2443 1743 2491 Ἐλοιτηξ·
