2013 2725
151 85 216 126 640
270 78 341 113 Lib.
359 75 404 111 V.
425 86 450 110 c.
468 71 547 110 XL.
736 63 981 104 GLOSSARIA
1009 62 1113 101 CAR.
1141 63 1293 100 LABBEI
1604 66 1862 102 V01.x.p.591p60

152 186 261 212 vocum
285 181 492 221 graecarum,
526 164 581 212 [if]
612 164 645 198 in
666 161 778 208 quibus
799 159 944 207 diuerfin
963 166 1105 195 accentus
1117 159 1377 209 fignificationcm
1400 161 1565 204 immutat,
1591 168 1623 197 et
1642 161 1866 210 Onomasticon

155 234 247 264 vetus
270 226 388 260 Latino
415 223 570 256 Graecum
585 218 645 262 ¹⁰),
672 215 742 248 olim
758 213 879 259 quidem
903 212 1117 260 Argentorati
1131 226 1180 249 an.
1199 214 1271 258 1556.
1289 213 1424 256 editum,
1451 219 1482 248 et
1500 213 1649 259 Calepino
1668 214 1867 261 praefixum:

156 279 268 329 quibus
291 275 441 312 omnibus
464 270 580 306 adiecit
609 266 665 301 ille
691 267 794 301 Notas
816 274 847 300 et
870 263 1124 312 castigationes,
1151 274 1223 301 tum
1248 267 1281 298 in
1307 261 1484 306 Glosi‘aria,
1513 275 1583 300 tum
1600 268 1633 300 in
1650 275 1773 306 cetera,
1801 267 1871 314 qui·

156 333 213 366 bus
241 328 415 365 editionem
443 322 530 357 suam
557 319 736 354 adornauit.
788 319 861 365 Qa
878 320 909 351 in
927 330 962 351 re
983 316 1015 352 id
1039 315 1213 365 praestitit,
1238 315 1327 364 quod
1348 315 1513 364 pollicitus
1542 314 1648 352 fuerat
1676 318 1871 365 Stephanus,

156 385 211 432 qui
238 378 514 415 Emendationum
541 371 688 412 suarum,
716 381 852 419 quarum
876 371 940 404 iam
967 381 1124 417 maguam
1148 379 1276 418 partem
1301 366 1465 404 adfed'iam
1489 379 1520 403 et
1549 378 1698 416 paratam
1729 365 1872 404 habuisse

157 434 186 469 se
211 432 353 467 tesiatu1·‚
381 426 470 476 spem
493 424 663 460 lecioribus
683 424 852 460 iniecerat,
880 424 1024 456 maxime
1047 423 1080 456 iu
1103 419 1267 455 vocabulis
1289 422 1430 467 graecis,
1459 433 1540 468 quae
1562 429 1593 454 vt
1608 417 1782 460 mendosa,
1807 419 1874 462 vel,

155 484 267 520 saltem
287 493 366 529 quae
383 477 491 513 mendi
507 474 650 524 suspedia
663 471 726 508 visa
743 483 851 514 erant,
883 473 1002 521 absque
1019 482 1151 507 accentu
1167 471 1317 507 ediderat.
1368 473 1513 513 Verum„
1541 480 1573 506 vt
1588 470 1680 521 saepe
1702 473 1874 520 contingit,

156 539 242 571 viros
266 532 381 567 doctos
405 528 580 565 nonnullas
605 525 739 574 adgredi
763 523 865 559 solere
887 523 1052 559 litterarias
1069 523 1330 566 lucubrationes,
1357 523 1472 572 quibus
1487 522 1637 558 vltimam
1666 535 1806 558 manum
1822 521 1875 557 ad-

157 598 279 635 ponere
303 596 394 619 mors
418 589 518 622 vetat,
546 593 583 626 ea
609 579 763 625 Stephani
788 576 970 611 lucubratio
995 589 1071 610 cum
1095 573 1163 623 ipso
1187 576 1322 610 auctore
1352 578 1487 610 interiit:
1514 573 1602 623 quod
1627 574 1760 623 quidem
1784 572 1876 609 dam-

159 651 239 673 num
263 633 412 671 resarcire
428 642 562 668 conatus
578 629 623 665 est
640 629 826 664 Vulcanius.
879 628 940 662 Sed
961 636 993 663 et
1016 626 1047 661 id
1072 625 1102 661 se
1122 630 1242 675 pariter
1270 625 1455 675 adgressum
1481 627 1655 674 profitetur
1676 625 1793 661 alicubi
1814 626 1877 661 Ca-

158 688 319 724 saubonus
335 687 390 730 x),
418 687 470 733 qui
493 696 596 732 quum
614 677 800 729 accepisset,
825 677 979 715 Glossarii
992 677 1169 714 editionem
1186 681 1290 727 parari
1313 693 1331 713 a
1349 678 1533 721 Vulcanio,
1560 677 1598 712 ab
1623 679 1752 726 incepto
1783 675 1878 712 desii.

159 743 207 777 tit.
260 737 424 774 Haffemts
449 737 605 782 Congius.
1182 728 1184 731 ’

259 791 413 838 Denique
430 788 569 824 Carolus
583 786 741 823 Labbeus,
764 785 860 818 ICtus
882 779 1080 819 Par-ifienfiffi
1107 779 1327 829 frequentibus
1341 778 1470 827 Iosephi
1486 779 1640 828 Scaligeri
1662 788 1693 815 et
1707 776 1804 815 Isaaci
1815 780 1879 815 Ca-

162 841 298 879 sanboni
319 841 430 875 litteris
454 840 627 876 excitatus,
654 834 693 869 ad
715 835 887 869 meliorem
911 831 1130 867 studiosorum
1153 831 1244 866 vsum
1265 828 1457 878 glossarium
1485 829 1606 878 duplex
1631 831 1735 878 longe
1754 830 1894 866 accura-‘

161 896 224 931 tius
245 892 438 943 pleniusque
464 891 506 924 ita
534 887 724 927 adornauit,
758 895 793 920 vt
820 884 1114 932 latino-graecum
1147 896 1186 918 ex
1217 882 1486 932 graeco-latino,
1519 879 1719 930 viciffimque
1749 893 1883 930 graeco-

162 947 301 983 latinum
327 957 365 978 ex
390 942 660 987 mino-graeco,
695 947 725 972 et
743 947 918 985 vtmmque
938 948 977 970 ex
1000 934 1216 971 Onomaslico
1239 947 1358 984 graeco
1376 933 1503 969 -latino
1533 936 1727 982 ceterisque,
1760 933 1805 971 ab
1833 934 1880 967 H.

163 999 329 1044 Stephano
348 1005 378 1031 et
395 992 556 1029 Vulcanio
587 989 772 1038 publicatis,
809 986 971 1036 suppleret
993 997 1023 1022 et
1044 989 1235 1023 accuratiori
1257 987 1438 1022 litterarum
1461 984 1577 1021 ordine
1600 983 1781 1033 digereret,
1821 986 1883 1020 hac

165 1048 389 1084 iudicationis,
428 1042 512 1080 vnde
538 1041 666 1088 singula
696 1041 829 1088 repetita
858 1038 995 1085 fuerint,
1042 1036 1166 1074 seruata
1195 1040 1342 1079 ratione,
1389 1048 1423 1072 vt
1444 1050 1561 1082 voces,
1605 1049 1688 1086 quae
1711 1039 1745 1071 in
1762 1036 1884 1075 latino-

166 1113 286 1149 graeco
308 1095 481 1146 glossario,
517 1107 558 1130 ex
587 1094 857 1140 latino-graeco,
896 1105 933 1126 ae
954 1088 1092 1127 vicissim
1119 1104 1202 1139 quae
1225 1093 1257 1125 in
1272 1088 1530 1138 *graeco-‚latino
1554 1100 1593 1124 ex
1615 1100 1735 1136 graeco
1755 1086 1884 1123 -latino

164 1153 301 1188 Henrici
325 1150 478 1197 Stephani
500 1143 666 1182 desumtae
691 1143 779 1185 sunt,
804 1142 899 1179 nullo
924 1144 1109 1180 charactere
1133 1141 1360 1191 designentur:
1386 1151 1502 1177 contra
1524 1152 1626 1183 vero,
1654 1152 1735 1189 quae
1758 1141 1794 1177 in
1813 1138 1883 1175 lati⁶

166 1214 355 1251 no-graeco
378 1214 416 1236 ex
440 1197 691 1248 graeco-latino
719 1193 877 1243 exscripta
900 1193 991 1238 sunt,
1018 1194 1216 1231 denotentur
1240 1195 1346 1231 littera
1369 1193 1407 1229 C.
1433 1207 1497 1242 qua
1524 1192 1644 1242 Gya-illi
1677 1193 1814 1227 nomine
1837 1193 1886 1226 in·

166 1253 322 1305 scriptum
349 1249 538 1301 glossarium
556 1251 720 1284 innuitur:
746 1247 901 1289 viciffim‚
929 1261 1011 1296 quae
1034 1250 1068 1281 in
1088 1245 1340 1295 graeco-latino
1363 1258 1401 1279 ex
1422 1244 1690 1292 latinougraeco',
1716 1243 1823 1279 littera
1842 1242 1887 1279 P.

168 1320 231 1355 qua
256 1305 425 1340 Philoxeni
446 1315 570 1338 nomen
596 1299 690 1335 datur
713 1299 868 1347 intelligi,
894 1299 971 1334 licet
988 1298 1207 1334 Philoxenum
1234 1296 1319 1332 illius
1341 1293 1403 1331 effe
1424 1293 1569 1345 glossarii
1586 1296 1764 1334 'auderem
1785 1295 1888 1330 neuti-

169 1371 267 1407 quam
285 1356 338 1402 [if]
354 1354 487 1390 constet.
527 1355 620 1401 Qae
633 1364 736 1400 porro
757 1353 790 1386 in
805 1361 943 1399 vtroque
957 1348 1113 1398 glossario
1129 1347 1353 1385 describuntur
1365 1361 1403 1383 ex
1418 1349 1575 1396 excerptis
1586 1377 1596 1394 ‚
1621 1346 1730 1382 littera
1746 1347 1784 1385 E.
1805 1359 1888 1394 quae

170 1423 207 1445 ex
237 1406 472 1447 Onomassico,
500 1403 605 1439 littera
629 1408 688 1445 0.‚
710 1415 793 1451 quae
817 1401 959 1450 denique
981 1415 1020 1437 ex
1046 1400 1175 1437 laudata
1196 1399 1345 1448 sylloge,
1380 1399 1488 1435 littera
1509 1401 1539 1434 S.
1557 1397 1776 1434 denotentur.
1809 1398 1889 1433 Hoc

170 1459 361 1509 gloss'ariurn
378 1468 565 1505 vtrumque,
589 1457 631 1490 ita
646 1453 820 1503 digestum,
846 1466 1013 1502 manuque
1029 1450 1083 1488 sua
1109 1453 1210 1488 nitide
1226 1450 1442 1500 descriptum,
1464 1451 1608 1486 Labbeus
1637 1452 1782 1485 moriens
1801 1449 1889 1497 lega*-

169 1516 213 1547 vit
234 1510 368 1559 Aegidio
392 1510 565 1554 Menagio,
590 1520 608 1541 a
625 1519 691 1555 quo
714 1515 884 1553 acceptum
911 1503 1029 1541 deinde
1051 1505 1197 1552 Congius
1217 1502 1316 1539 edidit
1341 1501 1462 1538 Parisiis
1491 1515 1532 1538 ex
1565 1498 1892 1538 officina'Ludouici

171 1563 307 1599 Billaine
332 1563 422 1607 1679.
440 1558 501 1594 fol.
564 1560 730 1605 Cangium
753 1559 861 1596 enim,
900 1559 955 1605 qui
978 1558 1104 1591 nomen
1127 1554 1223 1592 suum
1249 1568 1318 1590 non
1345 1551 1527 1602 adscripsit,
1566 1553 1736 1589 auctorem
1764 1550 1889 1601 praefa-

175 1616 272 1649 tionis
301 1611 380 1649 esse‚
425 1623 508 1659 quae
536 1601 737 1656 typographi
763 1609 901 1643 nomine
923 1605 1082 1655 glossariis
1104 1606 1281 1642 Labbeanis
1300 1605 1508 1654 praefigitur,
1557 1604 1688 1640 testatur
1717 1601 1893 1652 Mmogius

175 1669 208 1701 in
231 1667 304 1699 Anti
328 1662 463 1698 Bailleto
486 1674 555 1710 cap.
581 1662 649 1696 106.
671 1669 754 1694 tom.
772 1671 801 1694 2.
825 1671 900 1707 pag.
925 1666 973 1698 18.
1052 1661 1163 1707 Itaque
1191 1666 1222 1692 et
1246 1657 1285 1691 ab
1318 1658 1449 1704 Cangio
1477 1654 1623 1705 suspicor
1650 1653 1803 1691 colledias
1829 1653 1893 1701 esse

175 1716 399 1763 castigationes
419 1723 451 1748 et
479 1710 724 1749 emendationes
753 1713 786 1744 in
817 1721 990 1758 vti-umque
1020 1708 1233 1757 glossarium,
1289 1721 1371 1756 quae
1398 1721 1415 1742 e
1442 1710 1590 1742 virorum
1619 1705 1894 1742 doctorem-’scri-

176 1770 237 1818 ptis
262 1776 293 1802 et
317 1764 496 1801 collatione
517 1764 612 1799 MSS.
638 1764 732 1810 Regii
757 1775 794 1796 ac
815 1759 1120 1809 Sangermanensis,
1160 1773 1221 1795 nec
1243 1772 1312 1794 non
1336 1757 1492 1808 exemplo
1524 1755 1759 1807 glossariorum
1791 1759 1895 1795 Henr.

1819 1800 1823 1807 ι

171 1819 352 1868 Stephani,
386 1814 476 1865 quod
501 1827 601 1849 manu
629 1815 742 1861 magni
767 1814 892 1847 Cuiacii
930 1821 1081 1848 notatum
1101 1809 1247 1847 seruatur
1269 1813 1304 1846 in
1327 1809 1474 1845 biblioth.
1500 1809 1703 1857 Colbertina.
1730 1808 1811 1851 JJAd
1832 1809 1895 1845 cal'-
1948 1802 1970 1817 ’“

177 1884 251 1906 cem
283 1869 460 1905 voluminis
493 1863 622 1901 recusae
651 1865 774 1900 exstant
804 1874 926 1900 veteres
961 1862 1085 1912 glossae
1110 1863 1286 1899 verborum
1309 1864 1408 1901 luris,
1451 1875 1536 1910 quae
1555 1860 1670 1910 paffim
1691 1855 1734 1898 in‘
1751 1857 1894 1899 Bafilicis

178 1923 399 1970 reperiuntur,
437 1931 513 1967 quas
540 1930 579 1951 ex
606 1918 699 1951 variis
724 1917 821 1952 MSS.
845 1915 946 1952 codd.
971 1915 1047 1951 bibl.
1077 1913 1170 1950 Paris.
1199 1923 1305 1949 erutas
1339 1912 1541 1961 digestasque
1558 1922 1590 1948 et
1615 1913 1895 1950 notisrillustratas

178 1972 317 2009 Carolus
340 1969 482 2006 Labbeus
508 1966 608 2004 edidit
628 1966 750 2003 Parisiis
768 1970 863 2004 1606.
885 1973 915 2009 8.
967 1967 1029 2002 Sed
1051 1965 1092 2004 de
1117 1968 1168 2002 his
1188 1965 1323 2015 aliisque
1342 1963 1503 2013 glossariis
1524 1963 1667 2000 Iuridicis
1692 1975 1724 2000 et
1745 1966 1894 2002 Nomicis

1745 2016 1899 2066 quemad.

182 2090 226 2126 aaa.)
242 2088 380 2124 ἐιημοισιάχ
394 2088 443 2115 τῶν
459 2083 606 2126 ἁρχόντων,
622 2084 718 2127 qualia
731 2085 835 2115 Suidae
845 2083 936 2114 solent
951 2082 1014 2114 sub·
1060 2085 1233 2125 praestantia
1247 2082 1494 2114 selefflffimorum
1508 2081 1721 2120 vocabulorum
1741 2083 1836 2115 nihilo
1851 2086 1896 2115 in.

180 2135 229 2163 iici
248 2143 302 2162 vna
319 2142 384 2160 cum
400 2131 484 2159 breui
502 2129 618 2160 Vrln'cli
635 2128 864 2169 epospasmatio‚
886 2125 1016 2166 Ὀρβικίε
1060 2128 1151 2158 serius
1167 2126 1326 2157 Vulcanius
1343 2125 1487 2167 adpellat,
1510 2125 1570 2156 sola
1583 2125 1648 2156 vsus
1664 2128 1896 2164 Argentoratenfi

184 2176 242 2214 περὶ
264 2177 312 2202 τῶν
335 2174 395 2213 περὶ
413 2171 443 2201 τὸ
468 2170 611 2212 ς-ράτευμκ
634 2171 742 2206 τελέων.
787 2170 852 2200 Ilias
875 2168 1017 2206 ὅνομκσιόιε
1061 2170 1209 2204 editione,
1231 2172 1330 2210 itaque
1345 2177 1374 2199 et
1387 2167 1528 2199 vocabula
1549 2179 1566 2198 a
1583 2168 1674 2198 literis
1696 2171 1763 2199 Xet
1779 2173 1799 2200 Z
1824 2172 1895 2200 inci-

184 2219 326 2247 aufflorcs
343 2227 442 2255 graece
459 2227 493 2245 cx
512 2216 609 2245 codice
626 2216 815 2252 Seguieriano
833 2214 914 2244 dedit
929 2222 957 2244 et
977 2213 1018 2243 la·
1061 2216 1170 2255 pientia
1187 2213 1302 2249 omisit,
1333 2215 1402 2253 quia
1425 2212 1894 2251 typographus>Argentoratenfis

186 2263 272 2290 tinam
293 2260 453 2289 versionem
472 2258 603 2288 adiunxit
626 2256 852 2288 Montfauconus
875 2268 940 2298 pag.
959 2266 1019 2293 505.
1063 2257 1113 2287 illa
1136 2267 1171 2286 ex
1193 2256 1293 2286 codice
1308 2258 1368 2287 MS.
1392 2254 1607 2295 repraesentare
1626 2253 1793 2290 neglexerat
1815 2255 1895 2291 ideo,

186 2303 242 2343 [ιη.
265 2301 334 2331 bibl.
357 2301 562 2330 Coislinianae.
1064 2300 1144 2342 quod
1155 2310 1237 2329 mere
1254 2310 1355 2337 graeca
1377 2298 1475 2329 essent.

230 2349 273 2384 w)
310 2347 372 2374 Hoc
406 2345 602 2373 onomasticon
630 2343 778 2384 prioribus
800 2342 857 2373 illis
879 2341 1021 2381 gloffariis
1106 2348 1143 2379 x)
1165 2342 1293 2384 Epistola
1306 2344 1365 2373 LV.
1385 2341 1422 2372 ad
1438 2338 1516 2372 Frid.
1532 2337 1774 2377 Lindebtogium.
