<?xml version="1.0" encoding="UTF-8"?>
<!DOCTYPE html PUBLIC "-//W3C//DTD XHTML 1.0 Transitional//EN"
    "http://www.w3.org/TR/xhtml1/DTD/xhtml1-transitional.dtd">
<html xmlns="http://www.w3.org/1999/xhtml" xml:lang="en" lang="en">
 <head>
  <title>
</title>
<meta http-equiv="Content-Type" content="text/html;charset=utf-8" />
  <meta name='ocr-system' content='tesseract 3.04.00' />
  <meta name='ocr-capabilities' content='ocr_page ocr_carea ocr_par ocr_line ocrx_word'/>
</head>
<body>
  <div class='ocr_page' id='page_1' title='image "./bibliothecagraec05fabruoft_0146.png"; bbox 0 0 2013 2725; ppageno 0'>
   <div class='ocr_carea' id='block_1_1' title="bbox 223 154 1941 208">
    <p class='ocr_par' dir='ltr' id='par_1_1' title="bbox 223 154 1941 208">
     <span class='ocr_line' id='line_1_1' title="bbox 223 154 1941 208; baseline -0.004 -11"><span class='ocrx_word' id='word_1_1' title='bbox 223 174 278 208; x_wconf 64' lang='lat'>1²:24</span> <span class='ocrx_word' id='word_1_2' title='bbox 375 160 447 197; x_wconf 67' lang='lat' dir='ltr'>Lib.</span> <span class='ocrx_word' id='word_1_3' title='bbox 460 157 531 195; x_wconf 90' lang='lat' dir='ltr'>IV.</span> <span class='ocrx_word' id='word_1_4' title='bbox 549 168 571 192; x_wconf 90' lang='lat' dir='ltr'>c.</span> <span class='ocrx_word' id='word_1_5' title='bbox 583 155 677 191; x_wconf 84' lang='lat' dir='ltr'>XII.</span> <span class='ocrx_word' id='word_1_6' title='bbox 820 154 972 191; x_wconf 87' lang='lat' dir='ltr'>DIONIS</span> <span class='ocrx_word' id='word_1_7' title='bbox 1008 154 1342 190; x_wconf 80' lang='lat' dir='ltr'>CHRYSOSTOMI</span> <span class='ocrx_word' id='word_1_8' title='bbox 1612 155 1677 183; x_wconf 70' lang='lat' dir='ltr'>Vol·</span> <span class='ocrx_word' id='word_1_9' title='bbox 1693 156 1741 183; x_wconf 74' lang='lat'>1¹¹·</span> <span class='ocrx_word' id='word_1_10' title='bbox 1758 157 1941 204; x_wconf 57' lang='lat' dir='ltr'>p-307P-32</span> 
     </span>
    </p>
   </div>
   <div class='ocr_carea' id='block_1_2' title="bbox 224 248 1942 358">
    <p class='ocr_par' dir='ltr' id='par_1_2' title="bbox 224 248 1942 358">
     <span class='ocr_line' id='line_1_2' title="bbox 325 248 1942 300; baseline -0.001 -16"><span class='ocrx_word' id='word_1_11' title='bbox 325 257 366 291; x_wconf 79' lang='lat' dir='ltr'>V,</span> <span class='ocrx_word' id='word_1_12' title='bbox 389 256 444 300; x_wconf 79' lang='lat'>(5)</span> <span class='ocrx_word' id='word_1_13' title='bbox 469 249 619 296; x_wconf 58' lang='grc' dir='ltr'>Λβυχὲς</span> <span class='ocrx_word' id='word_1_14' title='bbox 634 251 775 292; x_wconf 71' lang='grc' dir='ltr'><em>Μῦθος,</em></span> <span class='ocrx_word' id='word_1_15' title='bbox 802 249 925 283; x_wconf 77' lang='lat' dir='ltr'>Fabula</span> <span class='ocrx_word' id='word_1_16' title='bbox 939 250 1056 297; x_wconf 78' lang='lat' dir='ltr'>Libyca</span> <span class='ocrx_word' id='word_1_17' title='bbox 1067 277 1077 293; x_wconf 91' lang='lat'>,</span> <span class='ocrx_word' id='word_1_18' title='bbox 1101 249 1232 298; x_wconf 89' lang='lat' dir='ltr'>qualem</span> <span class='ocrx_word' id='word_1_19' title='bbox 1250 248 1437 285; x_wconf 57' lang='lat' dir='ltr'>Alexandro</span> <span class='ocrx_word' id='word_1_20' title='bbox 1453 250 1583 298; x_wconf 80' lang='lat' dir='ltr'>Magno</span> <span class='ocrx_word' id='word_1_21' title='bbox 1599 252 1632 294; x_wconf 71' lang='lat'>²)</span> <span class='ocrx_word' id='word_1_22' title='bbox 1645 259 1806 285; x_wconf 79' lang='lat' dir='ltr'>narratam</span> <span class='ocrx_word' id='word_1_23' title='bbox 1827 265 1845 285; x_wconf 91' lang='lat' dir='ltr'>a</span> <span class='ocrx_word' id='word_1_24' title='bbox 1860 252 1942 287; x_wconf 86' lang='lat' dir='ltr'>Dio.</span> 
     </span>
     <span class='ocr_line' id='line_1_3' title="bbox 224 301 1942 358; baseline -0.003 -15"><span class='ocrx_word' id='word_1_25' title='bbox 224 320 308 358; x_wconf 86' lang='lat' dir='ltr'>gene</span> <span class='ocrx_word' id='word_1_26' title='bbox 323 308 455 351; x_wconf 87' lang='lat' dir='ltr'>Cynico</span> <span class='ocrx_word' id='word_1_27' title='bbox 473 304 595 340; x_wconf 84' lang='lat' dir='ltr'>dixerat</span> <span class='ocrx_word' id='word_1_28' title='bbox 612 304 761 338; x_wconf 86' lang='lat' dir='ltr'>oratione</span> <span class='ocrx_word' id='word_1_29' title='bbox 776 301 831 336; x_wconf 89' lang='lat' dir='ltr'>IV.</span> <span class='ocrx_word' id='word_1_30' title='bbox 849 313 923 349; x_wconf 83' lang='lat' dir='ltr'>pag.</span> <span class='ocrx_word' id='word_1_31' title='bbox 939 313 986 345; x_wconf 85' lang='lat'>7¹·</span> <span class='ocrx_word' id='word_1_32' title='bbox 1004 302 1066 337; x_wconf 73' lang='lat' dir='ltr'>vvbi</span> <span class='ocrx_word' id='word_1_33' title='bbox 1091 301 1179 336; x_wconf 88' lang='lat' dir='ltr'>male</span> <span class='ocrx_word' id='word_1_34' title='bbox 1204 304 1380 351; x_wconf 82' lang='lat' dir='ltr'>interpres:</span> <span class='ocrx_word' id='word_1_35' title='bbox 1395 302 1547 349; x_wconf 74' lang='lat' dir='ltr'>fabulam</span> <span class='ocrx_word' id='word_1_36' title='bbox 1570 302 1655 336; x_wconf 74' lang='lat' dir='ltr'>illam</span> <span class='ocrx_word' id='word_1_37' title='bbox 1670 303 1701 334; x_wconf 85' lang='lat' dir='ltr'>in</span> <span class='ocrx_word' id='word_1_38' title='bbox 1717 302 1942 348; x_wconf 76' lang='lat' dir='ltr'>posterioribus</span> 
     </span>
    </p>
   </div>
   <div class='ocr_carea' id='block_1_3' title="bbox 222 352 2007 399">
    <p class='ocr_par' dir='ltr' id='par_1_3' title="bbox 222 352 2007 399">
     <span class='ocr_line' id='line_1_4' title="bbox 222 352 2007 399; baseline -0.004 -3"><span class='ocrx_word' id='word_1_39' title='bbox 222 360 369 396; x_wconf 77' lang='lat' dir='ltr'><strong><em>recitabo.</em></strong></span> <span class='ocrx_word' id='word_1_40' title='bbox 421 359 508 393; x_wconf 89' lang='lat' dir='ltr'>Nam</span> <span class='ocrx_word' id='word_1_41' title='bbox 523 358 558 391; x_wconf 88' lang='lat' dir='ltr'>iu</span> <span class='ocrx_word' id='word_1_42' title='bbox 574 357 700 390; x_wconf 88' lang='lat' dir='ltr'>Graeco</span> <span class='ocrx_word' id='word_1_43' title='bbox 716 352 776 388; x_wconf 89' lang='lat' dir='ltr'>est:</span> <span class='ocrx_word' id='word_1_44' title='bbox 803 352 986 398; x_wconf 74' lang='lat' dir='ltr'>confh.&#39;antaes</span> <span class='ocrx_word' id='word_1_45' title='bbox 1001 364 1035 386; x_wconf 83' lang='grc' dir='ltr'>αι·</span> <span class='ocrx_word' id='word_1_46' title='bbox 1048 355 1178 399; x_wconf 78' lang='lat' dir='ltr'>benigne</span> <span class='ocrx_word' id='word_1_47' title='bbox 1193 353 1387 394; x_wconf 65' lang='lat' dir='ltr'>traffnntes,</span> <span class='ocrx_word' id='word_1_48' title='bbox 1414 354 1475 387; x_wconf 80' lang='lat' dir='ltr'>illis</span> <span class='ocrx_word' id='word_1_49' title='bbox 1489 353 1639 399; x_wconf 76' lang='lat' dir='ltr'>fabulam</span> <span class='ocrx_word' id='word_1_50' title='bbox 1663 353 1771 388; x_wconf 72' lang='lat' dir='ltr'>deiude</span> <span class='ocrx_word' id='word_1_51' title='bbox 1794 355 1940 390; x_wconf 82' lang='lat' dir='ltr'>recitant.</span> <span class='ocrx_word' id='word_1_52' title='bbox 2002 363 2007 367; x_wconf 79' lang='grc'><strong><em>’</em></strong></span> 
     </span>
    </p>
   </div>
   <div class='ocr_carea' id='block_1_4' title="bbox 223 402 1543 457">
    <p class='ocr_par' dir='ltr' id='par_1_4' title="bbox 223 402 1543 457">
     <span class='ocr_line' id='line_1_5' title="bbox 223 402 1543 457; baseline -0.005 -10"><span class='ocrx_word' id='word_1_53' title='bbox 223 412 275 448; x_wconf 91' lang='lat' dir='ltr'>De</span> <span class='ocrx_word' id='word_1_54' title='bbox 289 405 554 457; x_wconf 55' lang='lat' dir='ltr'>Libycis-puiffiic</span> <span class='ocrx_word' id='word_1_55' title='bbox 568 405 633 441; x_wconf 85' lang='lat' dir='ltr'>dixi</span> <span class='ocrx_word' id='word_1_56' title='bbox 652 402 812 440; x_wconf 85' lang='lat' dir='ltr'>nonnulla</span> <span class='ocrx_word' id='word_1_57' title='bbox 828 403 884 439; x_wconf 88' lang='lat' dir='ltr'>lib.</span> <span class='ocrx_word' id='word_1_58' title='bbox 898 405 939 439; x_wconf 85' lang='lat'>11.</span> <span class='ocrx_word' id='word_1_59' title='bbox 953 417 1022 452; x_wconf 85' lang='lat' dir='ltr'>cap.</span> <span class='ocrx_word' id='word_1_60' title='bbox 1039 404 1093 439; x_wconf 85' lang='lat' dir='ltr'>IX.</span> <span class='ocrx_word' id='word_1_61' title='bbox 1111 405 1142 450; x_wconf 80' lang='lat'>§.</span> <span class='ocrx_word' id='word_1_62' title='bbox 1160 407 1191 440; x_wconf 90' lang='lat'>6.</span> <span class='ocrx_word' id='word_1_63' title='bbox 1218 404 1301 451; x_wconf 85' lang='lat' dir='ltr'>[vol.</span> <span class='ocrx_word' id='word_1_64' title='bbox 1316 407 1339 439; x_wconf 87' lang='lat'>1.</span> <span class='ocrx_word' id='word_1_65' title='bbox 1359 417 1434 454; x_wconf 86' lang='lat' dir='ltr'>pag.</span> <span class='ocrx_word' id='word_1_66' title='bbox 1452 406 1543 452; x_wconf 83' lang='lat'>627.]</span> 
     </span>
    </p>
   </div>
   <div class='ocr_carea' id='block_1_5' title="bbox 222 476 1943 634">
    <p class='ocr_par' dir='ltr' id='par_1_5' title="bbox 222 476 1943 634">
     <span class='ocr_line' id='line_1_6' title="bbox 325 476 1940 531; baseline -0.002 -11"><span class='ocrx_word' id='word_1_67' title='bbox 325 488 353 520; x_wconf 88' lang='lat' dir='ltr'>V</span> <span class='ocrx_word' id='word_1_68' title='bbox 360 487 382 519; x_wconf 83' lang='grc' dir='ltr'>Ι.</span> <span class='ocrx_word' id='word_1_69' title='bbox 410 484 474 527; x_wconf 87' lang='lat'>(6.)</span> <span class='ocrx_word' id='word_1_70' title='bbox 498 484 654 529; x_wconf 63' lang='grc' dir='ltr'>Διογένης</span> <span class='ocrx_word' id='word_1_71' title='bbox 670 478 688 526; x_wconf 69' lang='grc' dir='ltr'>ἢ</span> <span class='ocrx_word' id='word_1_72' title='bbox 706 481 780 531; x_wconf 58' lang='grc' dir='ltr'>περὶ</span> <span class='ocrx_word' id='word_1_73' title='bbox 798 476 1002 530; x_wconf 56' lang='grc' dir='ltr'>Τυραννίδα.</span> <span class='ocrx_word' id='word_1_74' title='bbox 1029 481 1194 528; x_wconf 76' lang='lat' dir='ltr'>Diogenes</span> <span class='ocrx_word' id='word_1_75' title='bbox 1202 482 1272 530; x_wconf 73' lang='lat' dir='ltr'>stuc</span> <span class='ocrx_word' id='word_1_76' title='bbox 1296 482 1334 516; x_wconf 77' lang='lat' dir='ltr'>a&#39;e</span> <span class='ocrx_word' id='word_1_77' title='bbox 1352 482 1529 529; x_wconf 69' lang='lat' dir='ltr'>tyrannide.</span> <span class='ocrx_word' id='word_1_78' title='bbox 1587 481 1745 515; x_wconf 78' lang='lat' dir='ltr'>Continet</span> <span class='ocrx_word' id='word_1_79' title='bbox 1768 481 1940 529; x_wconf 77' lang='lat' dir='ltr'><strong>Diogenis,</strong></span> 
     </span>
     <span class='ocr_line' id='line_1_7' title="bbox 224 529 1943 583; baseline -0.004 -12"><span class='ocrx_word' id='word_1_80' title='bbox 224 539 347 582; x_wconf 74' lang='lat' dir='ltr'>Cynici</span> <span class='ocrx_word' id='word_1_81' title='bbox 363 538 451 571; x_wconf 82' lang='lat' dir='ltr'>varia</span> <span class='ocrx_word' id='word_1_82' title='bbox 465 534 551 570; x_wconf 59' lang='lat' dir='ltr'>dicia</span> <span class='ocrx_word' id='word_1_83' title='bbox 563 544 594 569; x_wconf 89' lang='lat' dir='ltr'>et</span> <span class='ocrx_word' id='word_1_84' title='bbox 609 532 706 576; x_wconf 63' lang='lat' dir='ltr'>faeta,</span> <span class='ocrx_word' id='word_1_85' title='bbox 724 533 838 581; x_wconf 83' lang='lat' dir='ltr'>quibus</span> <span class='ocrx_word' id='word_1_86' title='bbox 853 534 1031 567; x_wconf 81' lang='lat' dir='ltr'>hominum</span> <span class='ocrx_word' id='word_1_87' title='bbox 1050 532 1296 581; x_wconf 79' lang='lat' dir='ltr'>plerorumque,</span> <span class='ocrx_word' id='word_1_88' title='bbox 1308 545 1525 577; x_wconf 77' lang='lat' dir='ltr'>tyrannorum</span> <span class='ocrx_word' id='word_1_89' title='bbox 1540 529 1724 581; x_wconf 85' lang='lat' dir='ltr'>praesertim</span> <span class='ocrx_word' id='word_1_90' title='bbox 1735 561 1746 578; x_wconf 81' lang='lat'>‚</span> <span class='ocrx_word' id='word_1_91' title='bbox 1761 534 1809 581; x_wconf 86' lang='lat' dir='ltr'>(p.</span> <span class='ocrx_word' id='word_1_92' title='bbox 1826 545 1867 578; x_wconf 88' lang='lat'>93</span> <span class='ocrx_word' id='word_1_93' title='bbox 1881 530 1943 583; x_wconf 69' lang='lat' dir='ltr'><strong>sq.)</strong></span> 
     </span>
     <span class='ocr_line' id='line_1_8' title="bbox 222 581 1433 634; baseline -0.003 -9"><span class='ocrx_word' id='word_1_94' title='bbox 222 590 321 625; x_wconf 86' lang='lat' dir='ltr'>vitam</span> <span class='ocrx_word' id='word_1_95' title='bbox 336 598 469 623; x_wconf 80' lang='lat' dir='ltr'>naturae</span> <span class='ocrx_word' id='word_1_96' title='bbox 489 587 686 622; x_wconf 82' lang='lat' dir='ltr'>contrariam</span> <span class='ocrx_word' id='word_1_97' title='bbox 709 594 739 619; x_wconf 93' lang='lat' dir='ltr'>et</span> <span class='ocrx_word' id='word_1_98' title='bbox 760 582 928 620; x_wconf 85' lang='lat' dir='ltr'>difficilem</span> <span class='ocrx_word' id='word_1_99' title='bbox 949 581 1188 633; x_wconf 76' lang='lat' dir='ltr'>sollicitamque</span> <span class='ocrx_word' id='word_1_100' title='bbox 1212 584 1433 634; x_wconf 85' lang='lat' dir='ltr'>reprehendit.</span> 
     </span>
    </p>
   </div>
   <div class='ocr_carea' id='block_1_6' title="bbox 218 657 1946 1023">
    <p class='ocr_par' dir='ltr' id='par_1_6' title="bbox 218 657 1946 1023">
     <span class='ocr_line' id='line_1_9' title="bbox 325 657 1943 711; baseline -0.002 -12"><span class='ocrx_word' id='word_1_101' title='bbox 325 666 400 701; x_wconf 82' lang='lat' dir='ltr'>Vll.</span> <span class='ocrx_word' id='word_1_102' title='bbox 428 662 509 711; x_wconf 83' lang='lat'>(13.)</span> <span class='ocrx_word' id='word_1_103' title='bbox 533 659 695 706; x_wconf 71' lang='grc' dir='ltr'><em>Εὗβοϊκός</em></span> <span class='ocrx_word' id='word_1_104' title='bbox 712 657 730 705; x_wconf 69' lang='grc' dir='ltr'>ἢ</span> <span class='ocrx_word' id='word_1_105' title='bbox 746 658 911 707; x_wconf 64' lang='grc' dir='ltr'>Κυνηγὲς,</span> <span class='ocrx_word' id='word_1_106' title='bbox 938 659 991 695; x_wconf 88' lang='lat' dir='ltr'>vel</span> <span class='ocrx_word' id='word_1_107' title='bbox 1007 660 1043 694; x_wconf 79' lang='lat' dir='ltr'>de</span> <span class='ocrx_word' id='word_1_108' title='bbox 1065 672 1176 695; x_wconf 79' lang='lat' dir='ltr'>canum</span> <span class='ocrx_word' id='word_1_109' title='bbox 1190 667 1317 698; x_wconf 76' lang='lat' dir='ltr'>venatu.</span> <span class='ocrx_word' id='word_1_110' title='bbox 1370 660 1507 696; x_wconf 89' lang='lat' dir='ltr'>Orditur</span> <span class='ocrx_word' id='word_1_111' title='bbox 1524 675 1542 695; x_wconf 89' lang='lat' dir='ltr'>a</span> <span class='ocrx_word' id='word_1_112' title='bbox 1562 662 1724 696; x_wconf 82' lang='lat' dir='ltr'>venatoris</span> <span class='ocrx_word' id='word_1_113' title='bbox 1746 662 1896 708; x_wconf 77' lang='lat' dir='ltr'>pauperis</span> <span class='ocrx_word' id='word_1_114' title='bbox 1910 669 1943 696; x_wconf 79' lang='lat' dir='ltr'>et</span> 
     </span>
     <span class='ocr_line' id='line_1_10' title="bbox 222 709 1942 767; baseline -0.003 -14"><span class='ocrx_word' id='word_1_115' title='bbox 222 717 386 767; x_wconf 77' lang='lat' dir='ltr'>agricolae</span> <span class='ocrx_word' id='word_1_116' title='bbox 401 715 442 751; x_wconf 86' lang='lat' dir='ltr'>ad</span> <span class='ocrx_word' id='word_1_117' title='bbox 457 728 537 751; x_wconf 85' lang='lat' dir='ltr'>caua</span> <span class='ocrx_word' id='word_1_118' title='bbox 554 715 726 755; x_wconf 71' lang='lat' dir='ltr'>Euboeae,</span> <span class='ocrx_word' id='word_1_119' title='bbox 755 714 837 761; x_wconf 81' lang='lat' dir='ltr'>(quo</span> <span class='ocrx_word' id='word_1_120' title='bbox 858 709 1029 761; x_wconf 86' lang='lat' dir='ltr'>adpulsum</span> <span class='ocrx_word' id='word_1_121' title='bbox 1050 710 1081 746; x_wconf 89' lang='lat' dir='ltr'>se</span> <span class='ocrx_word' id='word_1_122' title='bbox 1103 709 1210 747; x_wconf 84' lang='lat' dir='ltr'>scribit</span> <span class='ocrx_word' id='word_1_123' title='bbox 1231 713 1282 748; x_wconf 90' lang='lat' dir='ltr'>vel</span> <span class='ocrx_word' id='word_1_124' title='bbox 1305 714 1401 761; x_wconf 85' lang='lat' dir='ltr'>fingit</span> <span class='ocrx_word' id='word_1_125' title='bbox 1422 713 1516 757; x_wconf 69' lang='lat' dir='ltr'>Dio.)</span> <span class='ocrx_word' id='word_1_126' title='bbox 1541 714 1725 747; x_wconf 77' lang='lat' dir='ltr'>narratione</span> <span class='ocrx_word' id='word_1_127' title='bbox 1750 710 1790 747; x_wconf 88' lang='lat' dir='ltr'>de</span> <span class='ocrx_word' id='word_1_128' title='bbox 1805 714 1868 747; x_wconf 83' lang='lat' dir='ltr'>vita</span> <span class='ocrx_word' id='word_1_129' title='bbox 1888 709 1942 748; x_wconf 83' lang='lat' dir='ltr'>sua</span> 
     </span>
     <span class='ocr_line' id='line_1_11' title="bbox 222 760 1942 816; baseline -0.003 -11"><span class='ocrx_word' id='word_1_130' title='bbox 222 772 309 805; x_wconf 82' lang='lat' dir='ltr'>tenui</span> <span class='ocrx_word' id='word_1_131' title='bbox 327 782 363 804; x_wconf 86' lang='lat' dir='ltr'>ac</span> <span class='ocrx_word' id='word_1_132' title='bbox 378 766 536 816; x_wconf 84' lang='lat' dir='ltr'>fimplici,</span> <span class='ocrx_word' id='word_1_133' title='bbox 562 767 747 815; x_wconf 85' lang='lat' dir='ltr'>nuptiisque</span> <span class='ocrx_word' id='word_1_134' title='bbox 761 764 839 806; x_wconf 79' lang='lat' dir='ltr'>filii,</span> <span class='ocrx_word' id='word_1_135' title='bbox 865 760 918 798; x_wconf 85' lang='lat' dir='ltr'>sed</span> <span class='ocrx_word' id='word_1_136' title='bbox 933 777 1003 799; x_wconf 87' lang='lat' dir='ltr'>non</span> <span class='ocrx_word' id='word_1_137' title='bbox 1019 766 1125 798; x_wconf 85' lang='lat' dir='ltr'>minus</span> <span class='ocrx_word' id='word_1_138' title='bbox 1142 761 1229 798; x_wconf 78' lang='lat' dir='ltr'>felici</span> <span class='ocrx_word' id='word_1_139' title='bbox 1249 775 1279 799; x_wconf 90' lang='lat' dir='ltr'>et</span> <span class='ocrx_word' id='word_1_140' title='bbox 1309 765 1363 811; x_wconf 65' lang='lat' dir='ltr'>[if]</span> <span class='ocrx_word' id='word_1_141' title='bbox 1393 763 1526 799; x_wconf 76' lang='lat' dir='ltr'>honesta</span> <span class='ocrx_word' id='word_1_142' title='bbox 1542 775 1637 812; x_wconf 86' lang='lat' dir='ltr'>atque</span> <span class='ocrx_word' id='word_1_143' title='bbox 1660 761 1811 811; x_wconf 85' lang='lat' dir='ltr'>hospitali</span> <span class='ocrx_word' id='word_1_144' title='bbox 1828 766 1942 799; x_wconf 85' lang='lat' dir='ltr'>vita-in</span> 
     </span>
     <span class='ocr_line' id='line_1_12' title="bbox 221 811 1942 864; baseline -0.003 -8"><span class='ocrx_word' id='word_1_145' title='bbox 221 819 345 856; x_wconf 87' lang='lat' dir='ltr'>deserta</span> <span class='ocrx_word' id='word_1_146' title='bbox 369 833 406 854; x_wconf 90' lang='lat' dir='ltr'>ac</span> <span class='ocrx_word' id='word_1_147' title='bbox 428 827 586 854; x_wconf 88' lang='lat' dir='ltr'>montana</span> <span class='ocrx_word' id='word_1_148' title='bbox 614 819 767 864; x_wconf 77' lang='lat' dir='ltr'>regione,</span> <span class='ocrx_word' id='word_1_149' title='bbox 793 828 893 864; x_wconf 86' lang='lat' dir='ltr'>quarn</span> <span class='ocrx_word' id='word_1_150' title='bbox 921 814 1241 861; x_wconf 82' lang='lat' dir='ltr'>opulentiffimorurn</span> <span class='ocrx_word' id='word_1_151' title='bbox 1272 818 1305 850; x_wconf 88' lang='lat' dir='ltr'>in</span> <span class='ocrx_word' id='word_1_152' title='bbox 1338 816 1464 851; x_wconf 83' lang='lat' dir='ltr'>vrbibus</span> <span class='ocrx_word' id='word_1_153' title='bbox 1485 826 1516 850; x_wconf 91' lang='lat' dir='ltr'>et</span> <span class='ocrx_word' id='word_1_154' title='bbox 1539 812 1736 863; x_wconf 81' lang='lat' dir='ltr'>satraparum</span> <span class='ocrx_word' id='word_1_155' title='bbox 1760 827 1797 849; x_wconf 86' lang='lat' dir='ltr'>ac</span> <span class='ocrx_word' id='word_1_156' title='bbox 1817 811 1942 862; x_wconf 82' lang='lat' dir='ltr'>regum.</span> 
     </span>
     <span class='ocr_line' id='line_1_13' title="bbox 219 863 1946 919; baseline -0.003 -11"><span class='ocrx_word' id='word_1_157' title='bbox 219 870 350 908; x_wconf 85' lang='lat' dir='ltr'>Deinde</span> <span class='ocrx_word' id='word_1_158' title='bbox 365 883 439 919; x_wconf 82' lang='lat' dir='ltr'>pag.</span> <span class='ocrx_word' id='word_1_159' title='bbox 456 881 513 905; x_wconf 85' lang='lat'>120</span> <span class='ocrx_word' id='word_1_160' title='bbox 527 867 573 918; x_wconf 92' lang='lat' dir='ltr'>sq.</span> <span class='ocrx_word' id='word_1_161' title='bbox 588 866 751 916; x_wconf 87' lang='lat' dir='ltr'>subiungit</span> <span class='ocrx_word' id='word_1_162' title='bbox 766 867 805 902; x_wconf 90' lang='lat' dir='ltr'>de</span> <span class='ocrx_word' id='word_1_163' title='bbox 821 866 977 914; x_wconf 78' lang='lat' dir='ltr'>opificiis,</span> <span class='ocrx_word' id='word_1_164' title='bbox 1005 866 1111 914; x_wconf 84' lang='lat' dir='ltr'>qualia</span> <span class='ocrx_word' id='word_1_165' title='bbox 1128 866 1265 902; x_wconf 80' lang='lat' dir='ltr'>colenda</span> <span class='ocrx_word' id='word_1_166' title='bbox 1280 866 1340 902; x_wconf 76' lang='lat' dir='ltr'>sint</span> <span class='ocrx_word' id='word_1_167' title='bbox 1356 870 1388 901; x_wconf 88' lang='lat' dir='ltr'>in</span> <span class='ocrx_word' id='word_1_168' title='bbox 1405 868 1493 901; x_wconf 85' lang='lat' dir='ltr'>vrbe.</span> <span class='ocrx_word' id='word_1_169' title='bbox 1504 864 1544 900; x_wconf 79' lang='lat' dir='ltr'>ad</span> <span class='ocrx_word' id='word_1_170' title='bbox 1566 868 1668 900; x_wconf 80' lang='lat' dir='ltr'>vitam</span> <span class='ocrx_word' id='word_1_171' title='bbox 1687 863 1783 901; x_wconf 75' lang='lat' dir='ltr'>facile</span> <span class='ocrx_word' id='word_1_172' title='bbox 1799 876 1830 901; x_wconf 91' lang='lat' dir='ltr'>et</span> <span class='ocrx_word' id='word_1_173' title='bbox 1844 869 1946 902; x_wconf 85' lang='lat' dir='ltr'>hone·</span> 
     </span>
     <span class='ocr_line' id='line_1_14' title="bbox 218 915 1943 968; baseline -0.002 -10"><span class='ocrx_word' id='word_1_174' title='bbox 218 923 265 959; x_wconf 80' lang='lat' dir='ltr'>sse</span> <span class='ocrx_word' id='word_1_175' title='bbox 293 921 489 957; x_wconf 83' lang='lat' dir='ltr'>ducendam.</span> <span class='ocrx_word' id='word_1_176' title='bbox 553 917 715 955; x_wconf 75' lang='lat' dir='ltr'>Aduersus</span> <span class='ocrx_word' id='word_1_177' title='bbox 744 917 890 967; x_wconf 83' lang='lat' dir='ltr'>publicas</span> <span class='ocrx_word' id='word_1_178' title='bbox 919 928 949 952; x_wconf 88' lang='lat' dir='ltr'>et</span> <span class='ocrx_word' id='word_1_179' title='bbox 970 918 1098 953; x_wconf 84' lang='lat' dir='ltr'>venales</span> <span class='ocrx_word' id='word_1_180' title='bbox 1119 920 1323 953; x_wconf 86' lang='lat' dir='ltr'>Graecorum</span> <span class='ocrx_word' id='word_1_181' title='bbox 1358 917 1508 953; x_wconf 77' lang='lat' dir='ltr'>libidines</span> <span class='ocrx_word' id='word_1_182' title='bbox 1539 918 1704 952; x_wconf 83' lang='lat' dir='ltr'>inuehitur</span> <span class='ocrx_word' id='word_1_183' title='bbox 1733 929 1806 965; x_wconf 83' lang='lat' dir='ltr'>pag.</span> <span class='ocrx_word' id='word_1_184' title='bbox 1823 921 1879 953; x_wconf 81' lang='lat'>126</span> <span class='ocrx_word' id='word_1_185' title='bbox 1896 915 1943 968; x_wconf 86' lang='lat' dir='ltr'>sq.</span> 
     </span>
     <span class='ocr_line' id='line_1_15' title="bbox 220 966 1735 1023; baseline -0.003 -15"><span class='ocrx_word' id='word_1_186' title='bbox 220 976 370 1023; x_wconf 82' lang='lat' dir='ltr'>ineptum</span> <span class='ocrx_word' id='word_1_187' title='bbox 388 985 459 1007; x_wconf 90' lang='lat' dir='ltr'>non</span> <span class='ocrx_word' id='word_1_188' title='bbox 471 974 580 1007; x_wconf 84' lang='lat' dir='ltr'>minus</span> <span class='ocrx_word' id='word_1_189' title='bbox 595 983 696 1018; x_wconf 82' lang='lat' dir='ltr'>quam</span> <span class='ocrx_word' id='word_1_190' title='bbox 711 968 936 1004; x_wconf 78' lang='lat' dir='ltr'>detestandum</span> <span class='ocrx_word' id='word_1_191' title='bbox 960 968 1042 1003; x_wconf 84' lang='lat' dir='ltr'>illud</span> <span class='ocrx_word' id='word_1_192' title='bbox 1068 966 1278 1019; x_wconf 66' lang='grc' dir='ltr'>σωφροσύνης</span> <span class='ocrx_word' id='word_1_193' title='bbox 1296 967 1484 1019; x_wconf 68' lang='grc' dir='ltr'>φοῖξμοικον</span> <span class='ocrx_word' id='word_1_194' title='bbox 1510 966 1573 1003; x_wconf 74' lang='lat' dir='ltr'>effe</span> <span class='ocrx_word' id='word_1_195' title='bbox 1597 967 1735 1003; x_wconf 77' lang='lat' dir='ltr'>testatus.</span> 
     </span>
    </p>
   </div>
   <div class='ocr_carea' id='block_1_7' title="bbox 218 1032 1944 1376">
    <p class='ocr_par' dir='ltr' id='par_1_7' title="bbox 221 1032 1944 1137">
     <span class='ocr_line' id='line_1_16' title="bbox 322 1032 1944 1086; baseline 0 -13"><span class='ocrx_word' id='word_1_196' title='bbox 322 1040 410 1074; x_wconf 81' lang='lat' dir='ltr'>vm.</span> <span class='ocrx_word' id='word_1_197' title='bbox 437 1040 496 1084; x_wconf 80' lang='lat'>(7.)</span> <span class='ocrx_word' id='word_1_198' title='bbox 523 1039 679 1084; x_wconf 59' lang='grc' dir='ltr'>Διογένης</span> <span class='ocrx_word' id='word_1_199' title='bbox 699 1032 717 1080; x_wconf 76' lang='grc' dir='ltr'>ἢ</span> <span class='ocrx_word' id='word_1_200' title='bbox 741 1035 818 1086; x_wconf 60' lang='grc' dir='ltr'>περὶ</span> <span class='ocrx_word' id='word_1_201' title='bbox 839 1032 982 1083; x_wconf 47' lang='lat' dir='ltr'>oles-ris,</span> <span class='ocrx_word' id='word_1_202' title='bbox 1014 1036 1051 1070; x_wconf 79' lang='lat' dir='ltr'>dc</span> <span class='ocrx_word' id='word_1_203' title='bbox 1081 1037 1203 1070; x_wconf 69' lang='lat' dir='ltr'>virtute</span> <span class='ocrx_word' id='word_1_204' title='bbox 1226 1033 1413 1080; x_wconf 79' lang='lat' dir='ltr'>sermones,</span> <span class='ocrx_word' id='word_1_205' title='bbox 1444 1034 1523 1070; x_wconf 68' lang='lat' dir='ltr'>dieti</span> <span class='ocrx_word' id='word_1_206' title='bbox 1546 1036 1580 1070; x_wconf 87' lang='lat' dir='ltr'>in</span> <span class='ocrx_word' id='word_1_207' title='bbox 1596 1033 1737 1070; x_wconf 83' lang='lat' dir='ltr'>Isthmiis</span> <span class='ocrx_word' id='word_1_208' title='bbox 1758 1036 1944 1086; x_wconf 83' lang='lat' dir='ltr'>aDiogene</span> 
     </span>
     <span class='ocr_line' id='line_1_17' title="bbox 221 1091 534 1137; baseline -0.006 -11"><span class='ocrx_word' id='word_1_209' title='bbox 221 1093 352 1137; x_wconf 83' lang='lat' dir='ltr'>Cynico</span> <span class='ocrx_word' id='word_1_210' title='bbox 371 1091 534 1125; x_wconf 86' lang='lat' dir='ltr'>Corinthi.</span> 
     </span>
    </p>

    <p class='ocr_par' dir='ltr' id='par_1_8' title="bbox 323 1151 1361 1203">
     <span class='ocr_line' id='line_1_18' title="bbox 323 1151 1361 1203; baseline -0.005 -10"><span class='ocrx_word' id='word_1_211' title='bbox 323 1159 381 1193; x_wconf 82' lang='lat' dir='ltr'>IX.</span> <span class='ocrx_word' id='word_1_212' title='bbox 407 1158 469 1203; x_wconf 84' lang='lat'>(8.)</span> <span class='ocrx_word' id='word_1_213' title='bbox 504 1157 680 1202; x_wconf 61' lang='grc' dir='ltr'><em>Διογένης,</em></span> <span class='ocrx_word' id='word_1_214' title='bbox 713 1151 935 1201; x_wconf 47' lang='lat' dir='ltr'>{iffa-&amp;sanga</span> <span class='ocrx_word' id='word_1_215' title='bbox 986 1153 1144 1190; x_wconf 78' lang='lat' dir='ltr'>Eiusdem</span> <span class='ocrx_word' id='word_1_216' title='bbox 1166 1157 1361 1203; x_wconf 85' lang='lat' dir='ltr'>argumenti.</span> 
     </span>
    </p>

    <p class='ocr_par' dir='ltr' id='par_1_9' title="bbox 218 1210 1942 1376">
     <span class='ocr_line' id='line_1_19' title="bbox 323 1210 1942 1271; baseline -0.001 -12"><span class='ocrx_word' id='word_1_217' title='bbox 323 1226 364 1260; x_wconf 88' lang='grc' dir='ltr'>Χ.</span> <span class='ocrx_word' id='word_1_218' title='bbox 391 1222 458 1271; x_wconf 86' lang='lat'>(9.)</span> <span class='ocrx_word' id='word_1_219' title='bbox 480 1219 668 1267; x_wconf 60' lang='grc' dir='ltr'>Διογέιιηςῆ</span> <span class='ocrx_word' id='word_1_220' title='bbox 685 1223 761 1271; x_wconf 62' lang='grc' dir='ltr'>περὶ</span> <span class='ocrx_word' id='word_1_221' title='bbox 778 1223 928 1264; x_wconf 72' lang='grc' dir='ltr'>οἰκετῶν,</span> <span class='ocrx_word' id='word_1_222' title='bbox 956 1222 1126 1269; x_wconf 46' lang='lat' dir='ltr'>deserui&amp;</span> <span class='ocrx_word' id='word_1_223' title='bbox 1153 1223 1313 1271; x_wconf 86' lang='lat' dir='ltr'>Diogenis</span> <span class='ocrx_word' id='word_1_224' title='bbox 1334 1219 1501 1256; x_wconf 85' lang='lat' dir='ltr'>sermones</span> <span class='ocrx_word' id='word_1_225' title='bbox 1525 1232 1601 1256; x_wconf 87' lang='lat' dir='ltr'>cum</span> <span class='ocrx_word' id='word_1_226' title='bbox 1625 1221 1762 1256; x_wconf 90' lang='lat' dir='ltr'>homine</span> <span class='ocrx_word' id='word_1_227' title='bbox 1788 1210 1942 1265; x_wconf 83' lang='lat' dir='ltr'>sollicito,</span> 
     </span>
     <span class='ocr_line' id='line_1_20' title="bbox 220 1270 1940 1327; baseline -0.003 -14"><span class='ocrx_word' id='word_1_228' title='bbox 220 1274 312 1327; x_wconf 76' lang='lat' dir='ltr'>quod</span> <span class='ocrx_word' id='word_1_229' title='bbox 329 1274 435 1312; x_wconf 88' lang='lat' dir='ltr'>seruus</span> <span class='ocrx_word' id='word_1_230' title='bbox 455 1277 485 1310; x_wconf 88' lang='lat' dir='ltr'>ei</span> <span class='ocrx_word' id='word_1_231' title='bbox 502 1272 692 1322; x_wconf 79' lang='lat' dir='ltr'>aufugisset,</span> <span class='ocrx_word' id='word_1_232' title='bbox 718 1286 749 1309; x_wconf 88' lang='lat' dir='ltr'>et</span> <span class='ocrx_word' id='word_1_233' title='bbox 767 1274 939 1309; x_wconf 87' lang='lat' dir='ltr'>oraculum</span> <span class='ocrx_word' id='word_1_234' title='bbox 955 1271 1156 1309; x_wconf 85' lang='lat' dir='ltr'>consulturo.</span> <span class='ocrx_word' id='word_1_235' title='bbox 1208 1273 1325 1309; x_wconf 77' lang='lat' dir='ltr'>Suadet</span> <span class='ocrx_word' id='word_1_236' title='bbox 1341 1283 1450 1308; x_wconf 86' lang='lat' dir='ltr'>autem</span> <span class='ocrx_word' id='word_1_237' title='bbox 1463 1300 1473 1314; x_wconf 81' lang='grc'><em>,</em></span> <span class='ocrx_word' id='word_1_238' title='bbox 1500 1281 1533 1306; x_wconf 89' lang='lat' dir='ltr'>vt</span> <span class='ocrx_word' id='word_1_239' title='bbox 1553 1270 1653 1308; x_wconf 89' lang='lat' dir='ltr'>discat</span> <span class='ocrx_word' id='word_1_240' title='bbox 1669 1275 1758 1322; x_wconf 83' lang='lat' dir='ltr'>prius</span> <span class='ocrx_word' id='word_1_241' title='bbox 1782 1271 1814 1308; x_wconf 87' lang='lat' dir='ltr'>se</span> <span class='ocrx_word' id='word_1_242' title='bbox 1836 1271 1940 1321; x_wconf 87' lang='lat' dir='ltr'>ipsum</span> 
     </span>
     <span class='ocr_line' id='line_1_21' title="bbox 218 1319 1941 1376; baseline -0.002 -12"><span class='ocrx_word' id='word_1_243' title='bbox 218 1327 331 1370; x_wconf 59' lang='lat' dir='ltr'>noire,</span> <span class='ocrx_word' id='word_1_244' title='bbox 358 1337 532 1373; x_wconf 86' lang='lat' dir='ltr'>antequam</span> <span class='ocrx_word' id='word_1_245' title='bbox 549 1325 723 1361; x_wconf 84' lang='lat' dir='ltr'>oraculum</span> <span class='ocrx_word' id='word_1_246' title='bbox 739 1324 851 1368; x_wconf 64' lang='lat' dir='ltr'>adeat,</span> <span class='ocrx_word' id='word_1_247' title='bbox 877 1338 984 1372; x_wconf 87' lang='lat' dir='ltr'>neque</span> <span class='ocrx_word' id='word_1_248' title='bbox 998 1327 1087 1359; x_wconf 88' lang='lat' dir='ltr'>enim</span> <span class='ocrx_word' id='word_1_249' title='bbox 1103 1325 1226 1374; x_wconf 79' lang='lat' dir='ltr'>alioqui</span> <span class='ocrx_word' id='word_1_250' title='bbox 1240 1326 1298 1362; x_wconf 89' lang='lat' dir='ltr'>illo</span> <span class='ocrx_word' id='word_1_251' title='bbox 1314 1327 1399 1361; x_wconf 68' lang='lat' dir='ltr'>redle</span> <span class='ocrx_word' id='word_1_252' title='bbox 1413 1322 1544 1360; x_wconf 87' lang='lat' dir='ltr'>vsurum</span> <span class='ocrx_word' id='word_1_253' title='bbox 1561 1321 1632 1362; x_wconf 87' lang='lat' dir='ltr'>esse.</span> <span class='ocrx_word' id='word_1_254' title='bbox 1684 1319 1771 1370; x_wconf 70' lang='grc' dir='ltr'>Ἐ’γῶ</span> <span class='ocrx_word' id='word_1_255' title='bbox 1785 1324 1844 1373; x_wconf 78' lang='grc' dir='ltr'>μὲν</span> <span class='ocrx_word' id='word_1_256' title='bbox 1866 1322 1941 1376; x_wconf 70' lang='grc' dir='ltr'>Ύοὶς</span> 
     </span>
    </p>
   </div>
   <div class='ocr_carea' id='block_1_8' title="bbox 222 1374 1120 1430">
    <p class='ocr_par' dir='ltr' id='par_1_10' title="bbox 222 1374 1120 1430">
     <span class='ocr_line' id='line_1_22' title="bbox 222 1374 1120 1430; baseline -0.007 -10"><span class='ocrx_word' id='word_1_257' title='bbox 222 1378 312 1430; x_wconf 65' lang='grc' dir='ltr'>οῗμοιξ</span> <span class='ocrx_word' id='word_1_258' title='bbox 327 1396 364 1417; x_wconf 86' lang='grc' dir='ltr'>σε</span> <span class='ocrx_word' id='word_1_259' title='bbox 379 1375 475 1428; x_wconf 63' lang='grc' dir='ltr'><em>μηδὲν</em></span> <span class='ocrx_word' id='word_1_260' title='bbox 492 1375 681 1425; x_wconf 53' lang='grc' dir='ltr'>ὃεήσασθαί</span> <span class='ocrx_word' id='word_1_261' title='bbox 694 1374 884 1426; x_wconf 70' lang='grc' dir='ltr'><em>μαντείας,</em></span> <span class='ocrx_word' id='word_1_262' title='bbox 909 1377 962 1416; x_wconf 73' lang='grc' dir='ltr'>νέν</span> <span class='ocrx_word' id='word_1_263' title='bbox 977 1376 1120 1423; x_wconf 72' lang='grc' dir='ltr'><em>ἔχοντα·</em></span> 
     </span>
    </p>
   </div>
   <div class='ocr_carea' id='block_1_9' title="bbox 216 1444 1996 1858">
    <p class='ocr_par' dir='ltr' id='par_1_11' title="bbox 216 1444 1996 1858">
     <span class='ocr_line' id='line_1_23' title="bbox 321 1444 1942 1499; baseline -0.001 -15"><span class='ocrx_word' id='word_1_264' title='bbox 321 1451 377 1486; x_wconf 89' lang='grc' dir='ltr'>ΧΙ.</span> <span class='ocrx_word' id='word_1_265' title='bbox 403 1451 484 1495; x_wconf 84' lang='lat'>(10.)</span> <span class='ocrx_word' id='word_1_266' title='bbox 509 1446 675 1498; x_wconf 70' lang='grc' dir='ltr'>Τρωΐκός,</span> <span class='ocrx_word' id='word_1_267' title='bbox 698 1447 781 1499; x_wconf 69' lang='grc' dir='ltr'>ὑπὲρ</span> <span class='ocrx_word' id='word_1_268' title='bbox 798 1444 953 1487; x_wconf 73' lang='grc' dir='ltr'>τέἼλιον</span> <span class='ocrx_word' id='word_1_269' title='bbox 968 1449 1014 1497; x_wconf 76' lang='grc' dir='ltr'>μῆ</span> <span class='ocrx_word' id='word_1_270' title='bbox 1029 1446 1177 1496; x_wconf 49' lang='grc' dir='ltr'>ἁλῶναί,</span> <span class='ocrx_word' id='word_1_271' title='bbox 1203 1447 1241 1483; x_wconf 80' lang='lat' dir='ltr'>de</span> <span class='ocrx_word' id='word_1_272' title='bbox 1254 1446 1314 1483; x_wconf 88' lang='lat' dir='ltr'>Ilio</span> <span class='ocrx_word' id='word_1_273' title='bbox 1328 1459 1385 1482; x_wconf 80' lang='lat' dir='ltr'>non</span> <span class='ocrx_word' id='word_1_274' title='bbox 1400 1452 1506 1492; x_wconf 68' lang='lat' dir='ltr'>casam,</span> <span class='ocrx_word' id='word_1_275' title='bbox 1523 1444 1718 1482; x_wconf 79' lang='lat' dir='ltr'>declamatio</span> <span class='ocrx_word' id='word_1_276' title='bbox 1733 1448 1942 1496; x_wconf 84' lang='lat' dir='ltr'>peringenio-</span> 
     </span>
     <span class='ocr_line' id='line_1_24' title="bbox 216 1497 1939 1545; baseline -0.002 -6"><span class='ocrx_word' id='word_1_277' title='bbox 216 1500 272 1545; x_wconf 79' lang='lat' dir='ltr'>sa,</span> <span class='ocrx_word' id='word_1_278' title='bbox 298 1501 382 1537; x_wconf 64' lang='lat' dir='ltr'>dista</span> <span class='ocrx_word' id='word_1_279' title='bbox 399 1501 495 1536; x_wconf 75' lang='lat' dir='ltr'>veluti</span> <span class='ocrx_word' id='word_1_280' title='bbox 511 1500 549 1536; x_wconf 93' lang='lat' dir='ltr'>ad</span> <span class='ocrx_word' id='word_1_281' title='bbox 560 1497 703 1542; x_wconf 67' lang='lat' dir='ltr'>ilienses,</span> <span class='ocrx_word' id='word_1_282' title='bbox 723 1499 763 1535; x_wconf 88' lang='lat' dir='ltr'>ad</span> <span class='ocrx_word' id='word_1_283' title='bbox 780 1499 995 1535; x_wconf 86' lang='lat' dir='ltr'>eximendum</span> <span class='ocrx_word' id='word_1_284' title='bbox 1013 1502 1229 1534; x_wconf 86' lang='lat' dir='ltr'>inueteratum</span> <span class='ocrx_word' id='word_1_285' title='bbox 1244 1511 1404 1540; x_wconf 77' lang='lat' dir='ltr'>errorem,</span> <span class='ocrx_word' id='word_1_286' title='bbox 1419 1511 1460 1533; x_wconf 88' lang='lat' dir='ltr'>ex</span> <span class='ocrx_word' id='word_1_287' title='bbox 1476 1499 1619 1533; x_wconf 87' lang='lat' dir='ltr'>Homeri</span> <span class='ocrx_word' id='word_1_288' title='bbox 1637 1497 1788 1534; x_wconf 80' lang='lat' dir='ltr'>haustum</span> <span class='ocrx_word' id='word_1_289' title='bbox 1810 1497 1939 1543; x_wconf 81' lang='lat' dir='ltr'>fabulis,</span> 
     </span>
     <span class='ocr_line' id='line_1_25' title="bbox 221 1545 1940 1603; baseline -0.001 -15"><span class='ocrx_word' id='word_1_290' title='bbox 221 1567 321 1603; x_wconf 88' lang='lat' dir='ltr'>quem</span> <span class='ocrx_word' id='word_1_291' title='bbox 337 1566 377 1588; x_wconf 81' lang='lat' dir='ltr'>ex</span> <span class='ocrx_word' id='word_1_292' title='bbox 393 1550 464 1600; x_wconf 84' lang='lat' dir='ltr'>ipso</span> <span class='ocrx_word' id='word_1_293' title='bbox 473 1554 628 1588; x_wconf 87' lang='lat' dir='ltr'>Homero</span> <span class='ocrx_word' id='word_1_294' title='bbox 644 1549 715 1586; x_wconf 75' lang='lat' dir='ltr'>falfi</span> <span class='ocrx_word' id='word_1_295' title='bbox 732 1561 870 1587; x_wconf 87' lang='lat' dir='ltr'>conatur</span> <span class='ocrx_word' id='word_1_296' title='bbox 884 1554 1093 1592; x_wconf 81' lang='lat' dir='ltr'>conuincere,</span> <span class='ocrx_word' id='word_1_297' title='bbox 1109 1560 1140 1586; x_wconf 90' lang='lat' dir='ltr'>et</span> <span class='ocrx_word' id='word_1_298' title='bbox 1155 1565 1230 1600; x_wconf 87' lang='lat' dir='ltr'>pag.</span> <span class='ocrx_word' id='word_1_299' title='bbox 1248 1554 1298 1585; x_wconf 82' lang='lat'>161</span> <span class='ocrx_word' id='word_1_300' title='bbox 1315 1548 1361 1598; x_wconf 88' lang='lat' dir='ltr'>sq.</span> <span class='ocrx_word' id='word_1_301' title='bbox 1377 1559 1538 1598; x_wconf 88' lang='lat' dir='ltr'>prouocat</span> <span class='ocrx_word' id='word_1_302' title='bbox 1555 1545 1594 1584; x_wconf 91' lang='lat' dir='ltr'>ad</span> <span class='ocrx_word' id='word_1_303' title='bbox 1605 1551 1758 1599; x_wconf 76' lang='lat' dir='ltr'>Aegyptii</span> <span class='ocrx_word' id='word_1_304' title='bbox 1771 1550 1940 1587; x_wconf 86' lang='lat' dir='ltr'>cuiusdam</span> 
     </span>
     <span class='ocr_line' id='line_1_26' title="bbox 217 1600 1940 1652; baseline -0.001 -11"><span class='ocrx_word' id='word_1_305' title='bbox 217 1603 391 1642; x_wconf 85' lang='lat' dir='ltr'>sacerdotis</span> <span class='ocrx_word' id='word_1_306' title='bbox 413 1602 645 1652; x_wconf 75' lang='lat' dir='ltr'>Onuphitenfis</span> <span class='ocrx_word' id='word_1_307' title='bbox 668 1602 911 1645; x_wconf 76' lang='lat' dir='ltr'>testimonium,</span> <span class='ocrx_word' id='word_1_308' title='bbox 943 1604 1024 1638; x_wconf 91' lang='lat' dir='ltr'>haec</span> <span class='ocrx_word' id='word_1_309' title='bbox 1053 1612 1084 1637; x_wconf 83' lang='lat' dir='ltr'>et</span> <span class='ocrx_word' id='word_1_310' title='bbox 1105 1602 1208 1638; x_wconf 88' lang='lat' dir='ltr'>multa</span> <span class='ocrx_word' id='word_1_311' title='bbox 1237 1603 1299 1637; x_wconf 87' lang='lat' dir='ltr'>alia</span> <span class='ocrx_word' id='word_1_312' title='bbox 1320 1604 1522 1637; x_wconf 85' lang='lat' dir='ltr'>Graecorum</span> <span class='ocrx_word' id='word_1_313' title='bbox 1546 1600 1737 1645; x_wconf 83' lang='lat' dir='ltr'>deridentis,</span> <span class='ocrx_word' id='word_1_314' title='bbox 1770 1612 1940 1652; x_wconf 85' lang='lat' dir='ltr'>totamque</span> 
     </span>
     <span class='ocr_line' id='line_1_27' title="bbox 217 1651 1939 1703; baseline -0.001 -11"><span class='ocrx_word' id='word_1_315' title='bbox 217 1670 290 1692; x_wconf 89' lang='lat' dir='ltr'>rem</span> <span class='ocrx_word' id='word_1_316' title='bbox 305 1670 324 1692; x_wconf 90' lang='lat' dir='ltr'>e</span> <span class='ocrx_word' id='word_1_317' title='bbox 340 1657 586 1691; x_wconf 84' lang='lat' dir='ltr'>commentariis</span> <span class='ocrx_word' id='word_1_318' title='bbox 602 1656 844 1702; x_wconf 82' lang='lat' dir='ltr'>Aegyptiorum</span> <span class='ocrx_word' id='word_1_319' title='bbox 861 1665 892 1689; x_wconf 91' lang='lat' dir='ltr'>et</span> <span class='ocrx_word' id='word_1_320' title='bbox 907 1656 1045 1703; x_wconf 83' lang='lat' dir='ltr'>antiquis</span> <span class='ocrx_word' id='word_1_321' title='bbox 1067 1651 1188 1697; x_wconf 76' lang='grc' dir='ltr'><em>ςῆλοας</em></span> <span class='ocrx_word' id='word_1_322' title='bbox 1210 1654 1302 1689; x_wconf 89' lang='lat' dir='ltr'>aliter</span> <span class='ocrx_word' id='word_1_323' title='bbox 1322 1653 1423 1702; x_wconf 89' lang='lat' dir='ltr'>longe</span> <span class='ocrx_word' id='word_1_324' title='bbox 1444 1654 1630 1688; x_wconf 85' lang='lat' dir='ltr'>enarrantis.</span> <span class='ocrx_word' id='word_1_325' title='bbox 1683 1655 1768 1689; x_wconf 84' lang='lat' dir='ltr'>Ante</span> <span class='ocrx_word' id='word_1_326' title='bbox 1788 1653 1939 1690; x_wconf 83' lang='lat' dir='ltr'>exfilium</span> 
     </span>
     <span class='ocr_line' id='line_1_28' title="bbox 216 1703 1996 1754; baseline -0.002 -11"><span class='ocrx_word' id='word_1_327' title='bbox 216 1709 299 1746; x_wconf 80' lang='lat' dir='ltr'>haec</span> <span class='ocrx_word' id='word_1_328' title='bbox 323 1706 517 1742; x_wconf 84' lang='lat' dir='ltr'>declamatio</span> <span class='ocrx_word' id='word_1_329' title='bbox 542 1720 559 1741; x_wconf 86' lang='lat' dir='ltr'>a</span> <span class='ocrx_word' id='word_1_330' title='bbox 581 1708 690 1742; x_wconf 86' lang='lat' dir='ltr'>Dione</span> <span class='ocrx_word' id='word_1_331' title='bbox 711 1703 827 1754; x_wconf 88' lang='lat' dir='ltr'>scripta</span> <span class='ocrx_word' id='word_1_332' title='bbox 842 1705 966 1741; x_wconf 84' lang='lat' dir='ltr'>videtur</span> <span class='ocrx_word' id='word_1_333' title='bbox 983 1703 1188 1741; x_wconf 87' lang='lat' dir='ltr'>Casaubono.</span> <span class='ocrx_word' id='word_1_334' title='bbox 1239 1703 1400 1739; x_wconf 79' lang='lat' dir='ltr'>Laudatur</span> <span class='ocrx_word' id='word_1_335' title='bbox 1421 1706 1574 1753; x_wconf 78' lang='lat' dir='ltr'>aSyncsto</span> <span class='ocrx_word' id='word_1_336' title='bbox 1598 1715 1673 1751; x_wconf 85' lang='lat' dir='ltr'>pag.</span> <span class='ocrx_word' id='word_1_337' title='bbox 1691 1718 1742 1749; x_wconf 87' lang='lat'>41·</span> <span class='ocrx_word' id='word_1_338' title='bbox 1768 1705 1939 1752; x_wconf 70' lang='lat' dir='ltr'>Eaefiathio</span> <span class='ocrx_word' id='word_1_339' title='bbox 1989 1739 1996 1743; x_wconf 88' lang='grc'><strong>,</strong></span> 
     </span>
     <span class='ocr_line' id='line_1_29' title="bbox 217 1754 1939 1806; baseline 0.001 -14"><span class='ocrx_word' id='word_1_340' title='bbox 217 1759 259 1795; x_wconf 72' lang='lat' dir='ltr'>ad</span> <span class='ocrx_word' id='word_1_341' title='bbox 278 1757 367 1794; x_wconf 82' lang='lat' dir='ltr'>iliad.</span> <span class='ocrx_word' id='word_1_342' title='bbox 384 1754 422 1796; x_wconf 62' lang='grc' dir='ltr'>δ’.</span> <span class='ocrx_word' id='word_1_343' title='bbox 440 1771 512 1806; x_wconf 83' lang='lat' dir='ltr'>pag.</span> <span class='ocrx_word' id='word_1_344' title='bbox 527 1769 595 1801; x_wconf 79' lang='lat'>350.</span> <span class='ocrx_word' id='word_1_345' title='bbox 622 1759 689 1792; x_wconf 90' lang='lat' dir='ltr'>Suo</span> <span class='ocrx_word' id='word_1_346' title='bbox 705 1754 973 1793; x_wconf 81' lang='lat' dir='ltr'>Melchisedecho</span> <span class='ocrx_word' id='word_1_347' title='bbox 988 1755 1150 1792; x_wconf 88' lang='lat' dir='ltr'>subiunxit</span> <span class='ocrx_word' id='word_1_348' title='bbox 1167 1757 1328 1791; x_wconf 72' lang='lat' dir='ltr'>Henricas</span> <span class='ocrx_word' id='word_1_349' title='bbox 1342 1756 1487 1804; x_wconf 66' lang='lat' dir='ltr'>Huffiuf,</span> <span class='ocrx_word' id='word_1_350' title='bbox 1511 1755 1616 1804; x_wconf 83' lang='lat' dir='ltr'>Lugd.</span> <span class='ocrx_word' id='word_1_351' title='bbox 1632 1757 1701 1792; x_wconf 64' lang='lat' dir='ltr'>Bar.</span> <span class='ocrx_word' id='word_1_352' title='bbox 1717 1759 1810 1800; x_wconf 83' lang='lat'>1706.</span> <span class='ocrx_word' id='word_1_353' title='bbox 1828 1763 1859 1797; x_wconf 92' lang='lat'>8.</span> <span class='ocrx_word' id='word_1_354' title='bbox 1885 1758 1939 1793; x_wconf 83' lang='lat' dir='ltr'>De</span> 
     </span>
     <span class='ocr_line' id='line_1_30' title="bbox 218 1805 1939 1858; baseline -0.001 -12"><span class='ocrx_word' id='word_1_355' title='bbox 218 1812 262 1846; x_wconf 91' lang='lat' dir='ltr'>G.</span> <span class='ocrx_word' id='word_1_356' title='bbox 282 1812 417 1845; x_wconf 78' lang='lat' dir='ltr'>Henrici</span> <span class='ocrx_word' id='word_1_357' title='bbox 434 1810 544 1858; x_wconf 60' lang='lat' dir='ltr'>Vfffim&#39;</span> <span class='ocrx_word' id='word_1_358' title='bbox 559 1811 707 1844; x_wconf 89' lang='lat' dir='ltr'>oratione</span> <span class='ocrx_word' id='word_1_359' title='bbox 722 1810 904 1848; x_wconf 77' lang='lat' dir='ltr'>contraria,</span> <span class='ocrx_word' id='word_1_360' title='bbox 933 1818 964 1843; x_wconf 89' lang='lat' dir='ltr'>et</span> <span class='ocrx_word' id='word_1_361' title='bbox 984 1807 1024 1843; x_wconf 90' lang='lat' dir='ltr'>de</span> <span class='ocrx_word' id='word_1_362' title='bbox 1042 1809 1182 1854; x_wconf 80' lang='lat' dir='ltr'>Godofr.</span> <span class='ocrx_word' id='word_1_363' title='bbox 1198 1808 1350 1842; x_wconf 50' lang='lat' dir='ltr'>Kal-bachi</span> <span class='ocrx_word' id='word_1_364' title='bbox 1365 1805 1603 1851; x_wconf 85' lang='lat' dir='ltr'>differtatione,</span> <span class='ocrx_word' id='word_1_365' title='bbox 1631 1819 1730 1856; x_wconf 88' lang='lat' dir='ltr'>quam</span> <span class='ocrx_word' id='word_1_366' title='bbox 1753 1809 1858 1846; x_wconf 82' lang='lat' dir='ltr'>Dioni</span> <span class='ocrx_word' id='word_1_367' title='bbox 1880 1821 1939 1858; x_wconf 82' lang='lat' dir='ltr'>op-</span> 
     </span>
    </p>
   </div>
   <div class='ocr_carea' id='block_1_10' title="bbox 215 1859 1143 1910">
    <p class='ocr_par' dir='ltr' id='par_1_12' title="bbox 215 1859 1143 1910">
     <span class='ocr_line' id='line_1_31' title="bbox 215 1859 1143 1910; baseline -0.001 -14"><span class='ocrx_word' id='word_1_368' title='bbox 215 1859 342 1910; x_wconf 76' lang='lat' dir='ltr'>posuit,</span> <span class='ocrx_word' id='word_1_369' title='bbox 366 1860 431 1896; x_wconf 84' lang='lat' dir='ltr'>dixi</span> <span class='ocrx_word' id='word_1_370' title='bbox 446 1860 501 1895; x_wconf 87' lang='lat' dir='ltr'>lib.</span> <span class='ocrx_word' id='word_1_371' title='bbox 519 1861 557 1894; x_wconf 87' lang='lat'>11.</span> <span class='ocrx_word' id='word_1_372' title='bbox 576 1873 645 1908; x_wconf 85' lang='lat' dir='ltr'>cap.</span> <span class='ocrx_word' id='word_1_373' title='bbox 660 1871 690 1903; x_wconf 81' lang='lat'>7,</span> <span class='ocrx_word' id='word_1_374' title='bbox 708 1860 799 1907; x_wconf 83' lang='lat'>§.10.</span> <span class='ocrx_word' id='word_1_375' title='bbox 827 1859 909 1906; x_wconf 87' lang='lat' dir='ltr'>[vol.</span> <span class='ocrx_word' id='word_1_376' title='bbox 927 1861 950 1894; x_wconf 87' lang='lat'>1.</span> <span class='ocrx_word' id='word_1_377' title='bbox 967 1872 1042 1908; x_wconf 87' lang='lat' dir='ltr'>pag.</span> <span class='ocrx_word' id='word_1_378' title='bbox 1059 1859 1143 1905; x_wconf 67' lang='lat'>563]</span> 
     </span>
    </p>
   </div>
   <div class='ocr_carea' id='block_1_11' title="bbox 214 1928 1966 2227">
    <p class='ocr_par' dir='ltr' id='par_1_13' title="bbox 214 1928 1966 2188">
     <span class='ocr_line' id='line_1_32' title="bbox 318 1928 1939 1981; baseline 0.002 -11"><span class='ocrx_word' id='word_1_379' title='bbox 318 1936 389 1970; x_wconf 82' lang='grc' dir='ltr'>ΧΠ.</span> <span class='ocrx_word' id='word_1_380' title='bbox 417 1933 487 1979; x_wconf 82' lang='lat'>(11.)</span> <span class='ocrx_word' id='word_1_381' title='bbox 514 1928 747 1981; x_wconf 75' lang='grc' dir='ltr'>Ὀλυμπικὸς,</span> <span class='ocrx_word' id='word_1_382' title='bbox 774 1934 880 1968; x_wconf 85' lang='lat' dir='ltr'>oratio</span> <span class='ocrx_word' id='word_1_383' title='bbox 897 1931 1040 1980; x_wconf 74' lang='lat' dir='ltr'>insignis,</span> <span class='ocrx_word' id='word_1_384' title='bbox 1061 1931 1147 1967; x_wconf 66' lang='lat' dir='ltr'>dieta</span> <span class='ocrx_word' id='word_1_385' title='bbox 1170 1935 1205 1967; x_wconf 85' lang='lat' dir='ltr'>in</span> <span class='ocrx_word' id='word_1_386' title='bbox 1219 1931 1387 1980; x_wconf 85' lang='lat' dir='ltr'>Olympiis</span> <span class='ocrx_word' id='word_1_387' title='bbox 1411 1931 1488 1981; x_wconf 68' lang='grc' dir='ltr'>περὶ</span> <span class='ocrx_word' id='word_1_388' title='bbox 1507 1932 1569 1975; x_wconf 71' lang='grc' dir='ltr'>τῆς</span> <span class='ocrx_word' id='word_1_389' title='bbox 1587 1929 1726 1981; x_wconf 68' lang='grc' dir='ltr'><strong><em>πρώτης</em></strong></span> <span class='ocrx_word' id='word_1_390' title='bbox 1745 1933 1792 1972; x_wconf 62' lang='lat' dir='ltr'>‘rie‘</span> <span class='ocrx_word' id='word_1_391' title='bbox 1806 1934 1880 1973; x_wconf 73' lang='grc' dir='ltr'>Θεὲ</span> <span class='ocrx_word' id='word_1_392' title='bbox 1893 1936 1939 1972; x_wconf 65' lang='grc' dir='ltr'>ἔνέ</span> 
     </span>
     <span class='ocr_line' id='line_1_33' title="bbox 216 1981 1936 2034; baseline -0.002 -15"><span class='ocrx_word' id='word_1_393' title='bbox 216 1988 326 2029; x_wconf 57' lang='grc' dir='ltr'>ψοίας,</span> <span class='ocrx_word' id='word_1_394' title='bbox 352 1987 388 2020; x_wconf 80' lang='lat' dir='ltr'>de</span> <span class='ocrx_word' id='word_1_395' title='bbox 395 1986 505 2031; x_wconf 81' lang='lat' dir='ltr'>prima</span> <span class='ocrx_word' id='word_1_396' title='bbox 521 1985 570 2018; x_wconf 81' lang='lat' dir='ltr'>dei</span> <span class='ocrx_word' id='word_1_397' title='bbox 587 1985 774 2030; x_wconf 78' lang='lat' dir='ltr'>cognitione.</span> <span class='ocrx_word' id='word_1_398' title='bbox 827 1983 901 2018; x_wconf 83' lang='lat' dir='ltr'>Post</span> <span class='ocrx_word' id='word_1_399' title='bbox 917 1983 1050 2031; x_wconf 82' lang='lat' dir='ltr'>longius</span> <span class='ocrx_word' id='word_1_400' title='bbox 1065 1982 1255 2025; x_wconf 76' lang='lat' dir='ltr'>exordium,</span> <span class='ocrx_word' id='word_1_401' title='bbox 1283 1996 1349 2032; x_wconf 91' lang='lat' dir='ltr'>quo</span> <span class='ocrx_word' id='word_1_402' title='bbox 1370 1982 1403 2019; x_wconf 86' lang='lat' dir='ltr'>se</span> <span class='ocrx_word' id='word_1_403' title='bbox 1421 1997 1498 2032; x_wconf 83' lang='lat' dir='ltr'>prae</span> <span class='ocrx_word' id='word_1_404' title='bbox 1520 1981 1670 2032; x_wconf 82' lang='lat' dir='ltr'>sophistis</span> <span class='ocrx_word' id='word_1_405' title='bbox 1694 1982 1859 2034; x_wconf 52' lang='grc' dir='ltr'>εἰρωνικῶς</span> <span class='ocrx_word' id='word_1_406' title='bbox 1881 1985 1936 2021; x_wconf 84' lang='lat' dir='ltr'>de.</span> 
     </span>
     <span class='ocr_line' id='line_1_34' title="bbox 214 2032 1937 2086; baseline -0.001 -14"><span class='ocrx_word' id='word_1_407' title='bbox 214 2040 329 2086; x_wconf 81' lang='lat' dir='ltr'>primit</span> <span class='ocrx_word' id='word_1_408' title='bbox 347 2046 376 2071; x_wconf 85' lang='lat' dir='ltr'>et</span> <span class='ocrx_word' id='word_1_409' title='bbox 394 2050 470 2071; x_wconf 89' lang='lat' dir='ltr'>cum</span> <span class='ocrx_word' id='word_1_410' title='bbox 485 2035 575 2070; x_wconf 88' lang='lat' dir='ltr'>vlula</span> <span class='ocrx_word' id='word_1_411' title='bbox 592 2033 706 2070; x_wconf 75' lang='lat' dir='ltr'>festiue</span> <span class='ocrx_word' id='word_1_412' title='bbox 722 2032 868 2076; x_wconf 78' lang='lat' dir='ltr'>confert,</span> <span class='ocrx_word' id='word_1_413' title='bbox 896 2034 936 2070; x_wconf 88' lang='lat' dir='ltr'>ad</span> <span class='ocrx_word' id='word_1_414' title='bbox 955 2048 1055 2082; x_wconf 86' lang='lat' dir='ltr'>quam</span> <span class='ocrx_word' id='word_1_415' title='bbox 1076 2035 1257 2071; x_wconf 84' lang='lat' dir='ltr'>conuolant</span> <span class='ocrx_word' id='word_1_416' title='bbox 1275 2036 1438 2078; x_wconf 82' lang='lat' dir='ltr'>aniculae,</span> <span class='ocrx_word' id='word_1_417' title='bbox 1465 2037 1580 2082; x_wconf 86' lang='lat' dir='ltr'>incipit</span> <span class='ocrx_word' id='word_1_418' title='bbox 1595 2048 1668 2084; x_wconf 85' lang='lat' dir='ltr'>pag.</span> <span class='ocrx_word' id='word_1_419' title='bbox 1684 2048 1742 2081; x_wconf 83' lang='lat'>¹99</span> <span class='ocrx_word' id='word_1_420' title='bbox 1760 2034 1806 2084; x_wconf 90' lang='lat' dir='ltr'>sq.</span> <span class='ocrx_word' id='word_1_421' title='bbox 1829 2036 1937 2072; x_wconf 87' lang='lat' dir='ltr'>dicere</span> 
     </span>
     <span class='ocr_line' id='line_1_35' title="bbox 216 2083 1966 2136; baseline -0.003 -12"><span class='ocrx_word' id='word_1_422' title='bbox 216 2088 258 2124; x_wconf 91' lang='lat' dir='ltr'>de</span> <span class='ocrx_word' id='word_1_423' title='bbox 275 2090 349 2124; x_wconf 92' lang='lat' dir='ltr'>Deo</span> <span class='ocrx_word' id='word_1_424' title='bbox 364 2099 394 2123; x_wconf 84' lang='lat' dir='ltr'>et</span> <span class='ocrx_word' id='word_1_425' title='bbox 409 2090 476 2122; x_wconf 88' lang='lat' dir='ltr'>eius</span> <span class='ocrx_word' id='word_1_426' title='bbox 492 2083 594 2128; x_wconf 86' lang='lat' dir='ltr'>sensu,</span> <span class='ocrx_word' id='word_1_427' title='bbox 612 2100 630 2121; x_wconf 92' lang='lat' dir='ltr'>a</span> <span class='ocrx_word' id='word_1_428' title='bbox 647 2096 762 2121; x_wconf 88' lang='lat' dir='ltr'>natura</span> <span class='ocrx_word' id='word_1_429' title='bbox 776 2088 908 2122; x_wconf 88' lang='lat' dir='ltr'>homini</span> <span class='ocrx_word' id='word_1_430' title='bbox 924 2086 1019 2122; x_wconf 77' lang='lat' dir='ltr'>inlito</span> <span class='ocrx_word' id='word_1_431' title='bbox 1035 2091 1252 2136; x_wconf 85' lang='lat' dir='ltr'>omniumque</span> <span class='ocrx_word' id='word_1_432' title='bbox 1267 2089 1416 2134; x_wconf 82' lang='lat' dir='ltr'>gentium</span> <span class='ocrx_word' id='word_1_433' title='bbox 1433 2083 1608 2127; x_wconf 89' lang='lat' dir='ltr'>consensu,</span> <span class='ocrx_word' id='word_1_434' title='bbox 1636 2097 1820 2134; x_wconf 80' lang='lat' dir='ltr'>poetarum,</span> <span class='ocrx_word' id='word_1_435' title='bbox 1842 2088 1937 2136; x_wconf 83' lang='lat' dir='ltr'>legis.</span> <span class='ocrx_word' id='word_1_436' title='bbox 1954 2114 1966 2119; x_wconf 43' lang='lat' dir='ltr'>e</span> 
     </span>
     <span class='ocr_line' id='line_1_36' title="bbox 215 2135 1936 2188; baseline -0.002 -11"><span class='ocrx_word' id='word_1_437' title='bbox 215 2139 381 2186; x_wconf 72' lang='lat' dir='ltr'>latorum,</span> <span class='ocrx_word' id='word_1_438' title='bbox 409 2140 455 2184; x_wconf 68' lang='lat'>²²⁸)</span> <span class='ocrx_word' id='word_1_439' title='bbox 473 2135 752 2187; x_wconf 82' lang='lat' dir='ltr'>philosophorum</span> <span class='ocrx_word' id='word_1_440' title='bbox 780 2137 837 2184; x_wconf 57' lang='lat' dir='ltr'>[lt]</span> <span class='ocrx_word' id='word_1_441' title='bbox 865 2148 896 2174; x_wconf 89' lang='lat' dir='ltr'>et</span> <span class='ocrx_word' id='word_1_442' title='bbox 911 2139 1094 2183; x_wconf 83' lang='lat' dir='ltr'>artificum,</span> <span class='ocrx_word' id='word_1_443' title='bbox 1120 2153 1187 2188; x_wconf 90' lang='lat' dir='ltr'>quo</span> <span class='ocrx_word' id='word_1_444' title='bbox 1203 2140 1364 2187; x_wconf 85' lang='lat' dir='ltr'>imagines</span> <span class='ocrx_word' id='word_1_445' title='bbox 1381 2137 1521 2175; x_wconf 84' lang='lat' dir='ltr'>deorum</span> <span class='ocrx_word' id='word_1_446' title='bbox 1537 2136 1712 2183; x_wconf 82' lang='lat' dir='ltr'>effinxere,</span> <span class='ocrx_word' id='word_1_447' title='bbox 1737 2151 1810 2177; x_wconf 88' lang='lat' dir='ltr'>rem</span> <span class='ocrx_word' id='word_1_448' title='bbox 1832 2154 1851 2175; x_wconf 85' lang='lat' dir='ltr'>a</span> <span class='ocrx_word' id='word_1_449' title='bbox 1869 2143 1936 2188; x_wconf 77' lang='lat' dir='ltr'>pri.</span> 
     </span>
    </p>

    <p class='ocr_par' dir='ltr' id='par_1_14' title="bbox 1870 2203 1936 2227">
     <span class='ocr_line' id='line_1_37' title="bbox 1870 2203 1936 2227; baseline -0.015 0"><span class='ocrx_word' id='word_1_450' title='bbox 1870 2203 1936 2227; x_wconf 80' lang='lat' dir='ltr'>mis</span> 
     </span>
    </p>
   </div>
   <div class='ocr_carea' id='block_1_12' title="bbox 215 2297 1945 2511">
    <p class='ocr_par' dir='ltr' id='par_1_15' title="bbox 215 2297 1945 2470">
     <span class='ocr_line' id='line_1_38' title="bbox 258 2297 1934 2342; baseline -0.001 -10"><span class='ocrx_word' id='word_1_451' title='bbox 258 2299 295 2340; x_wconf 74' lang='lat' dir='ltr'>z)</span> <span class='ocrx_word' id='word_1_452' title='bbox 319 2299 455 2330; x_wconf 81' lang='lat' dir='ltr'>Eamdem</span> <span class='ocrx_word' id='word_1_453' title='bbox 471 2299 544 2329; x_wconf 85' lang='lat' dir='ltr'>hanc</span> <span class='ocrx_word' id='word_1_454' title='bbox 559 2297 614 2329; x_wconf 86' lang='lat' dir='ltr'>ess&#39;e</span> <span class='ocrx_word' id='word_1_455' title='bbox 629 2309 693 2329; x_wconf 86' lang='lat' dir='ltr'>cum</span> <span class='ocrx_word' id='word_1_456' title='bbox 709 2298 780 2335; x_wconf 87' lang='lat' dir='ltr'>illa,</span> <span class='ocrx_word' id='word_1_457' title='bbox 803 2299 883 2330; x_wconf 82' lang='lat' dir='ltr'>cuius</span> <span class='ocrx_word' id='word_1_458' title='bbox 905 2306 980 2331; x_wconf 84' lang='lat' dir='ltr'>orat.</span> <span class='ocrx_word' id='word_1_459' title='bbox 998 2302 1049 2331; x_wconf 88' lang='lat' dir='ltr'>IV.</span> <span class='ocrx_word' id='word_1_460' title='bbox 1102 2298 1222 2337; x_wconf 84' lang='lat' dir='ltr'>seruat,</span> <span class='ocrx_word' id='word_1_461' title='bbox 1263 2299 1336 2331; x_wconf 87' lang='lat' dir='ltr'>hane</span> <span class='ocrx_word' id='word_1_462' title='bbox 1364 2300 1504 2335; x_wconf 84' lang='lat' dir='ltr'>Libycam</span> <span class='ocrx_word' id='word_1_463' title='bbox 1528 2297 1658 2329; x_wconf 72' lang='lat' dir='ltr'>fabulam</span> <span class='ocrx_word' id='word_1_464' title='bbox 1685 2300 1869 2331; x_wconf 78' lang='lat' dir='ltr'>orationibus</span> <span class='ocrx_word' id='word_1_465' title='bbox 1895 2300 1934 2342; x_wconf 63' lang='lat' dir='ltr'>de</span> 
     </span>
     <span class='ocr_line' id='line_1_39' title="bbox 216 2341 1945 2382; baseline 0 -10"><span class='ocrx_word' id='word_1_466' title='bbox 216 2342 253 2372; x_wconf 78' lang='lat' dir='ltr'>de</span> <span class='ocrx_word' id='word_1_467' title='bbox 276 2354 366 2382; x_wconf 83' lang='lat' dir='ltr'>regno</span> <span class='ocrx_word' id='word_1_468' title='bbox 391 2345 501 2372; x_wconf 80' lang='lat' dir='ltr'>mentio</span> <span class='ocrx_word' id='word_1_469' title='bbox 523 2344 578 2377; x_wconf 86' lang='lat' dir='ltr'>est,</span> <span class='ocrx_word' id='word_1_470' title='bbox 601 2342 677 2372; x_wconf 85' lang='lat' dir='ltr'>male</span> <span class='ocrx_word' id='word_1_471' title='bbox 693 2343 811 2372; x_wconf 86' lang='lat' dir='ltr'>videtur</span> <span class='ocrx_word' id='word_1_472' title='bbox 825 2354 930 2381; x_wconf 78' lang='lat' dir='ltr'>negare</span> <span class='ocrx_word' id='word_1_473' title='bbox 945 2344 1048 2373; x_wconf 80' lang='lat' dir='ltr'>Casan·</span> <span class='ocrx_word' id='word_1_474' title='bbox 1102 2354 1193 2381; x_wconf 86' lang='lat' dir='ltr'>regno</span> <span class='ocrx_word' id='word_1_475' title='bbox 1222 2343 1337 2374; x_wconf 58' lang='lat' dir='ltr'>adnecti</span> <span class='ocrx_word' id='word_1_476' title='bbox 1362 2352 1389 2373; x_wconf 89' lang='lat' dir='ltr'>et</span> <span class='ocrx_word' id='word_1_477' title='bbox 1412 2353 1477 2373; x_wconf 88' lang='lat' dir='ltr'>cum</span> <span class='ocrx_word' id='word_1_478' title='bbox 1497 2341 1555 2372; x_wconf 84' lang='lat' dir='ltr'>illis</span> <span class='ocrx_word' id='word_1_479' title='bbox 1578 2343 1742 2372; x_wconf 85' lang='lat' dir='ltr'>cohaerere.</span> <span class='ocrx_word' id='word_1_480' title='bbox 1942 2360 1945 2361; x_wconf 32' lang='grc' dir='ltr'><em>ν</em></span> 
     </span>
     <span class='ocr_line' id='line_1_40' title="bbox 216 2384 1932 2427; baseline -0.001 -12"><span class='ocrx_word' id='word_1_481' title='bbox 216 2386 328 2416; x_wconf 80' lang='lat' dir='ltr'>bonus:</span> <span class='ocrx_word' id='word_1_482' title='bbox 351 2394 416 2415; x_wconf 80' lang='lat' dir='ltr'>nam</span> <span class='ocrx_word' id='word_1_483' title='bbox 439 2388 577 2426; x_wconf 75' lang='lat' dir='ltr'>vtrinque</span> <span class='ocrx_word' id='word_1_484' title='bbox 600 2385 634 2414; x_wconf 83' lang='lat' dir='ltr'>de</span> <span class='ocrx_word' id='word_1_485' title='bbox 649 2384 800 2426; x_wconf 83' lang='lat' dir='ltr'>voluptate</span> <span class='ocrx_word' id='word_1_486' title='bbox 817 2385 867 2416; x_wconf 87' lang='lat' dir='ltr'>sub</span> <span class='ocrx_word' id='word_1_487' title='bbox 880 2386 971 2426; x_wconf 81' lang='lat' dir='ltr'>specie</span> <span class='ocrx_word' id='word_1_488' title='bbox 986 2397 1049 2416; x_wconf 86' lang='lat' dir='ltr'>mu·</span> <span class='ocrx_word' id='word_1_489' title='bbox 1145 2387 1200 2423; x_wconf 76' lang='lat' dir='ltr'>aa)</span> <span class='ocrx_word' id='word_1_490' title='bbox 1225 2386 1515 2427; x_wconf 61' lang='lat' dir='ltr'>Philosophunbpag.</span> <span class='ocrx_word' id='word_1_491' title='bbox 1533 2394 1600 2422; x_wconf 86' lang='lat'>207.</span> <span class='ocrx_word' id='word_1_492' title='bbox 1621 2392 1707 2414; x_wconf 84' lang='lat' dir='ltr'>vocat</span> <span class='ocrx_word' id='word_1_493' title='bbox 1728 2384 1865 2425; x_wconf 55' lang='lat' dir='ltr'>‹paeri-mv</span> <span class='ocrx_word' id='word_1_494' title='bbox 1885 2384 1932 2423; x_wconf 64' lang='grc' dir='ltr'>»(ᾳῖ</span> 
     </span>
     <span class='ocr_line' id='line_1_41' title="bbox 215 2426 1930 2470; baseline 0 -12"><span class='ocrx_word' id='word_1_495' title='bbox 215 2426 295 2460; x_wconf 76' lang='lat' dir='ltr'>lieris</span> <span class='ocrx_word' id='word_1_496' title='bbox 317 2428 345 2459; x_wconf 84' lang='lat' dir='ltr'>se</span> <span class='ocrx_word' id='word_1_497' title='bbox 367 2428 507 2460; x_wconf 79' lang='lat' dir='ltr'>offerente</span> <span class='ocrx_word' id='word_1_498' title='bbox 529 2430 634 2467; x_wconf 80' lang='lat' dir='ltr'>agitur.</span> <span class='ocrx_word' id='word_1_499' title='bbox 677 2431 779 2470; x_wconf 80' lang='lat' dir='ltr'>Itaque</span> <span class='ocrx_word' id='word_1_500' title='bbox 801 2436 829 2460; x_wconf 82' lang='lat' dir='ltr'>ct</span> <span class='ocrx_word' id='word_1_501' title='bbox 849 2430 971 2463; x_wconf 77' lang='lat' dir='ltr'>Photius</span> <span class='ocrx_word' id='word_1_502' title='bbox 996 2430 1047 2460; x_wconf 89' lang='lat' dir='ltr'>ob·</span> <span class='ocrx_word' id='word_1_503' title='bbox 1102 2426 1228 2468; x_wconf 69' lang='grc' dir='ltr'>ῧξηγητὴν</span> <span class='ocrx_word' id='word_1_504' title='bbox 1245 2431 1290 2464; x_wconf 70' lang='grc' dir='ltr'>τῆς</span> <span class='ocrx_word' id='word_1_505' title='bbox 1303 2428 1430 2460; x_wconf 62' lang='grc' dir='ltr'>ἀθανάτα</span> <span class='ocrx_word' id='word_1_506' title='bbox 1446 2427 1563 2467; x_wconf 55' lang='lat' dir='ltr'>tabens:</span> <span class='ocrx_word' id='word_1_507' title='bbox 1583 2435 1612 2460; x_wconf 81' lang='lat' dir='ltr'>et</span> <span class='ocrx_word' id='word_1_508' title='bbox 1630 2438 1694 2468; x_wconf 81' lang='lat' dir='ltr'>pag.</span> <span class='ocrx_word' id='word_1_509' title='bbox 1707 2435 1770 2463; x_wconf 83' lang='lat'>228-</span> <span class='ocrx_word' id='word_1_510' title='bbox 1791 2439 1852 2470; x_wconf 86' lang='lat' dir='ltr'>quo</span> <span class='ocrx_word' id='word_1_511' title='bbox 1871 2439 1930 2459; x_wconf 83' lang='lat' dir='ltr'>rna-</span> 
     </span>
    </p>

    <p class='ocr_par' dir='ltr' id='par_1_16' title="bbox 1885 2481 1930 2511">
     <span class='ocr_line' id='line_1_42' title="bbox 1885 2481 1930 2511; baseline -0.044 -8"><span class='ocrx_word' id='word_1_512' title='bbox 1885 2481 1930 2511; x_wconf 74' lang='lat' dir='ltr'>gu</span> 
     </span>
    </p>
   </div>
  </div>
 </body>
</html>
