2049 2720
197 174 438 214 ELENCHVS
470 171 871 212 LVCVBRATIONVM
903 171 952 210 ΙΝ
986 173 1164 210 ῘΟΞΕΡΗῘ
1197 174 1341 211 OPERA
1395 173 1466 212 Lib.
1480 175 1549 213 IV.
1562 190 1584 213 c.
1602 176 1713 216 VIII.
1763 194 1799 230 5²·

184 273 345 319 Humfroi
360 273 484 307 Diiton
498 268 626 319 Iosephi
644 270 864 306 testimonium
879 272 910 304 in
927 270 1022 310 libro,
1049 273 1116 319 qui,
1141 285 1180 306 ex
1198 270 1367 318 anglicana
1390 275 1420 305 in
1443 271 1712 322 francogallicam
1734 277 1792 314 lin.

81 337 182 373 guam
198 322 382 365 conuersus,
408 323 586 359 Arnsselod.
604 331 692 366 1728.
710 323 797 370 typis
812 319 987 372 descriptus
1002 320 1064 357 fuit
1080 325 1145 357 hoc
1165 327 1277 358 titulo:
1304 325 1350 357 La
1369 323 1512 371 religion
1533 329 1718 364 clii-etienne
1739 330 1794 366 de-

82 376 234 411 montre'e
248 389 306 424 par
321 375 352 411 la
369 374 582 411 resurrection
597 373 637 409 de
657 385 754 410 notre
767 374 799 410 S.
816 376 839 408 1.
857 376 918 410 Ch.
943 376 1160 413 exanimauit,
1188 372 1312 424 suoque
1334 377 1460 411 audiori
1481 378 1665 413 vindicauit.

183 445 214 481 I.
231 445 323 478 Frid.
344 443 528 482 Eckardm,
553 440 716 490 gymnafii
732 439 922 477 lsenacenfis
935 439 1022 491 pros.
1044 440 1164 492 scripsit
1186 443 1338 476 vindicias
1356 442 1447 479 Flau.
1463 442 1522 478 Ios.
1542 459 1561 479 a
1579 447 1609 481 Ρ.
1626 448 1736 485 Baelio
1762 454 1796 488 in

34 541 41 544 -
81 506 219 543 negatae
238 495 399 530 librorum
421 497 451 529 S.
469 496 499 530 S.
520 496 776 534 θεοπνευστιας
796 491 1011 542 suspicionem
1035 497 1152 537 vocati,
1174 492 1295 542 prolus.
1311 493 1454 529 scholast.
1476 494 1554 531 Isen.
1579 505 1658 540 1781.
1687 502 1796 538 Prolu.

83 547 208 582 fionem
225 548 258 581 in
279 548 309 594 §.
327 559 353 592 5,
373 559 441 594 cap.
458 551 504 582 16.
530 545 584 580 lib.
602 547 643 580 ΙΙ.
666 547 739 580 Ant.
772 543 892 580 Isenaei
919 548 1011 590 1786.
1047 545 1136 581 Flau.
1151 544 1306 594 Iosephus
1327 559 1436 581 errore
1451 546 1629 594 pharisaico
1643 553 1796 598 imbutus,

83 612 182 647 quem
200 598 346 633 Christus
368 596 572 645 reprehendit
594 597 682 645 apud
706 598 899 633 Matth.1V.
922 595 1003 634 isen.
1020 605 1105 641 1782.
1138 598 1228 632 Flau.
1248 595 1420 645 Iosephus,
1446 598 1485 632 de
1501 601 1623 636 Ioanne
1644 603 1728 651 bapt.
1751 616 1795 641 te-

16 651 22 657 '
58 650 198 695 -ssatm,
225 652 333 698 Antiq.
352 649 420 684 Iud.
436 650 555 689 XVIII.
574 661 645 697 cap.
662 661 691 692 7.
719 647 799 686 1sen.
820 656 903 695 ¹785·
955 648 1181 685 Prolufionem
1203 647 1350 684 scholast.
1375 663 1439 697 qua
1464 664 1482 685 a
1504 649 1642 700 Iosepho
1664 654 1798 705 depellit

83 704 346 737 criminationem
363 702 457 737 fictae
472 702 554 748 legis
566 698 648 735 mos.
666 713 728 748 qua
744 700 934 736 maledifflo
948 702 1113 741 Deorum,
1137 700 1220 737 falso
1238 701 1451 744 creditorum,
1473 704 1685 752 prohibeatur
1707 716 1796 756 1787.

83 755 194 790 Vitam
213 753 339 802 losephi
353 751 415 789 esse
431 750 592 788 theodisce
610 751 772 788 redditam
785 753 824 788 ab
838 752 991 788 Eckardo
1002 781 1012 796 ,
1035 756 1069 789 in
1083 752 1303 803 superioribus
1319 753 1468 789 indicaui.

187 821 374 856 Eichhornii
389 819 525 869 isagoge
542 821 572 854 in
588 820 618 855 S.
635 822 666 855 S.
684 823 723 855 V.
740 821 787 856 T.
810 820 925 863 biblia,
953 823 1172 868 repertorium
1193 832 1223 856 et
1245 824 1487 868 promtuarium
1512 822 1668 861 biblicum
1692 830 1736 863 vti
1757 838 1799 872 et,

85 885 183 922 quam
201 877 353 922 proxime
367 872 600 921 exspectamus,
624 874 656 905 in
673 871 772 908 libros
789 874 1002 922 apocryphos
1020 876 1059 909 V.
1073 874 1118 909 T.
1135 872 1350 914 introductio,
1364 873 1468 910 multa
1481 872 1684 924 suppeditant
1700 881 1733 915 in
1751 881 1801 916 10.

85 923 224 975 sepham
242 925 539 961 commentantibus
553 921 700 959 subsidia.

187 995 220 1029 J.
238 992 381 1040 August.
398 993 540 1040 Ernesti,
567 1006 636 1027 non
652 1002 808 1041 perpetuo
825 991 959 1041 quidem
972 994 1227 1034 commentario,
1253 990 1305 1027 sed
1321 996 1416 1028 variis
1435 996 1716 1031 exercitationibus
1733 1011 1804 1033 aea.

87 1044 221 1080 demicis
237 1043 362 1092 Ioseplii
378 1042 492 1093 scripta
508 1044 687 1079 illustrauit.
736 1044 870 1079 Instituti
892 1041 937 1079 sui
955 1047 1117 1078 rationem
1135 1046 1167 1077 in
1183 1042 1316 1091 praefat.
1331 1044 1370 1078 ad
1389 1049 1514 1082 exercit.
1532 1049 1694 1093 primam,
1720 1063 1749 1096 p.
1767 1052 1800 1086 6.

86 1098 138 1132 his
154 1097 255 1131 verbis
272 1099 421 1144 exponit.
473 1122 490 1136 „
502 1098 571 1130 Erit
587 1096 682 1131 nobis
699 1109 749 1130 res
764 1098 806 1130 ita
820 1093 994 1143 descripta,
1021 1106 1054 1130 vt
1070 1098 1214 1143 primum
1230 1094 1270 1130 de
1288 1097 1440 1142 capitibus
1466 1098 1658 1144 quibusdam
1676 1104 1802 1136 vniuer.

87 1146 147 1191 fis,
176 1150 275 1195 iisque
289 1148 493 1195 grauioribus
511 1146 735 1195 disputemus,
762 1157 795 1181 vt
812 1146 852 1180 de
867 1145 1011 1181 fontibus
1028 1148 1256 1193 antiquitatum
1274 1147 1416 1181 Flauian.
1431 1148 1471 1183 de
1486 1151 1802 1198 inte1·polati0nibu8‚

87 1199 128 1236 de
151 1198 383 1248 dogmatibus,
405 1208 437 1233 et
457 1200 512 1238 iis,
537 1199 652 1245 quibus
677 1195 874 1232 orthodoxia
895 1200 1027 1245 antiqua
1047 1195 1113 1232 iud.
1135 1206 1166 1232 et
1191 1196 1359 1231 christiana
1375 1199 1540 1241 firmatur,
1567 1200 1804 1252 similibusque:

87 1250 205 1287 deinde
217 1260 391 1298 corrupta,
417 1260 447 1284 et
461 1247 575 1285 vitiosa
590 1260 621 1285 et
635 1247 823 1285 obscuriora
838 1248 889 1284 vel
907 1252 1128 1296 corrigamus,
1155 1248 1207 1284 vel
1223 1247 1431 1286 illustremus.
1485 1251 1545 1286 Sed
1563 1256 1721 1301 quoniam
1747 1269 1806 1304 po.

89 1303 202 1339 sserior
217 1305 296 1338 haee
311 1315 381 1351 pars
399 1304 507 1336 critica
525 1314 594 1337 non
608 1298 679 1336 satis
695 1312 770 1349 apta
781 1300 825 1336 est
840 1301 1126 1336 exercitationibus
1144 1300 1276 1335 talibus:
1302 1301 1353 1335 vel
1369 1303 1445 1352 quia
1463 1308 1615 1351 perpauci
1632 1306 1716 1340 hanc
1735 1320 1807 1355 par.

88 1364 157 1392 tem
177 1353 366 1391 eruditionis
390 1353 581 1402 adtingunt,
615 1356 704 1388 cuius
724 1351 939 1388 neceffitatem
961 1362 994 1388 et
1015 1351 1242 1400 praestantiam
1264 1354 1341 1401 quia
1365 1366 1434 1388 non
1455 1357 1607 1402 capiunt,
1633 1356 1683 1392 vel
1705 1356 1807 1394 refor-

90 1405 228 1449 midant,
243 1419 316 1442 eam
332 1417 467 1448 temere,
495 1405 545 1440 vel
560 1407 711 1454 imperite
725 1413 964 1440 contemnunt:
992 1404 1043 1440 vel
1059 1407 1134 1454 quia
1148 1403 1192 1438 est
1205 1404 1328 1439 aridior
1343 1416 1456 1441 natura
1472 1418 1503 1441 et
1516 1411 1655 1450 tenuior,
1679 1407 1808 1458 fatigat-

90 1471 155 1507 que
167 1457 306 1494 lediores
322 1460 417 1492 etiam
433 1471 501 1493 non
515 1459 642 1493 alienos
660 1458 699 1492 ab
713 1467 782 1492 arte
796 1457 923 1499 nostra3
949 1455 1068 1504 placuit
1082 1469 1156 1491 eam
1172 1458 1372 1511 conipngere
1385 1471 1461 1492 cum
1477 1459 1715 1507 quaestionibus
1740 1464 1808 1497 vni-

91 1510 189 1546 verfis
213 1512 277 1546 hoc
299 1510 422 1551 modo,
449 1519 483 1545 vt
497 1508 630 1557 singulis
653 1510 931 1544 exercitationibus
955 1508 1099 1557 aliquam
1130 1508 1350 1556 castigationis
1374 1512 1498 1545 criticae
1518 1523 1644 1559 partem
1668 1509 1810 1548 subiicia-

91 1575 184 1601 mus‚
212 1572 308 1611 atque
329 1563 372 1595 ita
394 1561 566 1609 paullatim
595 1560 773 1597 doctorum
798 1562 974 1596 hominum
999 1560 1039 1596 de
1060 1560 1317 1595 correctionibus
1347 1560 1464 1596 nostris
1491 1562 1607 1598 iudicia
1632 1563 1810 1611 cognosca-

91 1627 172 1650 mus,
182 1618 199 1633 ‘⁴
252 1615 422 1663 Qantum
438 1611 522 1654 scio,
546 1613 653 1661 plures
675 1627 744 1649 non
766 1612 884 1656 edidit,
908 1625 1009 1660 quam
1030 1614 1300 1647 exercitationum
1324 1613 1414 1648 Flau.
1435 1616 1578 1661 primani
1601 1614 1641 1649 de
1665 1614 1810 1651 fontibus

94 1665 254 1704 archaeol.
271 1679 348 1700 curn
369 1666 552 1700 corollariis
574 1665 701 1700 duobus
722 1664 763 1701 de
787 1665 860 1701 stilo
877 1661 938 1702 los,
959 1674 1056 1712 atque
1081 1663 1122 1699 de
1138 1662 1217 1698 odio
1233 1663 1429 1699 Iudaeorum
1447 1677 1505 1702 vet.
1522 1664 1674 1702 aduersus
1691 1668 1810 1703 litteras

94 1731 242 1767 graecas,
268 1731 351 1766 quae
365 1720 568 1753 coniunctim
586 1716 709 1753 exstant
725 1721 757 1752 in
773 1720 839 1752 eius
853 1714 1018 1765 opusculis
1034 1716 1198 1764 philolog.
1213 1718 1330 1751 criticis
1342 1744 1350 1757 ,
1376 1720 1495 1752 iteruin
1517 1718 1607 1754 editis
1636 1719 1738 1767 Lugd.
1756 1723 1811 1755 Ba-

96 1781 159 1805 tau.
182 1772 272 1813 1776,
296 1772 329 1804 in
352 1776 382 1808 8.
409 1771 459 1803 vbi
482 1772 515 1803 in
542 1767 672 1817 praefat.
694 1772 752 1804 ait:
783 1771 879 1809 „Nec
899 1765 1083 1803 consultum
1104 1767 1274 1809 duximus,
1304 1766 1445 1808 addere,
1471 1783 1553 1818 quae
1577 1781 1702 1805 tantum
1723 1773 1811 1805 initia

96 1820 256 1872 quaedam
272 1821 390 1856 habent
402 1821 532 1856 instituti
550 1822 683 1856 alicuius
700 1820 819 1862 nostri,
843 1831 895 1862 vt,
922 1833 1006 1868 quae
1021 1819 1060 1855 de
1075 1818 1215 1867 Iosepbo
1231 1822 1401 1868 coepimus
1419 1818 1573 1860 scribere,
1600 1822 1651 1856 vel
1667 1821 1705 1857 ad
1718 1835 1813 1870 argu-

97 1885 248 1909 mentum
262 1875 530 1921 archaeologiae‚
551 1873 602 1908 vel
617 1872 656 1908 ad
673 1876 858 1908 orationem
873 1874 1077 1920 pertinentia,
1106 1885 1188 1920 quae
1200 1870 1224 1906 fi
1239 1872 1335 1906 nobis
1350 1875 1525 1919 contigerit
1541 1870 1720 1913 absoluere,
1739 1886 1813 1920 pro-

96 1927 209 1973 prium
225 1925 383 1959 volumen
400 1923 585 1972 explebunt.
596 1931 613 1945 “
663 1926 753 1973 Lego
769 1927 865 1960 etiam
883 1926 917 1958 in
931 1925 1021 1959 Saxii
1035 1923 1241 1958 onomastico
1252 1947 1261 1960 2
1288 1923 1481 1964 nouissima,
1509 1924 1550 1958 de
1572 1923 1653 1959 odio
1677 1924 1812 1960 Iudaeo-

100 1988 175 2011 rum
196 1973 343 2011 aduersus
360 1977 419 2011 litt.
440 1988 588 2022 graecaS,
614 1975 854 2023 disputatione,
879 1975 1065 2011 Ernessium
1082 1973 1180 2010 simul
1198 1972 1395 2021 respondisse
1414 1977 1458 2008 lo.
1475 1976 1586 2011 Salom.
1607 1977 1734 2011 Srmleri
1756 1974 1814 2026 spi-

100 2027 364 2076 cilegio—critico
382 2027 571 2074 theologico
584 2027 624 2062 de
640 2029 829 2062 audioritate
843 2026 1092 2074 archaeologiae
1108 2025 1148 2060 ad
1164 2026 1354 2061 Flauianam
1379 2030 1646 2062 exercitationem
1671 2027 1814 2076 Lipsien-

98 2077 167 2116 sem
184 2082 343 2128 primam,
370 2078 475 2113 Halae
491 2077 645 2127 Magdeb.
662 2090 743 2122 1757.
760 2077 860 2113 edito.
912 2079 1007 2123 [Hoc
1026 2091 1114 2112 anno
1138 2088 1257 2122 1795..a
1272 2078 1301 2111 J.
1322 2077 1378 2112 Cb.
1404 2078 1541 2123 Theopfz.
1558 2079 1687 2123 Ernesti
1712 2079 1814 2115 editae

99 2129 174 2168 sunt
192 2144 231 2166 ex
248 2127 371 2165 schedis
389 2133 506 2178 patrui,
530 2132 578 2166 lo.
595 2130 688 2177 Aug.
706 2129 844 2177 Ernssi,
868 2128 1051 2164 Obseruatt.
1069 2128 1295 2176 philologico-
1307 2131 1437 2163 criticae
1452 2132 1485 2163 in
1508 2131 1729 2178 Aristophanis
1749 2133 1816 2167 Nu-

103 2184 159 2219 bes
181 2194 212 2218 et
232 2183 324 2217 Flau.
343 2182 467 2228 [ψῃ-ἤι’
487 2184 585 2228 antiq.
603 2183 667 2216 iud.
728 2179 933 2216 Accesserant
954 2179 1139 2215 Godofredi
1162 2180 1286 2215 Olearii
1300 2191 1399 2215 notae
1426 2179 1466 2215 ad
1495 2180 1640 2217 Suidam.
1681 2181 1815 2229 Lipfiae,

105 2237 183 2271 mai.
204 2242 235 2274 8.
287 2231 376 2268 Obss‘.
395 2234 567 2268 Flauianae
581 2248 599 2268 a
616 2247 688 2282 pag.
705 2235 876 2277 57—186.
892 2230 963 2267 sunt
977 2234 1158 2267 maximam
1176 2243 1302 2280 partem
1317 2234 1454 2267 criticae.
1505 2234 1607 2281 Saepe
1624 2247 1755 2281 quoque
1775 2233 1816 2268 de

106 2288 136 2321 vi
151 2296 182 2321 et
199 2284 353 2334 potestate
367 2286 604 2320 vocabulorum
620 2296 650 2319 et
666 2283 900 2326 formularum,
911 2283 951 2318 de
968 2281 1058 2318 sensu
1070 2284 1224 2318 locorum
1238 2282 1463 2318 difficilimum
1476 2294 1571 2333 atque
1592 2282 1818 2320 obscuriorum

106 2337 194 2374 etde
209 2336 514 2383 interpolationibus
529 2336 720 2383 disputatur.
773 2335 889 2371 Editor
904 2339 936 2370 in
960 2333 1163 2383 praefatione
1186 2349 1259 2383 pag.
1274 2337 1314 2369 V.
1330 2333 1455 2377 nescio,
1482 2337 1604 2382 inquit,
1631 2349 1673 2369 an
1695 2335 1762 2371 vllo
1784 2339 1818 2371 in

110 2389 174 2425 alio
188 2385 381 2435 scriptorum
399 2400 517 2435 genere
530 2388 748 2423 luculentiora
765 2386 954 2435 sagacissimi
975 2386 1104 2429 iudicii,
1129 2389 1288 2423 acuminis
1312 2388 1411 2422 critici
1434 2386 1689 2435 eruditionisque
1710 2401 1819 2436 gram·

111 2438 245 2476 maricae
258 2439 458 2476 documenta
471 2439 625 2487 (Ernesti)
648 2439 853 2485 exhibuerit]

987 2498 1017 2532 G
1045 2510 1063 2532 2
1722 2497 1826 2532 Tana-
