2049 2720
63 148 367 203 valum-unus
394 162 661 201 PLvTAchr
686 161 829 198 νιΤΑΕ
856 160 922 197 ET
950 160 1142 198 semem
1165 162 1373 201 Momm
1401 165 1546 203 LibJV.
1560 179 1583 202 e.
1594 167 1706 204 XIII.
1732 180 1787 215 ιη

164 263 423 309 Epaminondae,
448 260 620 296 Plutarch.
632 261 668 294 in
681 260 810 304 Pyrrho
825 270 903 308 pag.
921 263 991 302 387.
1014 268 1044 293 et
1067 259 1201 308 Lampr.

63 384 97 419 V
149 332 340 429 JScipionis,
361 343 461 380 quam
486 337 653 365 memorat
677 327 873 363 Plutarchus
893 329 928 362 in
943 327 1100 362 Gracchis
1118 340 1195 377 pag.
1214 335 1276 372 834
1293 337 1326 364 et
1342 334 1416 374 839.
1441 327 1624 379 [Lamprias
1644 332 1678 366 in
1696 330 1786 370 catal.

97 396 147 419 en.

163 449 326 498 Augusti,
359 449 499 491 Tiberii,
526 449 675 487 Claudii,
703 446 773 483 Caii
787 445 937 493 Caesaris
953 445 992 491 (e
1012 458 1077 494 qua
1091 443 1242 481 videntur
1265 448 1384 494 petita,
1407 459 1491 497 quae
1514 447 1554 484 de
1575 447 1660 484 Iulio
1680 450 1786 492 Cano.

60 504 188 604 {Zigae
206 503 246 538 de
263 502 344 537 statu
360 503 489 537 animae
503 500 576 551 post
593 510 739 536 mortem
753 509 929 540 mouente,
953 496 1051 534 refert
1064 499 1223 547 Syncellus
1236 511 1310 549 pag.
1328 502 1415 546 330.)
1439 502 1580 537 Neronis
1591 514 1631 537 ae
1647 501 1687 537 V
1685 503 1789 548 item}

161 621 294 672 Hqfiodi
317 622 449 670 Lampr.
475 620 622 656 Pindari.
659 621 795 668 Lampr.
810 629 841 655 et
855 619 992 667 Sopater
1007 616 1093 669 apud
1111 615 1204 655 Phot'.

164 689 308 725 Cratetis
322 691 466 734 Cynici,
490 698 524 724 vt
537 698 665 738 praeter
680 689 871 736 Lampriam
887 686 1016 722 testatur
1029 688 1165 736 Sopater
1186 684 1272 734 apud
1289 686 1383 722 Phot.
1408 696 1440 722 et
1462 686 1613 722 Iulianus
1633 697 1714 725 orat.
1732 690 1788 727 VI.

54 750 135 789 pag.
153 753 230 777 200.
256 751 287 777 et
306 742 487 788 Daipbanti
502 743 658 790 praetoris
674 737 891 775 Phocenfium
910 751 1007 788 quam
1025 738 1145 787 allegat
1161 738 1349 774 Plutarchus
1371 736 1436 789 ipse
1465 739 1505 776 de
1528 741 1696 777 virtutibus
1715 753 1786 779 mm

59 792 181 829 lictum
197 805 270 843 pag.
288 805 359 838 244.
386 791 454 829 vsus
465 797 568 829 etiam
580 794 721 843 Sopater
731 790 823 841 apud
840 793 995 828 Photium
1011 789 1084 826 cod.
1099 792 1210 827 CLXI.
1237 789 1297 837 [if]

155 859 378 907 Aristomenis.
403 863 537 911 Lampr.

162 929 266 963 Arati
292 930 424 978 (poetae
440 926 610 974 fortaffis).
630 927 771 978 Lampr.

160 993 346 1031 Franciscus
365 997 534 1031 Petrarcha
548 1009 679 1044 quoque
695 995 822 1030 testatus
837 992 900 1034 est,
926 993 1138 1029 Plutarchum
1153 995 1187 1027 in
1201 995 1274 1028 vitis
1288 991 1451 1042 parallelis
1467 993 1602 1030 Platoni
1617 1004 1648 1031 et
1664 994 1787 1045 Aristo-

59 1047 113 1082 teli
126 1045 294 1083 contulisse
308 1049 358 1083 M.
381 1048 564 1083 Varronem
580 1057 610 1082 et
625 1047 769 1081 Homero
789 1046 988 1092 Virgilium,
1014 1044 1103 1093 quod
1117 1043 1202 1080 vnde
1220 1044 1359 1080 hauserit
1372 1043 1494 1080 nescire
1508 1043 1539 1080 se
1555 1044 1675 1082 fatetur
1689 1047 1789 1082 Rual-

59 1098 119 1133 dus
139 1101 172 1133 in
190 1098 353 1135 Plutarchi
370 1102 434 1135 vita
450 1113 513 1148 pag
541 1102 595 1134 66.
611 1111 712 1147 quem
727 1096 766 1133 de
789 1098 862 1132 vitis
880 1096 1041 1131 Plutarchi
1065 1094 1272 1131 disserentem
1289 1096 1362 1131 vide
1381 1111 1451 1145 cap.
1467 1108 1504 1140 17
1518 1095 1562 1146 sq.
1585 1111 1620 1143 19
1642 1108 1673 1132 et
1688 1112 1722 1144 ²5
1738 1097 1786 1147 sq.

59 1150 221 1199 Equidem
238 1151 379 1187 Platonis
397 1161 428 1186 et
445 1150 623 1185 Aristotelis
639 1152 720 1184 vitae
735 1152 768 1183 in
784 1150 924 1196 antiquis
940 1148 1104 1182 Plutarchi
1127 1148 1322 1183 editionibus
1342 1148 1450 1182 latinis
1467 1147 1611 1194 exflant3
1637 1147 1692 1184 sed
1713 1148 1786 1186 scri.

58 1212 133 1251 ptae
150 1217 169 1238 a
183 1205 350 1246 Guarino,
375 1205 419 1237 vti
437 1205 501 1237 vita
517 1200 630 1237 Caroli
647 1202 696 1236 M.
713 1200 752 1235 ab
769 1199 940 1234 Acciaiolo
957 1197 1157 1246 composita,
1183 1209 1215 1234 et
1232 1199 1380 1234 Cornelii
1399 1201 1537 1248 Nepotis
1553 1203 1686 1237 Atticus.

162 1268 312 1306 Promifit
323 1272 430 1306 etiam
445 1269 633 1305 Plutarchus
649 1271 750 1304 vitam
765 1267 922 1303 Leonidae
936 1267 1172 1315 Spartanorum
1195 1268 1282 1315 regis
1301 1265 1356 1302 lib.
1379 1265 1421 1302 de
1441 1266 1611 1304 Herodoti
1633 1267 1790 1318 maligui-

60 1331 126 1358 tate
145 1336 222 1373 pag.
238 1320 317 1363 866.
1068 1332 1073 1334 ·

159 1391 287 1426 Metelli
305 1391 338 1425 in
360 1388 475 1425 Mario
499 1400 577 1439 pag.
593 1399 664 1434 2223.

156 1457 325 1494 Plutarchi
349 1456 504 1505 exemplo
522 1457 579 1492 alii
601 1459 700 1492 etiam
721 1454 878 1506 parallela
895 1452 1058 1491 eiusmodi
1077 1450 1246 1503 scripsere,
1271 1464 1305 1491 vt
1318 1452 1556 1503 Amyntianus,
1583 1456 1640 1504 qu'i
1655 1455 1705 1492 M.
1722 1456 1787 1491 Ru-

54 1512 164 1545 tonini
187 1510 389 1558 temporibus
409 1507 538 1551 floruit,
560 1518 596 1543 et
614 1510 734 1544 Phorio
759 1507 834 1544 cod.
853 1511 908 1544 Vl.
932 1507 1009 1543 teste
1030 1504 1150 1555 scripsit
1166 1510 1246 1541 vitas
1267 1507 1436 1555 parallelas
1454 1507 1603 1552 Dionyfii
1623 1519 1655 1544 et
1668 1510 1787 1542 Domi-

59 1564 156 1604 tiani,
184 1562 322 1611 Philippi
345 1559 541 1596 Macedonis
562 1571 598 1595 ·et
621 1559 757 1608 Augusti
782 1563 863 1609 imp.
912 1558 1032 1595 Nostra
1057 1570 1160 1594 aetate
1175 1558 1341 1593 Antonius
1359 1559 1401 1594 V
1397 1560 1556 1607 arillafius
1570 1558 1708 1594 contulit
1726 1561 1787 1594 Ca-

18 1646 20 1648 ,
60 1613 168 1649 tolum
184 1614 225 1649 V.
249 1626 324 1648 cum
340 1610 512 1648 francisco
531 1613 555 1648 Ι.
583 1611 708 1647 Galliae
727 1625 826 1660 rege,
853 1620 884 1646 et
900 1611 1107 1647 Ludouicum
1121 1612 1175 1645 XI.
1204 1610 1329 1645 Galliae
1348 1623 1424 1644 cum
1447 1610 1656 1645 Ferdiuando
1678 1612 1788 1646 catho-

57 1665 123 1701 lico
146 1678 223 1714 rege
246 1662 501 1712 Hispaniarum:
528 1664 744 1699 Euremonius
764 1663 987 1699 Alexandrum
1003 1675 1080 1698 cum
1099 1659 1256 1704 Caesare,
1281 1661 1458 1698 Condeum
1474 1664 1606 1698 Ducem
1620 1676 1700 1698 cum
1716 1664 1790 1698 Tu.

57 1719 195 1765 temno,
220 1728 252 1753 et
268 1718 434 1765 Tragicos
448 1729 528 1751 cum
543 1715 702 1752 Cornelio
719 1718 894 1752 Racinum.
943 1716 1091 1750 Renatus
1109 1716 1256 1760 Rapinus
1279 1716 1486 1763 comparauit
1506 1717 1589 1751 inter
1608 1713 1640 1750 se
1657 1717 1788 1750 Cicero-

59 1781 137 1806 nem
155 1780 185 1804 et
198 1769 479 1811 Demosthenem,
506 1770 697 1803 Homerum
715 1777 746 1803 et
760 1769 937 1816 Virgilium
949 1795 958 1810 ,
986 1765 1224 1811 Thucydidem
1242 1767 1458 1815 Liuiumque:
1484 1767 1674 1813 meiscus
1688 1766 1786 1801 Blen-

59 1821 162 1856 denus
180 1820 355 1857 Pindarum
376 1834 452 1855 cum
475 1821 647 1859 Horatio..
680 1830 711 1855 et
734 1833 839 1869 nuper
861 1819 1002 1868 denique
1019 1819 1258 1864 Riehardu10),
1282 1819 1376 1853 abbas
1394 1817 1507 1853 Gallus
1529 1820 1717 1853 Ximenium
1748 1830 1787 1852 ac

58 1872 244 1907 Richelium
261 1871 439 1908 cardinales
459 1883 518 1907 etc.
545 1873 673 1907 Fabric.
726 1872 778 1906 De
797 1870 934 1907 confilio
950 1870 1128 1913 Plutarchi,
1155 1868 1244 1916 quod
1267 1874 1301 1905 in
1323 1869 1563 1906 conscribendis
1577 1872 1647 1904 vitis
1662 1869 1786 1907 habuit,

60 1934 91 1958 et
115 1921 155 1958 de
175 1927 272 1957 totius
293 1927 399 1969 operis
420 1935 540 1958 norma
562 1934 657 1971 atque
679 1921 897 1972 descriptione
917 1924 999 1959 bene
1019 1921 1138 1957 iudicat
1155 1923 1284 1956 Barton
1304 1924 1339 1956 in
1358 1918 1460 1969 praef.
1476 1920 1517 1956 ad
1533 1921 1614 1956 Plut.
1628 1921 1706 1954 vitas
1723 1920 1785 1955 De-

59 1974 238 2010 mostheni:
254 1983 285 2009 et
297 1976 468 2009 Ciceronis
482 1972 652 2022 parallelas
672 1986 747 2021 pag.
762 1977 791 2008 V
809 1972 877 2022 sqq.
890 1972 969 2008 edit.
987 1975 1097 2008 Oxon.
1123 1973 1224 2007 Harl.

161 2071 216 2105 lV.
248 2070 294 2104 Vt
318 2078 427 2103 tomus
449 2068 540 2115 prior
567 2078 708 2114 operum
735 2066 900 2103 Plutarchi
931 2064 1115 2102 editionum
1138 2065 1435 2115 graecolatiuarum
1460 2068 1539 2100 vitas
1567 2078 1644 2101 curn
1669 2063 1785 2100 versio-

58 2132 102 2157 ne
120 2122 237 2156 Herm.
253 2117 413 2162 Cruserii,
441 2121 485 2154 ita
508 2117 672 2169 posterior
695 2119 838 2156 moralia
855 2131 933 2154 cum
954 2117 1102 2155 verfione
1122 2117 1208 2155 Guil.
1225 2118 1409 2163 Xylandffl,
1443 2116 1693 2168 complectitur,
1721 2118 1785 2153 hoe

61 2171 196 2208 ordine:
1139 2170 1145 2174 '

159 2240 215 2285 50)
238 2238 315 2287 Περὶ
331 2234 457 2277 παιδῶν
476 2236 620 2284 οἱὙωῪῆς
637 2236 701 2273 flue
717 2236 756 2273 de
770 2236 859 2273 libris
877 2236 1070 2280 educandis,
1097 2235 1187 2285 quod
1204 2234 1402 2285 opusculum
1427 2247 1553 2284 praeter
1577 2250 1646 2273 rem
1666 2230 1783 2284 spuriis

56 2288 204 2326 accenset
226 2291 375 2325 Rualdus
396 2303 466 2340 cap.
483 2303 534 2326 ao.
560 2293 643 2326 vitae
667 2290 840 2326 Plutarchi.
896 2291 1039 2340 [Spuriis
1064 2303 1200 2340 quoque
1226 2287 1394 2326 accensent
1414 2292 1570 2325 Muretus
1592 2287 1785 2377 vertige&-

127 2439 158 2472 ο)
181 2435 288 2467 Confer
301 2437 370 2466 Δί’-ἐει
385 2436 470 2469 erud.
486 2446 512 2475 a,
528 2440 612 2474 1706.
628 2446 691 2478 pag.
708 2442 738 2472 85
757 2435 797 2478 sq.

102 2499 174 2534 1⁷01.
191 2500 228 2532 V.
924 2522 932 2531 ,
974 2490 1004 2529 Ζ
