2013 2725
194 123 250 158 524
291 110 374 147 m.
396 109 441 147 V.
460 120 484 144 c.
502 106 583 143 Χιι
819 103 960 141 mom<
987 103 1286 141 SCRIPTORVM
1581 107 1706 153 Qx.
1726 116 1752 142 p.
1768 109 1906 142 wrm

299 208 436 241 nionem
467 201 505 236 de
541 201 629 239 Diis,
664 210 745 247 quae
777 197 943 235 interdum
976 197 1073 235 ineffe
1101 199 1228 236 videtur
1258 200 1358 236 etiam
1387 198 1642 250 improbiffimiS.
1693 199 1906 250 Philosopha-

300 259 391 292 batur
412 256 531 298 cynico
554 263 646 285 more
674 261 723 284 etc
1629 269 1633 271 Δ

200 308 370 347 salustius,
394 302 571 354 praefectus
589 304 754 350 practorio
777 298 830 336 sub
857 300 985 338 Iuliano
1010 313 1070 338 ete.

199 362 336 410 Σαμίων
352 355 451 405 δῆμος
468 350 776 404 πολυγράμματος
796 353 899 389 dic‘tus
918 356 956 389 ab
973 354 1188 403 Aristophane
1206 355 1237 389 in
1251 354 1456 400 Babyloniis,
1482 353 1556 397 vel,
1581 354 1668 405 quod
1686 355 1799 396 Samii,
1821 367 1840 389 a
1856 363 1907 399 ty-

300 412 409 448 rannis
424 407 462 442 ad
479 408 588 441 incitas
606 406 737 447 redacii,
752 405 794 440 ob
803 407 924 440 ciuium
941 409 1111 455 penuriam
1126 404 1225 442 seruis
1243 409 1290 440 ius
1304 409 1437 441 ciuitatis
1454 404 1698 456 adscripserunt,
1715 403 1908 442 vtArislote-

302 464 358 501 les,
373 458 467 494 tradit
483 462 516 493 in
532 459 719 492 Samiorum
737 470 804 505 rep.
820 457 887 498 vel,
916 457 1006 506 quod
1028 457 1113 506 apud
1131 460 1257 492 Samios
1275 458 1389 493 XXIV.
1420 458 1544 494 litterae
1560 462 1704 506 primum
1723 461 1872 494 inuentae
1888 469 1909 492 a

299 511 501 549 Callistrato,
529 519 561 543 vt
584 507 720 544 Andron
744 511 777 543 in
799 508 927 556 tripode
958 511 1010 544 ait.
1070 511 1229 543 Archinus
1258 521 1337 543 vero
1365 510 1522 545 Athenaei
1550 512 1585 547 F.
1614 511 1769 546 archonte
1801 506 1909 544 Eucli-

302 563 344 599 de
367 559 615 598 Atheniensibus
633 558 802 609 persuasit,
833 570 867 595 vt
886 561 1006 595 Ionum
1030 560 1141 596 litteris
1164 569 1336 596 vterentur.
1389 561 1617 610 Aristophanes
1646 572 1754 597 autem
1777 572 1913 595 comoe-

303 615 394 651 diam
420 614 615 661 Babylonios
636 611 748 647 docuit
779 624 835 660 per
865 611 1087 648 Callistratum
1115 615 1204 647 annis
1227 613 1340 656 (XX.)
1362 622 1435 647 ante
1466 613 1640 648 Euclidem
1667 610 1723 648 sub
1743 612 1912 651 archonte.

303 666 413 703 Eucle.
467 667 518 700 De
537 678 576 700 eo
603 673 730 706 autem,
759 667 813 711 qui
836 676 906 698 rem
929 663 1021 698 issam
1053 662 1299 699 Atheniensibus
1326 662 1497 712 persuasit,
1525 661 1633 700 scribit
1657 665 1913 712 Theopompus,

303 719 368 756 Alii
388 714 529 753 caussam
554 714 726 758 adserunt,
751 714 840 763 quod
858 712 1066 750 Athenienses
1084 716 1229 757 Samios,
1260 718 1292 750 in
1316 716 1403 750 bello
1425 726 1555 762 captos,
1592 715 1740 764 stigmate
1769 715 1913 750 nostuae

304 779 476 811 notarent,
503 770 602 803 Samii
626 780 703 803 vero
733 763 944 801 Athenienses
973 764 1141 809 samaena,
1174 765 1262 815 quod
1290 766 1333 801 est
1359 770 1528 815 nauigium
1551 767 1673 802 bireme
1692 780 1711 802 a
1727 766 1912 812 Polycrate,

304 823 490 857 Samiorum
511 830 670 863 tyranno,
688 820 834 867 primum
853 815 1065 858 fabricatum,
1094 827 1127 851 vt
1141 820 1184 852 ait
1205 815 1417 861 Lysimachus
1442 819 1526 854 libro
1549 815 1691 854 secundo
1715 817 1911 855 Nostorum,

303 871 371 908 siue
393 874 432 906 de
452 869 568 906 reditu.
1812 904 1822 910 .

199 924 486 963 Sanchoniathon,
514 921 659 965 Tyrius,
692 916 928 966 philosophus,
961 921 1016 967 qui
1042 916 1119 954 belli
1151 919 1267 953 troiani
1294 927 1443 966 tempore
1472 920 1551 953 vixit
1569 915 1754 967 scripsitque
1773 918 1811 952 de
1831 917 1916 952 Her-

301 977 391 1010 mctis
405 974 622 1022 physiologia,
647 984 730 1020 quae
751 972 799 1015 (in
816 971 963 1018 linguam
981 970 1150 1018 graecam)
1172 968 1324 1004 translata
1338 970 1400 1011 est3
1425 972 1558 1016 antiqua
1577 970 1754 1018 Tyriorum
1769 967 1913 1016 irfiituta

302 1026 414 1075 lingua
434 1027 655 1060 Phoenicum:
691 1023 879 1068 theologiam
902 1023 1138 1069 aegyptiacam,
1162 1031 1193 1055 et
1209 1021 1280 1056 alia.

200 1077 348 1120 Sandon,
370 1076 534 1113 Hellanici
552 1077 583 1110 F.
601 1071 824 1123 philosophus.
876 1072 1006 1122 Scripsit
1026 1079 1212 1120 argumenta
1231 1074 1264 1106 in
1279 1072 1462 1118 Orpheum,
1486 1070 1604 1107 librum
1621 1085 1734 1109 vnum.

201 1133 407 1177 Sannyrion,
435 1126 653 1166 Atheniensis,
677 1129 836 1160 comicus.
862 1127 940 1160 Eius
959 1124 1122 1160 dramata:
1143 1125 1267 1170 γέλως,
1291 1122 1432 1169 Δοινοὶη,
1460 1119 1526 1167 'Ic-3,
1548 1122 1738 1174 ψυχας-οι),
1761 1133 1795 1159 vt
1817 1124 1917 1162 Athe.-

302 1194 400 1217 naeus
418 1183 451 1215 in
465 1176 739 1226 Dipnosophissis.

204 1234 259 1282 [If]
287 1236 439 1283 Sappho,
465 1232 609 1266 Simonis
627 1230 711 1274 filia,
740 1227 792 1263 vel
810 1229 991 1263 Eunomini
1017 1226 1074 1273 (al.
1090 1228 1252 1272 Eumeni)
1278 1227 1329 1262 vel
1344 1228 1490 1275 Eirigyi,
1514 1226 1567 1262 vel
1584 1228 1714 1272 Ecryti,
1740 1225 1791 1262 vel
1812 1228 1914 1268 Semi,

303 1285 355 1320 vel
378 1285 557 1323 Camonis,
587 1280 638 1316 vel
660 1281 810 1321 Etarchi,
843 1279 896 1315 vel
917 1279 1057 1328 denique
1081 1279 1398 1321 Scamandronymi,
1429 1280 1545 1328 patris,
1577 1288 1609 1313 et
1628 1277 1757 1321 Clides,
1788 1279 1910 1313 matris.

303 1337 436 1376 Lesbia,
468 1331 566 1368 Ereso
591 1331 730 1382 oriunda
752 1342 783 1366 et
807 1331 920 1374 lyrica.
989 1334 1080 1365 Vixit
1104 1329 1306 1378 Olympiade
1328 1331 1424 1364 XLII.
1455 1343 1520 1377 quo
1551 1341 1701 1378 tempore
1729 1329 1913 1365 floruerunt

304 1387 464 1427 Alcaeus,
491 1383 712 1425 Stesichorus,
741 1385 889 1417 Pittacus.
941 1384 1064 1417 Fratres
1087 1384 1154 1417 eius
1176 1384 1359 1425 Larychus,
1396 1383 1584 1422 Charaxus,
1621 1383 1796 1429 Eurygius.
1846 1381 1914 1415 Nu-

305 1438 368 1488 psit
390 1436 568 1477 Cercolae7
602 1433 755 1469 ditissimo
783 1436 853 1468 viro
873 1447 911 1468 ex
935 1432 1065 1475 Andro,
1099 1433 1183 1468 vnde
1206 1444 1278 1467 nata
1296 1432 1353 1481 ipfi
1369 1430 1430 1466 suit
1451 1433 1537 1472 filia,
1563 1431 1641 1467 Clis.
1694 1434 1828 1467 Amicae
1843 1429 1914 1466 fue-

305 1499 380 1525 runt
407 1489 528 1529 Atthis,
556 1485 748 1534 Telesippa,
776 1487 932 1531 Megara:
959 1481 1133 1530 discipulae
1157 1488 1310 1531 Anagora
1334 1482 1480 1526 Milesia,
1510 1483 1668 1531 Gongyla
1688 1483 1914 1532 Colophonia,

306 1543 431 1576 Eunica
450 1539 634 1574 Salaminia.
689 1534 820 1582 Scripsit
838 1538 1010 1571 carminum
1031 1537 1198 1583 lyritorum
1223 1537 1321 1570 libros
1334 1536 1397 1574 lX,
1424 1545 1455 1570 et
1471 1537 1578 1584 prima
1594 1535 1758 1585 pleClrum
1779 1536 1912 1571 inuenit.

305 1590 441 1640 Scripsit
465 1601 497 1625 et
517 1591 765 1635 epigrammata,
792 1588 922 1633 elegias,
949 1589 1085 1628 iambos,
1113 1589 1286 1621 monodt'as.

205 1645 358 1694 Sappho‚
384 1643 515 1683 Lesbia,
541 1642 763 1684 Mytilenaea,
791 1635 938 1686 psaltria,
961 1637 1001 1672 de
1023 1652 1086 1686 qua
1112 1636 1223 1685 supra,
1248 1641 1280 1673 in
1305 1639 1424 1673 Phaon.

203 1698 314 1733 Aelius
329 1696 505 1743 Sarapion,
532 1693 660 1732 rhetor,
689 1690 936 1724 Alexandrinus.
991 1688 1118 1738 Scripsit
1139 1691 1174 1723 de
1196 1691 1285 1724 vitiis
1302 1689 1568 1724 declamationum.
1619 1686 1826 1739 ’Λκρορὶσεωγ
1845 1689 1913 1727 siue

305 1747 571 1794 azfiultotionum
587 1744 683 1776 libros
695 1742 784 1775 VII.
807 1743 1036 1790 Pimegyitum
1054 1743 1086 1774 in
1099 1742 1313 1781 Hadrianum,
1331 1742 1403 1786 Imp.
1418 1741 1661 1787 consultationes
1671 1742 1914 1776 adAlexandri-

305 1810 382 1836 nos;
405 1796 522 1831 reama
540 1795 638 1828 Plato
654 1794 828 1827 Homerum
844 1805 858 1826 e
873 1804 937 1836 rep.
947 1791 1014 1838 sua
1029 1793 1203 1837 ablegat-it,
1231 1802 1262 1826 et
1279 1792 1340 1826 alia
1358 1792 1470 1827 inulta.
1512 1794 1594 1826 ltem
1611 1800 1710 1827 ortem
1726 1795 1913 1829 oratoriam.

205 1852 361 1900 Sarapion
385 1846 492 1883 solum
518 1842 586 1879 fere
610 1845 781 1892 Orpheum
804 1843 941 1877 habebat
963 1853 993 1876 et
1017 1844 1160 1891 legebat:
1193 1840 1326 1877 subinde
1352 1840 1513 1877 lfidorum
1538 1842 1579 1878 de
1605 1843 1840 1891 quaestionibus
1861 1858 1916 1880 ot>

305 1900 501 1935 currentibus
523 1898 746 1934 interrogans,
781 1896 886 1929 virum
919 1892 1047 1928 summa
1071 1894 1257 1939 theologiae
1278 1890 1407 1929 scientia
1432 1893 1643 1938 inslrutsturn,
1680 1908 1779 1943 quem
1804 1893 1913 1933 solum

302 1951 499 1989 familiarem
523 1957 618 1982 norat
638 1956 668 1981 et
690 1946 899 1986 admittebat,
938 1959 998 1980 nec
1019 1945 1123 1980 vllum
1153 1944 1255 1981 alium
1286 1943 1415 1980 suarum
1448 1943 1661 1989 facultatum,
1694 1945 1837 1983 duorum
1858 1957 1914 1983 aut

307 2005 405 2039 trium
432 2001 611 2040 librorum,
638 2001 720 2032 inter
742 2010 823 2045 quos
848 2006 915 2031 erat
940 1999 1062 2044 Orphei
1086 1995 1212 2046 poesis,
1240 1996 1378 2045 dignum
1395 1996 1573 2038 iudicabat,
1601 1996 1791 2046 putans,vse
1805 2002 1837 2034 in
1852 2000 1912 2035 illo

303 2050 497 2104 perspexisse
519 2054 618 2085 vitain
646 2049 735 2083 illam
760 2050 961 2091 Saturniam,
988 2059 1159 2096 poetarum
1185 2045 1302 2084 fabulis
1321 2048 1525 2083 celebratam.
1586 2052 1673 2085 Nam
1705 2049 1759 2085 ille
1782 2050 1913 2099 quidem

304 2116 474 2155 poetarum
500 2101 623 2148 scriptis
647 2099 822 2134 celebratus
845 2101 971 2135 Chiron
995 2103 1027 2134 in
1057 2103 1194 2135 Saturnii
1218 2110 1248 2134 et
1278 2103 1362 2135 louii
1388 2103 1480 2148 regni
1503 2101 1653 2137 confinio
1674 2104 1780 2150 potius
1795 2101 1912 2137 consti.

303 2161 359 2199 tit,
387 2154 471 2190 vnde
494 2151 646 2188 biformis
667 2149 729 2185 esse
752 2150 897 2186 traditur.
948 2152 1075 2186 Eodem
1097 2163 1247 2199 tempore
1272 2153 1319 2185 vir
1338 2152 1417 2187 alius
1442 2151 1636 2187 Alexandria
1660 2154 1765 2195 venit,
1791 2166 1828 2188 ex
1843 2163 1910 2189 tota
1963 2156 1967 2157 ⁷

299 2208 471 2246 diametro,
498 2205 549 2240 vel
562 2205 665 2249 magis
684 2205 792 2242 etiam,
820 2201 842 2236 st
861 2201 902 2236 sic
918 2201 1023 2238 dicere
1043 2201 1088 2237 fas
1104 2203 1163 2241 est,
1188 2216 1286 2250 qnam
1303 2215 1341 2238 ex
1363 2202 1522 2238 diametro
1545 2217 1561 2238 a
1577 2206 1753 2261 Serapione
1772 2203 1910 2239 distans:

303 2273 381 2296 nam
399 2260 450 2293 hic
473 2255 606 2306 quidem
623 2255 788 2288 Saturnius
812 2263 864 2287 aut
886 2255 992 2289 Ionius
1016 2252 1096 2300 suit,
1126 2253 1180 2289 ille
1203 2266 1281 2289 vero
1303 2255 1524 2301 Typhonius,
1559 2265 1588 2290 et
1611 2256 1782 2303 Typhone
1803 2253 1910 2291 versu-

303 2314 365 2347 tior
387 2309 500 2344 bellua.
553 2305 671 2341 Nullus
696 2308 783 2339 enim
807 2318 943 2347 eorum,
972 2309 1028 2356 qui
1048 2318 1136 2342 nunc
1158 2307 1289 2349 viuum,
1317 2307 1497 2342 hominum
1522 2308 1669 2354 ignorat,
1705 2320 1772 2355 quo
1793 2310 1906 2344 animo

297 2372 328 2398 et
347 2374 411 2409 qua
431 2358 565 2404 fortuna
592 2355 690 2394 fuerit
714 2359 938 2406 Pamprepius.

1721 2408 1907 2460 Σαξαίπες,
