2013 2725
217 147 284 191 446
334 143 408 180 Lib.
420 140 491 180 IV.
504 151 528 176 e.
541 137 652 174 XIX.
700 135 863 175 CAH-:Nx
893 135 1009 173 LlBRI
1041 132 1296 173 SVSPECTAE
1329 134 1528 174 oRthNis

218 239 335 276 Paulus
353 238 528 285 Aegineta,
556 233 675 270 Arabes
693 231 822 268 medici.
875 233 1016 281 Scriptus
1038 235 1182 269 maxime
1204 231 1246 268 est
1269 230 1308 267 ad
1331 233 1488 268 theriacae
1505 230 1596 268 vsum
1611 231 1926 279 commendandum,

221 303 303 341 quae
326 302 401 325 vero
425 289 510 323 teile
531 283 714 334 composita
733 282 795 319 ess'e
814 282 944 327 debeat,
970 286 1076 319 minus
1097 287 1182 320 redie
1206 282 1407 332 compositae
1423 286 1511 319 enim
1532 282 1572 318 ad
1589 296 1712 319 venena
1731 287 1927 322 animalium

219 347 374 377 virtutem
394 338 520 375 nullam
546 335 619 373 effe.
671 337 805 384 Legitur
827 337 861 370 in
882 338 948 370 hoc
970 335 1055 371 libro
1080 336 1304 371 Andromachi
1325 333 1478 377 senioris,
1503 337 1642 371 Neronis
1661 337 1826 378 archiatri,
1858 350 1928 373 car-

219 406 299 430 men
314 391 354 428 de
369 393 508 426 theriace
523 402 561 424 ex
576 390 704 436 viperiS,
723 387 846 423 Galene
859 386 1036 436 adpellata,
1061 401 1129 434 cap.
1144 391 1165 423 6
1181 386 1222 436 sq.
1246 399 1320 436 pag.
1335 399 1409 432 937.
1430 388 1542 421 Chart.
1594 385 1685 421 Idem
1702 399 1835 422 carmen
1849 387 1928 435 legi·
1991 398 1993 400 ·

218 455 273 481 tur
289 446 386 479 etiam
401 445 435 477 in
450 441 523 477 libr.
538 439 578 476 de
595 438 757 475 antidotis.
807 437 921 474 Codex
937 440 1008 474 MS.
1023 438 1065 473 est
1084 441 1117 473 in
1131 438 1204 474 bibl.
1223 439 1310 486 publ.
1327 438 1434 486 Paris.
1451 451 1498 472 nr.
1513 439 1741 473 MMCLXlV.
1759 448 1790 473 et
1803 440 1838 473 in
1853 438 1929 475 bibl.

218 495 379 534 Medicea.
432 493 571 535 Γοιληνέ
591 487 675 541 πρὶς
689 492 823 529 nimiu
843 490 919 540 περὶ
943 490 1108 540 &neustriis
1130 490 1174 525 est
1194 492 1278 525 inter
1299 489 1399 525 libros
1423 489 1568 525 biblioth.
1592 487 1762 525 Voffianae
1783 488 1929 530 academ.

221 548 337 594 Lugd.
353 547 475 580 Batou.
514 544 580 580 vid.
604 542 695 578 catal.
717 546 784 577 eius
807 543 955 577 biblioth.
985 555 1059 591 pag.
1077 553 1148 587 394.
1173 554 1223 577 nr.
1240 548 1287 587 58.
1346 543 1382 576 In
1407 540 1555 575 biblioth.
1577 541 1619 575 D.
1636 542 1761 582 Marci,
1790 541 1929 584 Veneta,

219 598 294 635 eod.
312 595 512 633 CCLXXXI.
538 615 588 622 —
616 593 737 630 Prodiit
760 590 853 628 Paris.
872 606 949 640 1531·
966 591 1025 628 sol.
1055 606 1138 637 1534.
1154 591 1215 628 fol.
1240 611 1290 619 —
1318 597 1408 637 1536.
1425 590 1484 627 fol.
1508 612 1560 620 —
1588 592 1704 627 Galcni
1725 590 1768 626 de
1788 593 1931 628 theriaca

220 648 262 688 ad
286 646 456 690 Pisonem,
481 648 654 694 interprete
677 659 715 681 ac
737 655 999 680 commentatore
1021 645 1070 679 Io.
1087 647 1222 684 quena,
1248 642 1388 680 medico.
1440 642 1548 679 Eiusd.
1571 642 1611 678 de
1629 642 1781 678 antidotis
1802 643 1875 680 libri
1891 644 1930 679 11.

221 702 261 738 ab
284 701 394 735 Andr.
410 700 539 733 Lacuna
565 700 598 732 in
621 699 789 746 epitomen
815 696 945 732 redacfli.
1008 698 1084 732 Acc.
1108 698 1296 732 Io.1uuenis
1326 694 1415 744 epist.
1442 695 1663 744 compleciens
1691 693 1930 730 medicamenta

220 750 431 793 bezoardica,
463 761 607 798 quorum
630 745 701 783 vsus
726 762 744 782 a
767 747 852 795 peste
873 744 1065 796 praeseruat.
1101 751 1269 797 Antwerp.
1292 758 1376 792 1575.
1400 759 1443 782 η.
1458 752 1478 771 *
1504 766 1553 774 -
1580 747 1634 781 De
1654 745 1752 781 herba
1777 759 1932 795 panacea,

221 816 321 854 quarn
342 803 394 838 alii
418 801 585 842 tabacum,
612 799 667 834 alii
693 809 807 848 petum
830 810 948 834 vocant
969 799 1008 833 ab
1028 799 1167 847 Aegidio
1184 801 1325 835 Euerato
1351 802 1383 833 in
1406 797 1557 834 ordinem
1577 795 1735 833 redactus.
1759 800 1931 845 AntWerp.

220 862 308 901 1587.
328 866 373 889 12.
389 857 409 877 *
468 853 688 887 Continentur
711 849 808 885 simul
836 852 871 885 in
895 851 959 885 hoc
982 850 1067 884 libro
1091 850 1232 886 Galenus
1256 850 1296 885 de
1320 851 1460 885 theriaca
1478 848 1517 884 ad
1539 847 1689 884 Pisonem
1714 858 1745 884 et
1769 847 1870 884 eiusd.
1891 847 1932 884 de

223 903 358 941 antidot.
380 903 450 938 libri
467 904 507 938 11.
532 902 572 936 ab
594 900 695 936 Andr.
710 903 839 936 Lacuna
863 903 896 936 in
918 901 1154 947 compendium
1175 900 1305 936 redac'ii.
1332 920 1380 927 —
1407 903 1601 947 Interpretes
1623 901 1713 933 latim·
1734 896 1808 934 sunt
1830 900 1933 934 Iulius·

222 958 410 995 Martianus
427 954 513 988 Rota
538 962 568 987 et
589 950 874 987 10.Guint}1crius.
927 952 1147 986 Andromacha·
1168 951 1208 986 de
1230 953 1368 986 theriaca
1393 963 1526 986 carmen
1548 947 1681 986 seorsim
1702 948 1824 999 prodiit
1843 962 1937 999 grae-

222 1021 268 1043 ce.
294 1027 345 1035 —-
371 1004 588 1040 Andromacha·
608 1001 741 1038 senioris
765 1000 1021 1050 antiquiss'nnum
1043 1002 1085 1038 de
1111 1003 1251 1037 theriaca
1273 1014 1407 1036 carmen
1423 1001 1464 1037 ad
1486 1004 1730 1049 imperatorem,
1752 1003 1933 1038 Neronem.

222 1061 256 1095 N
260 1058 376 1094 orimb.
398 1066 482 1101 1754.
502 1066 533 1098 4.
549 1058 568 1078 *
618 1054 722 1090 Ioacb.
742 1053 947 1091 Camerarius
969 1055 1036 1092 iam
1059 1064 1153 1093 antea
1174 1052 1402 1090 Andromachi
1424 1063 1455 1089 et
1476 1052 1619 1090 aliorum
1640 1054 1787 1090 carmina
1808 1065 1848 1089 ex
1870 1054 1934 1096 Ga-

223 1111 300 1147 leno
323 1108 422 1145 latine
441 1104 594 1143 ediderat.

326 1199 380 1233 99.
408 1184 486 1234 Περὶ
500 1184 665 1234 θηξιωκῆς
676 1180 763 1234 veo}
777 1180 1034 1231 Παμφιλιοινόν.
1086 1183 1140 1219 De
1158 1184 1296 1219 theriaca
1317 1183 1362 1218 ad
1372 1182 1641 1230 pamphilianum.
1694 1181 1805 1218 Exstat
1824 1183 1856 1217 in
1880 1180 1936 1218 Al·

224 1237 302 1275 dina
319 1247 400 1287 part.
419 1238 458 1272 11.
473 1233 533 1272 sol.
548 1248 596 1282 93.
623 1237 659 1270 in
673 1247 787 1282 graeca
801 1234 891 1270 Basil.
908 1245 987 1283 part.
1004 1237 1042 1269 Π.
1061 1248 1138 1284 pag.
1156 1237 1232 1282 469.
1258 1237 1291 1270 in
1307 1233 1383 1270 edit.
1402 1236 1561 1269 Charterii
1577 1245 1658 1270 tom.
1670 1234 1753 1269 Xlll.
1769 1246 1840 1282 pag.
1857 1236 1936 1280 960.

225 1293 260 1327 in
277 1288 412 1338 septima
426 1290 594 1323 luntarum
609 1284 694 1321 class.
709 1289 748 1321 V.
765 1283 822 1321 fol.
840 1293 895 1332 98.
947 1285 999 1321 Est
1015 1286 1118 1321 breuis
1134 1296 1164 1321 et
1177 1287 1310 1335 practici
1323 1289 1519 1333 argumenti.
1544 1305 1592 1312 -—
1614 1283 1722 1320 Codd.
1741 1287 1848 1333 graeci
1864 1282 1937 1319 sunt

224 1345 259 1377 in
279 1341 424 1376 biblioth.
442 1339 529 1385 publ.
546 1338 655 1385 Paris.
675 1350 722 1372 nr.
738 1339 966 1373 MMCLXlV.
994 1335 1108 1372 saeculi
1127 1338 1197 1373 XV.
1220 1336 1323 1373 codex
1337 1335 1381 1370 cst
1397 1339 1430 1371 in
1442 1334 1588 1371 biblioth.
1607 1337 1684 1371 Diu.
1703 1337 1810 1370 Marci
1830 1336 1937 1371 Vme-

224 1400 275 1433 ta,
299 1391 371 1427 cod.
388 1389 590 1426 CCLXXlX.
606 1398 635 1424 et
648 1386 746 1424 eiusd.
765 1385 842 1424 saec.
858 1386 931 1424 cod.
951 1389 1156 1426 CCLXXXI.
1181 1406 1232 1416 -—
1258 1389 1373 1424 Latini
1391 1389 1578 1435 interpretes
1592 1384 1666 1422 sunt
1678 1387 1781 1424 Iulius
1793 1387 1935 1423 Martia-

223 1457 284 1480 nus
300 1445 385 1479 Rota
401 1451 431 1477 et
447 1441 618 1477 [anthimus
634 1439 843 1479 Camerarius.

332 1532 405 1556 100.
432 1515 511 1567 Περὶ
523 1518 588 1555 τῶν
604 1512 797 1566 §mdia-pm.
850 1515 1027 1563 Dcfasciis
1041 1516 1128 1551 liber.
1177 1514 1275 1551 Deest
1292 1518 1315 1550 is
1331 1514 1413 1550 liber
1432 1512 1596 1550 in'Aldina
1618 1524 1649 1551 et
1662 1512 1830 1551 Rafileenfi
1847 1526 1938 1563 grae-

230 1575 273 1610 cis
290 1571 502 1609 editionibus,
529 1568 630 1605 exstat
648 1581 726 1602 vero
744 1572 776 1602 in
791 1566 933 1603 editione
949 1568 1107 1602 Charterii
1124 1576 1205 1601 tom.
1224 1569 1292 1601 ΧΗ.
1312 1579 1385 1615 pag.
1402 1570 1478 1612 469.
1504 1567 1602 1602 latine
1618 1570 1651 1602 in
1668 1564 1802 1615 septima
1817 1568 1936 1602 luntar.

230 1621 315 1659 class.
329 1624 400 1657 Vll.
415 1619 472 1656 fol.
487 1631 556 1664 293.
610 1617 803 1655 Promiserat
818 1619 959 1654 Galenus
985 1621 1018 1653 in
1042 1620 1286 1654 commentario
1301 1620 1340 1654 11.
1355 1620 1389 1652 in
1403 1619 1615 1666 Hippocratis
1634 1617 1754 1653 librum
1779 1617 1820 1654 de
1836 1617 1940 1653 offici-

231 1690 273 1712 na
291 1673 430 1714 medici,
460 1670 491 1706 se
504 1669 652 1706 libellum
668 1668 863 1718 scripturum
879 1669 919 1704 de
935 1666 1062 1711 fasciis3
1085 1682 1166 1704 num
1183 1682 1261 1704 vero
1275 1671 1299 1703 is
1315 1670 1369 1703 hic
1392 1667 1474 1704 liber
1496 1668 1552 1712 fit,
1579 1669 1620 1703 de
1632 1682 1698 1718 quo
1713 1669 1859 1717 loquitur
1877 1669 1940 1704 Ga-

230 1727 341 1766 lenus,
368 1724 512 1758 dubitare
527 1721 764 1770 aliquantulum
779 1721 863 1755 licet.
915 1723 1040 1755 Citatur
1055 1723 1142 1754 enim
1160 1722 1192 1754 in
1207 1733 1246 1754 eo
1264 1718 1428 1754 Oribafius
1447 1718 1486 1754 de
1503 1721 1792 1762 machinamentis,
1819 1722 1895 1768 qui,
1915 1717 1940 1755 fl

231 1775 418 1813 Oribastum
432 1775 602 1809 auctorem
621 1773 734 1816 habet,
759 1785 865 1820 neque
881 1773 1097 1818 antiquiorem
1114 1771 1283 1805 audiorem
1295 1795 1306 1810 ,
1332 1772 1423 1818 isque
1445 1770 1557 1810 locus,
1582 1772 1616 1805 in
1636 1784 1703 1820 quo
1720 1770 1880 1806 Oribafius
1899 1769 1940 1806 de

232 1828 502 1865 machinamentis
525 1827 658 1864 citatur,
688 1826 846 1872 genuinus
868 1821 932 1862 est,
959 1821 1039 1855 liber
1064 1820 1104 1856 de
1123 1819 1226 1856 fasciis
1244 1820 1360 1856 Galeni
1382 1818 1443 1856 effe
1458 1824 1588 1870 nequit,
1615 1819 1667 1857 sed
1683 1823 1870 1858 recentioris
1884 1833 1940 1857 au-

233 1882 332 1917 fioris
357 1876 417 1912 ess‘e
438 1875 542 1911 debet.
595 1877 687 1922 Qae
709 1887 921 1924 quocumque
940 1871 1046 1907 modo
1069 1869 1101 1907 se
1126 1873 1282 1911 habeant,
1309 1870 1437 1921 Caleno
1459 1885 1527 1907 non
1551 1871 1725 1920 indignum
1747 1871 1943 1921 opusculum

235 1935 299 1968 hoc
313 1930 353 1966 de
367 1927 472 1965 fasciis
490 1926 553 1969 est,
580 1929 612 1961 in
630 1939 696 1974 quo
714 1938 785 1960 non
802 1923 908 1960 solum
927 1923 1163 1970 deligationum
1183 1921 1275 1958 modi
1291 1925 1444 1957 omnium
1461 1925 1609 1971 corporis
1632 1926 1792 1972 partiunt,
1816 1937 1836 1959 a
1856 1925 1942 1972 capi-

235 1995 266 2020 te
288 1981 328 2018 ad
353 1979 447 2030 pedes
469 1991 586 2027 vsque3
608 1974 659 2012 sed
682 1979 779 2013 etiam
802 1974 906 2010 multa
927 1974 991 2009 alia
1013 1983 1264 2022 proponuntur,
1291 1986 1373 2021 quae
1396 1973 1640 2022 ad⁴chirurgiae
1663 1974 1830 2010 historiam
1848 1977 1943 2025 perti·
2012 1980 2013 2022 f

234 2044 322 2072 nent.
354 2052 402 2059 -
437 2031 592 2065 Graecum
612 2037 736 2064 textum
758 2029 944 2062 Charterius
969 2027 1115 2072 primum
1136 2027 1221 2073 typis
1240 2024 1385 2071 vulgauit
1404 2037 1444 2059 ex
1463 2024 1576 2060 codice
1600 2025 1686 2074 publ.
1703 2026 1787 2061 Pari
1808 2039 1867 2069 no,
1899 2037 1942 2062 eo

237 2082 368 2126 forsan,
394 2093 461 2130 quo
477 2079 589 2116 Vidius
603 2077 708 2114 suerat
723 2077 806 2114 vsus.
861 2080 942 2112 Sunt
963 2089 1042 2111 vero
1065 2079 1098 2111 in
1120 2076 1263 2110 biblioth.
1281 2074 1369 2123 publ.
1391 2075 1498 2123 Paris.
1521 2075 1588 2111 duo
1606 2076 1733 2112 codices
1751 2080 1860 2124 graeci
1877 2080 1942 2112 eius

237 2138 329 2178 libri,
356 2147 405 2170 nr.
422 2131 660 2168 MMCCXLV.
674 2140 705 2165 et
721 2143 770 2165 nr.
784 2128 1061 2164 MMCCXLVtt.
1115 2126 1166 2161 Est
1183 2129 1280 2161 etiam
1308 2125 1412 2161 codex
1433 2140 1567 2174 graecus
1591 2130 1623 2162 in
1640 2127 1784 2162 biblioth.
1800 2130 1942 2164 Medicea

238 2200 269 2226 et
283 2191 316 2223 in
330 2185 523 2221 conefflone
540 2182 673 2216 Nicetae.
726 2179 801 2215 Vid.
818 2180 943 2214 Cocchi
961 2180 993 2212 in
1009 2175 1139 2223 praefat.
1153 2176 1192 2212 ad
1209 2178 1413 2212 Graecorum
1435 2179 1638 2224 chirurgicos
1652 2178 1750 2214 libros
1772 2192 1803 2227 p.
1820 2192 1865 2216 12.
1889 2199 1943 2208 -·—

237 2238 355 2276 Codex
379 2237 498 2270 latinus
519 2232 562 2268 est
584 2236 616 2267 in
640 2232 786 2266 biblioth.
813 2230 899 2278 publ.
914 2230 1022 2276 Paris.
1037 2242 1085 2264 nr.
1102 2229 1591 2265 MMMMMMDCCCLXVI.
1618 2249 1668 2256 —
1695 2231 1946 2266 Latinusinter-

240 2304 312 2341 pres
328 2291 420 2324 huius
438 2287 508 2320 libri
527 2283 571 2318 est
590 2284 698 2318 Vidus
720 2283 850 2316 Vidius.
904 2282 981 2315 Eius
1007 2278 1110 2315 versio
1134 2278 1233 2314 exstat
1255 2280 1289 2314 in
1311 2280 1473 2326 chirurgia
1494 2293 1512 2315 e
1535 2292 1655 2327 graeco
1669 2283 1701 2316 in
1715 2281 1852 2317 latinum
1866 2295 1945 2317 con-

240 2339 352 2382 versa,
385 2338 473 2373 Vitio
498 2336 615 2373 Vidio.
643 2333 851 2374 Florentino,
882 2334 1075 2378 interprete,
1101 2343 1177 2365 cum
1206 2329 1373 2365 nonnullis
1403 2329 1547 2365 eiusdem
1577 2330 1662 2366 Vidii
1689 2335 1964 2368 commentariis.'

242 2397 343 2431 Lutet.
364 2386 460 2426 Paris.
484 2397 570 2431 1544.
593 2383 685 2424 soh·
703 2396 779 2434 pag.
794 2394 855 2428 4¹5·
881 2395 958 2418 cutn
978 2383 1090 2431 figuris
1113 2382 1202 2418 buxo
1222 2380 1327 2418 ineifis
1348 2380 1581 2431 eopiosiffimis.
1638 2381 1690 2419 Ad
1711 2387 1945 2434 interpretatio-

1864 2447 1945 2474 nem
