2049 2720
838 157 1083 194 EDITIONES
1372 158 1443 194 Lib.
1458 157 1522 194 IV.
1535 169 1558 192 c.
1571 156 1660 192 XII.
1760 169 1812 202 135

89 250 156 290 scil.
182 251 221 289 de
244 250 396 288 seruitute
417 262 450 288 et
470 253 638 293 libertate,
664 264 726 286 vna
742 248 782 285 de
797 250 959 294 libertate,
986 265 1049 287 vna
1065 250 1105 287 de
1119 248 1226 286 seruis.
1251 264 1300 300 gr.
1316 250 1401 300 apud
1417 249 1519 287 Andr.
1536 250 1688 286 wechel.
1716 249 1809 288 Paris.

88 317 167 351 1555.
185 318 219 350 4.
245 326 297 333 ·--
324 314 405 341 orat.
425 304 466 340 de
488 305 537 340 llii
558 305 749 351 captiuitate.
774 301 868 338 Paris.
885 303 970 351 apud
989 303 1089 339 Andr.
1108 302 1258 339 VVechel.
1274 315 1348 349 1555.
1362 315 1393 346 4.

190 373 311 407 Dionis
340 375 503 408 orationes
526 371 651 407 LXXX.
682 369 736 405 lat.
767 372 943 419 interprete
966 371 1000 406 T
996 371 1086 405 homa
1105 371 1302 418 Naegeorgo
1331 368 1423 404 Basti.
1450 381 1526 414 1555.
1550 367 1687 407 somene
1702 370 1809 404 Fabri-

88 426 142 460 cio
166 434 197 459 et
220 424 312 459 catal.
327 425 448 458 Thott.
464 434 545 459 tom.
563 424 619 458 IV.
635 436 664 470 p.
682 433 722 467 ¹5-
751 442 799 448 —
828 432 858 455 et
874 424 987 458 Vener.
1005 435 1064 472 per
1081 424 1186 459 Henr.
1201 427 1372 458 Zenarum.
1401 427 1484 466 ¹585-
1511 419 1623 468 (catal.
1638 420 1807 457 Bodleian.

87 476 113 511 1.
131 488 207 524 pag.
222 483 295 521 278·
316 485 347 510 et
363 474 456 523 catal.
478 474 553 510 bibl.
570 474 698 508 Barber.
714 475 737 508 Ι.
752 485 828 523 pag.
844 476 936 520 269.)

188 553 305 586 Dionis
329 551 551 586 oratiunculae
573 548 755 598 quaedam,
781 563 830 598 gr.
854 549 947 585 latin.
986 551 1043 585 Th.
1061 551 1260 600 Naogeorgo
1282 553 1463 598 interprete.
1496 547 1592 586 Paris.
1619 563 1676 599 per
1701 549 1809 589 Herm·

85 603 231 649 Stephon.
259 605 294 637 in
313 603 404 637 huius
426 602 610 651 Epissoliis‚
641 601 780 649 dialogis
800 602 966 644 breuibus,
990 604 1218 646 oratiunculis,
1243 605 1436 652 poematiis,
1461 615 1500 638 ex
1523 604 1618 637 variis
1641 604 1807 650 vtriusque

83 652 216 703 linguae
239 651 455 702 scriptoribus.
484 666 566 700 1577.
592 661 621 693 8.
644 654 791 700 (Fabric.
805 655 842 698 Β.
858 655 915 689 Gr.
934 654 1020 689 X111.
1039 667 1115 703 pag.
1133 655 1223 701 622.)

184 733 302 767 Dionis
318 740 413 767 oratt.
431 732 487 767 IV.
514 730 556 765 de
577 742 701 778 reguo,
734 728 788 764 lat.
811 730 993 777 per.Andr.
1012 731 1166 777 Inylium.
1199 730 1355 767 Rostoch.
1370 738 1457 775 1578.
1474 743 1505 774 4.
1527 748 1576 758 —-
1604 739 1635 765 et
1655 742 1732 765 cum
1758 726 1804 765 fa-

82 781 157 818 bula
169 784 307 831 Libyca,
334 795 470 831 graece,
495 796 572 818 curn
597 784 683 817 notis
707 780 855 817 breuibus
878 784 956 818 an.
977 783 1106 829 CaseliO.
1133 781 1210 818 ibid.
1227 790 1311 829 ¹584·
1329 791 1362 825 8.
1389 796 1438 832 ap.
1454 785 1498 818 St.
1514 781 1698 828 Myliandr.

182 860 300 894 Dionis
328 856 367 893 de
392 868 495 906 regno
523 868 553 892 et
580 854 752 903 tyrannide
776 858 904 891 oratio:
936 870 983 905 gr.
1004 871 1022 891 a
1043 859 1158 892 Feder.
1174 858 1314 892 Mor-ello
1338 877 1390 885 ——-
1412 858 1581 905 castigata,
1608 870 1672 907 ope
1691 855 1804 891 vetusti

78 907 154 945 cod.
179 931 227 937 —
253 920 283 944 et
301 908 443 944 eiusdem
458 912 545 945 notis
559 909 724 943 illustrata.
779 909 828 942 Ex
845 910 1066 957 typographia
1079 910 1188 957 Steph.
1206 908 1407 945 Prevosleau.
1434 908 1527 945 Parii]
1541 916 1626 954 1589·
1641 915 1672 949 8.
1697 909 1801 942 Mait-

77 963 158 995 taire
180 962 236 996 111.
258 973 331 1008 pag.
347 969 420 1002 801.
442 981 493 988 --
521 960 560 997 de
582 961 654 1009 lege
679 962 804 1000 oratio,
835 960 954 1009 latine5
988 973 1027 995 ex
1050 961 1335 1009 interpretatione,
1367 960 1528 999 emendat.
1553 971 1584 995 et
1606 960 1800 995 coniecturis

77 1012 151 1046 Fed.
170 1012 313 1046 Mortui.
340 1015 482 1047 Lutetiae
497 1025 549 1060 ap.
567 1013 644 1048 Fed.
660 1010 794 1046 Morell.
811 1018 896 1056 ¹598-
915 1019 944 1053 8.
971 1032 1022 1038 --
1049 1021 1080 1046 et
1101 1024 1217 1060 graece
1232 1025 1308 1047 cum
1326 1013 1403 1047 Fed.
1421 1013 1558 1047 Mon-elli
1570 1014 1657 1047 notis
1673 1020 1706 1047 et
1720 1023 1799 1045 con-

19 1085 23 1089 ·
73 1063 212 1098 ietsturis.
241 1062 316 1099 ibid.
335 1075 425 1110 1599.
441 1070 471 1106 8.

181 1133 299 1166 Dionis
317 1130 356 1165 de
380 1130 442 1165 Ilio
465 1144 534 1166 non
556 1140 674 1179 capto,
698 1143 746 1178 gr.
771 1144 809 1165 ac
829 1129 882 1165 lat.
908 1132 1081 1179 interprete
1094 1130 1200 1166 Laur.
1217 1130 1446 1166 Rhodomanno
1470 1139 1501 1165 et
1522 1143 1600 1166 curn
1624 1132 1691 1165 eius
1712 1129 1797 1164 notis

74 1181 115 1227 ad
136 1182 322 1233 QCalabri
346 1182 538 1230 Paraliporn.
560 1184 664 1218 Hom.
691 1183 826 1216 Hanou.
841 1184 932 1223 1604.
950 1189 978 1222 8.
1001 1195 1074 1230 pag.
1093 1193 1158 1224 134.

174 1254 311 1294 Dionis,
338 1251 393 1288 diu
416 1252 576 1301 negstdli,
600 1265 714 1288 curam
739 1248 875 1300 suscepit
896 1251 972 1287 Fed.
995 1251 1174 1290 Mor-ellus,
1200 1253 1265 1301 qui,
1290 1250 1362 1287 cod.
1384 1254 1494 1300 regio,
1518 1249 1647 1286 scholiis
1669 1249 1796 1297 stipato,

72 1317 134 1340 nec
155 1317 225 1339 non
251 1305 327 1340 bibl.
349 1302 539 1340 Iesuitarum
564 1318 601 1339 ac
624 1307 648 1339 Ι.
664 1305 776 1345 font,
802 1316 982 1352 graecaque
996 1301 1070 1338 edit.
1086 1305 1224 1347 Veneta,
1246 1316 1323 1339 cum
1345 1304 1384 1339 H.
1401 1302 1495 1338 codd.
1515 1303 1554 1338 ab
1575 1305 1618 1337 H.
1633 1302 1743 1349 Steph.
1763 1310 1796 1335 et

71 1355 345 1394 Lindenbruchio„
358 1355 476 1391 collata
500 1355 570 1391 vsus
600 1366 725 1391 textum
753 1353 912 1390 recensuit
939 1353 1122 1390 Philostrati
1145 1357 1244 1389 vitam
1266 1356 1404 1396 Dionis,
1441 1358 1554 1404 (quam
1578 1355 1678 1389 latine
1700 1353 1796 1387 vertit

71 1408 142 1442 Ian.
158 1408 354 1448 Carnarius,
381 1407 473 1442 Basil.
489 1407 594 1453 1560.)
615 1407 743 1456 aliaque
766 1404 906 1448 addidit,
931 1417 1126 1455 nouamque
1148 1409 1276 1455 parauit
1296 1406 1494 1450 editionem,
1521 1404 1730 1455 inscriptam:

170 1476 288 1510 Dionis
313 1477 474 1510 orationes
486 1475 614 1509 LXXX.
638 1487 715 1509 cum
739 1473 867 1509 vetustis
891 1473 985 1509 codd.
1004 1476 1111 1510 msstis
1130 1476 1239 1522 regiae
1260 1474 1335 1510 bibl.
1350 1471 1463 1510 sedulo
1479 1473 1632 1516 collatae,
1660 1485 1793 1508 eorum-

70 1539 134 1574 que
159 1539 223 1574 ope
244 1527 283 1561 ab
304 1529 484 1562 innumeris
507 1524 633 1561 mendis
655 1526 828 1567 liberatae,
854 1525 1030 1568 restitutae,
1057 1528 1179 1564 auctae.
1230 1526 1344 1561 Photii
1358 1529 1512 1574 excerptis
1525 1525 1703 1573 Synefiique
1719 1537 1791 1559 cen-

67 1576 141 1613 sura
164 1577 348 1613 illustratae.
398 1580 448 1613 Ex
469 1580 735 1625 interpretatione
758 1578 896 1612 leomae
914 1579 1135 1625 Naugeotgii,
1169 1588 1317 1612 accurate
1339 1580 1524 1625 recognita,
1555 1587 1733 1616 recentata,
1761 1583 1791 1609 et

70 1629 241 1665 emendata
272 1630 349 1664 Fed.
366 1631 500 1665 Morclli
533 1643 642 1677 opera.
711 1631 798 1665 Cum
820 1629 864 1676 Is
881 1630 1061 1676 Casauhom'
1087 1629 1222 1665 diatriba
1251 1640 1284 1664 et
1309 1627 1455 1665 eiusdem
1483 1629 1615 1663 Mon-elli
1650 1626 1789 1668 scholiis,

67 1679 294 1716 animaduerti.
318 1691 348 1716 et
371 1682 599 1716 coniecstaneis.
650 1684 726 1716 Ace.
745 1694 857 1716 rerum
879 1692 909 1716 et
932 1682 1106 1716 verborum
1128 1680 1228 1716 index
1243 1681 1365 1730 loeupl.
1381 1682 1545 1725 Lutetiae,
1570 1693 1610 1715 ex
1633 1689 1790 1728 typogra-

65 1733 144 1781 phia
158 1732 287 1767 Claudii
301 1733 448 1767 Morelli.
471 1736 556 1781 typis
579 1734 686 1779 regiiS.
715 1737 806 1775 1604.
824 1731 884 1767 fol.
907 1753 959 1759 ——-
987 1735 1064 1768 Rec.
1081 1733 1125 1768 est
1143 1735 1223 1767 haec
1245 1731 1320 1768 edit.
1338 1742 1392 1768 aut
1406 1745 1499 1768 nouo
1519 1732 1673 1767 duntaxat
1692 1729 1787 1765 titulo

65 1796 125 1833 per
145 1781 293 1818 fraudem
316 1783 435 1819 librarii
453 1784 626 1826 instrucia,
653 1782 728 1819 ibid.
746 1786 833 1826 1623.
850 1781 912 1819 fol.
938 1805 988 1812 —
1015 1784 1081 1820 Alii
1097 1783 1271 1820 laudarunt
1284 1785 1370 1818 hanc
1384 1783 1584 1825 editionem3
1611 1794 1643 1818 at
1657 1783 1787 1823 Reiske,

64 1832 161 1871 fassus
184 1834 335 1883 quidem,
358 1834 443 1879 haud
468 1849 588 1883 paucos
608 1849 625 1869 a
644 1835 807 1870 Morellio
833 1833 959 1870 sanatos
981 1833 1072 1870 fuisse
1091 1835 1205 1877 locos,
1232 1834 1371 1880 iudicat,
1397 1849 1472 1871 eum
1493 1837 1595 1870 Dioni
1618 1831 1788 1882 persanan-

65 1885 111 1921 do
142 1889 272 1934 eiusque
300 1889 558 1934 interpretationi
587 1886 822 1922 emaculandae
852 1899 921 1922 non
951 1890 1057 1935 magis
1081 1899 1197 1934 parem
1224 1884 1335 1929 fuisse,
1372 1899 1471 1935 quam
1496 1887 1631 1921 Libanio
1656 1883 1785 1919 edendo

23 1949 25 1965 ¹
63 1947 160 1986 atque
182 1937 441 1984 interpretando:
467 1936 563 1972 Isaaci
582 1949 691 1972 tamen
706 1936 892 1973 casauboni
907 1937 1086 1979 diatriben,
1110 1947 1243 1986 parente
1265 1935 1324 1972 suo
1343 1936 1564 1986 digniffimam
1587 1946 1617 1971 et
1640 1937 1786 1985 optimae

62 1999 162 2025 notae
178 1987 508 2023 animaduersionibus
523 1986 690 2031 refertam,
713 1987 886 2037 praedicat.

163 2057 276 2094 Postea
296 2058 468 2094 confilium
492 2072 600 2094 nouae
624 2058 773 2094 editionis
792 2069 950 2108 ceperunt
964 2060 1055 2095 Guil.
1073 2061 1188 2099 Piers,
1215 2060 1347 2108 collegii
1363 2060 1570 2101 Emanuel's,
1594 2056 1684 2107 quod
1701 2058 1784 2093 Can-

62 2109 216 2158 tabrigiae
236 2109 299 2151 est,
331 2108 453 2153 socius,
485 2123 523 2144 ac
542 2113 590 2145 Io.
609 2110 826 2155 Chrc'flopbor.
848 2111 1000 2156 Woffius.
1054 2115 1097 2147 At
1119 2120 1234 2146 neuter
1253 2124 1324 2147 rem
1347 2110 1495 2160 perfecit.
1547 2113 1692 2146 Priorem
1715 2112 1784 2157 qui-

62 2159 139 2201 dem
161 2158 298 2197 voluiffe
318 2174 436 2209 graeca
455 2160 628 2209 diligenter
651 2160 833 2204 recensere,
855 2161 1038 2197 versionem
1055 2165 1248 2211 Naogeorgi
1269 2163 1445 2199 emendare
1466 2162 1651 2210 scholiaque
1666 2173 1781 2208 graeca

62 2222 95 2248 et
112 2223 205 2248 notas
227 2211 382 2257 adiicere,
421 2226 481 2248 nec
499 2216 660 2261 imparem
685 2210 760 2248 fore
780 2215 857 2248 huic
879 2213 1044 2253 instituto,
1081 2228 1120 2250 ex
1142 2212 1320 2262 specimine
1339 2211 1530 2251 intellexisse
1551 2212 1608 2248 fibi
1633 2210 1714 2247 visus
1736 2211 1781 2246 est

61 2263 232 2300 Fabricius.
289 2264 506 2300 Posteriorem
531 2278 608 2300 vero
629 2264 668 2299 ab
688 2263 887 2313 expoliendo
915 2266 1026 2300 Dione
1045 2265 1134 2301 haud
1157 2266 1305 2302 alienum
1329 2264 1445 2306 fuisse,
1479 2262 1707 2313 cognoscimus
1731 2263 1777 2306 sex

63 2318 128 2350 eius
154 2314 296 2363 epistolis
325 2314 364 2350 ad
384 2315 425 2350 de
445 2315 477 2350 la
499 2318 607 2351 Croze
635 2328 710 2364 pag.
725 2328 768 2350 20
784 2327 815 2352 et
832 2329 876 2352 21.
896 2329 942 2351 m.
957 2319 1024 2353 ian.
1042 2329 1118 2360 1711.
1142 2315 1283 2365 scriptu,
1315 2322 1414 2357 (torn.
1428 2319 1469 2353 Π.
1494 2314 1570 2351 thes
1594 2313 1776 2363 epistolici.)

61 2366 228 2401 Habuerat
251 2369 338 2401 enim
361 2366 585 2403 adnotationes
608 2365 718 2402 nescio
735 2370 842 2414 cuius,
870 2381 911 2402 ex
933 2366 1005 2403 cod.
1027 2367 1223 2404 Seldeniano
1247 2370 1280 2401 in
1302 2368 1479 2403 Bodleiana
1501 2366 1574 2402 bibl.
1597 2366 1698 2402 obuio
1721 2365 1776 2399 de·

60 2415 284 2467 scriptaS‚quas
297 2416 412 2466 deinde
424 2420 459 2456 in
474 2420 610 2473 tomol:
626 2417 876 2467 Anecdotorum
885 2432 1093 2469 graccorum,
1103 2419 1291 2469 Hamburgi
1309 2431 1393 2464 ¹722·
1403 2427 1431 2462 8.
1445 2433 1477 2470 p.
1486 2430 1541 2462 271
1550 2416 1618 2468 sqq.
1628 2418 1774 2474 publica·

463 2482 466 2483 ’
1716 2477 1773 2511 vit,
