<?xml version="1.0" encoding="UTF-8"?>
<!DOCTYPE html PUBLIC "-//W3C//DTD XHTML 1.0 Transitional//EN"
    "http://www.w3.org/TR/xhtml1/DTD/xhtml1-transitional.dtd">
<html xmlns="http://www.w3.org/1999/xhtml" xml:lang="en" lang="en">
 <head>
  <title>
</title>
<meta http-equiv="Content-Type" content="text/html;charset=utf-8" />
  <meta name='ocr-system' content='tesseract 3.04.00' />
  <meta name='ocr-capabilities' content='ocr_page ocr_carea ocr_par ocr_line ocrx_word'/>
</head>
<body>
  <div class='ocr_page' id='page_1' title='image "./bibliothecagraec05fabruoft_0074.png"; bbox 0 0 2013 2725; ppageno 0'>
   <div class='ocr_carea' id='block_1_1' title="bbox 203 161 1802 214">
    <p class='ocr_par' dir='ltr' id='par_1_1' title="bbox 203 161 1802 214">
     <span class='ocr_line' id='line_1_1' title="bbox 203 161 1802 214; baseline 0 -10"><span class='ocrx_word' id='word_1_1' title='bbox 203 165 240 214; x_wconf 44' lang='lat'>32*</span> <span class='ocrx_word' id='word_1_2' title='bbox 295 162 614 203; x_wconf 76' lang='lat' dir='ltr'>Lib.IV.c.VlII.</span> <span class='ocrx_word' id='word_1_3' title='bbox 662 161 899 202; x_wconf 79' lang='lat' dir='ltr'>ELENCHVS</span> <span class='ocrx_word' id='word_1_4' title='bbox 932 161 1330 203; x_wconf 73' lang='lat' dir='ltr'>LVCVBRAT‘YONVM</span> <span class='ocrx_word' id='word_1_5' title='bbox 1363 165 1421 205; x_wconf 64' lang='lat' dir='ltr'>IN‘</span> <span class='ocrx_word' id='word_1_6' title='bbox 1444 164 1619 203; x_wconf 78' lang='lat' dir='ltr'>IOSEPHI</span> <span class='ocrx_word' id='word_1_7' title='bbox 1653 164 1802 204; x_wconf 61' lang='lat' dir='ltr'>OPERA*</span> 
     </span>
    </p>
   </div>
   <div class='ocr_carea' id='block_1_2' title="bbox 200 259 1926 516">
    <p class='ocr_par' dir='ltr' id='par_1_2' title="bbox 200 259 1926 516">
     <span class='ocr_line' id='line_1_2' title="bbox 308 259 1926 311; baseline 0 -16"><span class='ocrx_word' id='word_1_8' title='bbox 308 260 518 308; x_wconf 77' lang='lat' dir='ltr'>Tannqzcillus</span> <span class='ocrx_word' id='word_1_9' title='bbox 531 260 636 294; x_wconf 68' lang='lat' dir='ltr'>Faber</span> <span class='ocrx_word' id='word_1_10' title='bbox 652 262 784 295; x_wconf 85' lang='lat' dir='ltr'>innotis</span> <span class='ocrx_word' id='word_1_11' title='bbox 799 259 837 295; x_wconf 81' lang='lat' dir='ltr'>ad</span> <span class='ocrx_word' id='word_1_12' title='bbox 854 263 985 296; x_wconf 57' lang='lat' dir='ltr'>Luciam</span> <span class='ocrx_word' id='word_1_13' title='bbox 1003 263 1186 297; x_wconf 81' lang='lat' dir='ltr'>Timonem</span> <span class='ocrx_word' id='word_1_14' title='bbox 1205 271 1286 297; x_wconf 89' lang='lat' dir='ltr'>tom.</span> <span class='ocrx_word' id='word_1_15' title='bbox 1307 263 1330 298; x_wconf 80' lang='lat'>1.</span> <span class='ocrx_word' id='word_1_16' title='bbox 1349 275 1422 311; x_wconf 47' lang='lat' dir='ltr'>pag.</span> <span class='ocrx_word' id='word_1_17' title='bbox 1442 274 1524 305; x_wconf 84' lang='lat'>1053.</span> <span class='ocrx_word' id='word_1_18' title='bbox 1551 261 1667 311; x_wconf 87' lang='lat' dir='ltr'>postqu</span> <span class='ocrx_word' id='word_1_19' title='bbox 1691 275 1725 297; x_wconf 88' lang='lat' dir='ltr'>m</span> <span class='ocrx_word' id='word_1_20' title='bbox 1747 262 1856 299; x_wconf 87' lang='lat' dir='ltr'>locum</span> <span class='ocrx_word' id='word_1_21' title='bbox 1874 263 1926 299; x_wconf 80' lang='lat' dir='ltr'>ro:</span> 
     </span>
     <span class='ocr_line' id='line_1_3' title="bbox 200 309 1926 362; baseline 0.001 -14"><span class='ocrx_word' id='word_1_22' title='bbox 200 310 291 361; x_wconf 84' lang='lat' dir='ltr'>sephi</span> <span class='ocrx_word' id='word_1_23' title='bbox 310 309 524 354; x_wconf 79' lang='lat' dir='ltr'><strong>emendasset,</strong></span> <span class='ocrx_word' id='word_1_24' title='bbox 551 320 673 359; x_wconf 77' lang='lat' dir='ltr'>„atque</span> <span class='ocrx_word' id='word_1_25' title='bbox 686 314 831 358; x_wconf 76' lang='lat' dir='ltr'>vtinam,</span> <span class='ocrx_word' id='word_1_26' title='bbox 863 315 984 362; x_wconf 69' lang='lat' dir='ltr'>inquit,</span> <span class='ocrx_word' id='word_1_27' title='bbox 1010 312 1292 361; x_wconf 55' lang='lat' dir='ltr'>praestantioribus</span> <span class='ocrx_word' id='word_1_28' title='bbox 1317 316 1454 362; x_wconf 77' lang='lat' dir='ltr'>ingeniis</span> <span class='ocrx_word' id='word_1_29' title='bbox 1475 314 1598 348; x_wconf 85' lang='lat' dir='ltr'>luberet</span> <span class='ocrx_word' id='word_1_30' title='bbox 1621 312 1818 361; x_wconf 80' lang='lat' dir='ltr'>aliquando,</span> <span class='ocrx_word' id='word_1_31' title='bbox 1845 324 1857 347; x_wconf 91' lang='lat' dir='ltr'>t</span> <span class='ocrx_word' id='word_1_32' title='bbox 1877 316 1926 349; x_wconf 84' lang='lat' dir='ltr'>nti</span> 
     </span>
     <span class='ocr_line' id='line_1_4' title="bbox 202 360 1926 413; baseline 0.002 -15"><span class='ocrx_word' id='word_1_33' title='bbox 202 361 365 410; x_wconf 85' lang='lat' dir='ltr'>scriptoris</span> <span class='ocrx_word' id='word_1_34' title='bbox 383 362 648 399; x_wconf 78' lang='lat' dir='ltr'>emendationem</span> <span class='ocrx_word' id='word_1_35' title='bbox 666 360 844 411; x_wconf 65' lang='lat' dir='ltr'>suscipere.</span> <span class='ocrx_word' id='word_1_36' title='bbox 872 362 1023 409; x_wconf 87' lang='lat' dir='ltr'>symbola</span> <span class='ocrx_word' id='word_1_37' title='bbox 1048 375 1133 399; x_wconf 88' lang='lat' dir='ltr'>certe</span> <span class='ocrx_word' id='word_1_38' title='bbox 1149 365 1317 401; x_wconf 77' lang='lat' dir='ltr'>daremus:</span> <span class='ocrx_word' id='word_1_39' title='bbox 1347 378 1426 408; x_wconf 83' lang='lat'>400.</span> <span class='ocrx_word' id='word_1_40' title='bbox 1447 363 1587 412; x_wconf 56' lang='lat' dir='ltr'>amplius</span> <span class='ocrx_word' id='word_1_41' title='bbox 1610 364 1704 400; x_wconf 82' lang='lat' dir='ltr'>locos</span> <span class='ocrx_word' id='word_1_42' title='bbox 1730 378 1768 400; x_wconf 87' lang='lat' dir='ltr'>ex</span> <span class='ocrx_word' id='word_1_43' title='bbox 1791 368 1926 413; x_wconf 66' lang='lat' dir='ltr'>ingenio</span> 
     </span>
     <span class='ocr_line' id='line_1_5' title="bbox 202 411 1926 466; baseline 0.001 -16"><span class='ocrx_word' id='word_1_44' title='bbox 202 414 405 456; x_wconf 53' lang='lat' dir='ltr'>emendam,</span> <span class='ocrx_word' id='word_1_45' title='bbox 420 412 570 450; x_wconf 87' lang='lat' dir='ltr'>conferre</span> <span class='ocrx_word' id='word_1_46' title='bbox 585 411 762 463; x_wconf 76' lang='lat' dir='ltr'><strong>possemus.</strong></span> <span class='ocrx_word' id='word_1_47' title='bbox 816 415 910 450; x_wconf 79' lang='lat' dir='ltr'>Plura</span> <span class='ocrx_word' id='word_1_48' title='bbox 924 414 1030 452; x_wconf 84' lang='lat' dir='ltr'>facere</span> <span class='ocrx_word' id='word_1_49' title='bbox 1046 415 1122 451; x_wconf 79' lang='lat' dir='ltr'>effet</span> <span class='ocrx_word' id='word_1_50' title='bbox 1136 414 1210 452; x_wconf 88' lang='lat' dir='ltr'>sane</span> <span class='ocrx_word' id='word_1_51' title='bbox 1226 414 1404 466; x_wconf 70' lang='lat' dir='ltr'>perfacile3</span> <span class='ocrx_word' id='word_1_52' title='bbox 1431 414 1483 450; x_wconf 86' lang='lat' dir='ltr'>sed</span> <span class='ocrx_word' id='word_1_53' title='bbox 1500 416 1721 456; x_wconf 61' lang='lat' dir='ltr'>doetioribus,</span> <span class='ocrx_word' id='word_1_54' title='bbox 1748 426 1778 451; x_wconf 91' lang='lat' dir='ltr'>et</span> <span class='ocrx_word' id='word_1_55' title='bbox 1793 419 1847 464; x_wconf 89' lang='lat' dir='ltr'>qui</span> <span class='ocrx_word' id='word_1_56' title='bbox 1864 419 1926 452; x_wconf 68' lang='lat' dir='ltr'>Lu-</span> 
     </span>
     <span class='ocr_line' id='line_1_6' title="bbox 203 464 1824 516; baseline 0.001 -15"><span class='ocrx_word' id='word_1_57' title='bbox 203 470 297 502; x_wconf 85' lang='lat' dir='ltr'>tetiae</span> <span class='ocrx_word' id='word_1_58' title='bbox 314 469 414 502; x_wconf 84' lang='lat' dir='ltr'>vitam</span> <span class='ocrx_word' id='word_1_59' title='bbox 433 476 552 514; x_wconf 79' lang='lat' dir='ltr'>agunt,</span> <span class='ocrx_word' id='word_1_60' title='bbox 579 475 610 501; x_wconf 87' lang='lat' dir='ltr'>et</span> <span class='ocrx_word' id='word_1_61' title='bbox 626 464 722 501; x_wconf 87' lang='lat' dir='ltr'><strong>codd.</strong></span> <span class='ocrx_word' id='word_1_62' title='bbox 737 468 844 514; x_wconf 81' lang='lat' dir='ltr'>regiae</span> <span class='ocrx_word' id='word_1_63' title='bbox 862 467 937 502; x_wconf 88' lang='lat' dir='ltr'>bibl.</span> <span class='ocrx_word' id='word_1_64' title='bbox 956 466 1019 502; x_wconf 82' lang='lat' dir='ltr'>frui</span> <span class='ocrx_word' id='word_1_65' title='bbox 1035 466 1170 516; x_wconf 87' lang='lat' dir='ltr'>possent.</span> <span class='ocrx_word' id='word_1_66' title='bbox 1222 469 1326 504; x_wconf 88' lang='lat' dir='ltr'>Nobis</span> <span class='ocrx_word' id='word_1_67' title='bbox 1343 467 1500 504; x_wconf 84' lang='lat' dir='ltr'>nonlicet</span> <span class='ocrx_word' id='word_1_68' title='bbox 1523 466 1585 503; x_wconf 78' lang='lat' dir='ltr'>effe</span> <span class='ocrx_word' id='word_1_69' title='bbox 1602 477 1669 502; x_wconf 88' lang='lat' dir='ltr'>tam</span> <span class='ocrx_word' id='word_1_70' title='bbox 1690 467 1796 502; x_wconf 82' lang='lat' dir='ltr'>beatis.</span> <span class='ocrx_word' id='word_1_71' title='bbox 1808 471 1824 486; x_wconf 76' lang='lat'>‘⁶</span> 
     </span>
    </p>
   </div>
   <div class='ocr_carea' id='block_1_3' title="bbox 203 531 1926 686">
    <p class='ocr_par' dir='ltr' id='par_1_3' title="bbox 203 531 1926 686">
     <span class='ocr_line' id='line_1_7' title="bbox 304 531 1926 583; baseline 0.002 -18"><span class='ocrx_word' id='word_1_72' title='bbox 304 534 395 567; x_wconf 78' lang='lat' dir='ltr'>Ioan.</span> <span class='ocrx_word' id='word_1_73' title='bbox 416 531 492 568; x_wconf 77' lang='lat' dir='ltr'>Alb.</span> <span class='ocrx_word' id='word_1_74' title='bbox 511 533 676 567; x_wconf 73' lang='lat' dir='ltr'><em>Fabricius</em></span> <span class='ocrx_word' id='word_1_75' title='bbox 699 532 823 568; x_wconf 84' lang='lat' dir='ltr'>erudite</span> <span class='ocrx_word' id='word_1_76' title='bbox 845 543 876 567; x_wconf 89' lang='lat' dir='ltr'>et</span> <span class='ocrx_word' id='word_1_77' title='bbox 897 532 1028 583; x_wconf 85' lang='lat' dir='ltr'>copiose</span> <span class='ocrx_word' id='word_1_78' title='bbox 1051 533 1090 569; x_wconf 90' lang='lat' dir='ltr'>de</span> <span class='ocrx_word' id='word_1_79' title='bbox 1117 532 1256 583; x_wconf 83' lang='lat' dir='ltr'>Iosepho</span> <span class='ocrx_word' id='word_1_80' title='bbox 1272 536 1338 571; x_wconf 85' lang='lat' dir='ltr'>iam</span> <span class='ocrx_word' id='word_1_81' title='bbox 1363 537 1397 570; x_wconf 89' lang='lat' dir='ltr'>in</span> <span class='ocrx_word' id='word_1_82' title='bbox 1421 534 1567 569; x_wconf 85' lang='lat' dir='ltr'>biblioth.</span> <span class='ocrx_word' id='word_1_83' title='bbox 1585 545 1699 581; x_wconf 80' lang='lat' dir='ltr'>graeca</span> <span class='ocrx_word' id='word_1_84' title='bbox 1718 531 1926 577; x_wconf 50' lang='lat' dir='ltr'>disserueram</span> 
     </span>
     <span class='ocr_line' id='line_1_8' title="bbox 203 582 1925 635; baseline 0.001 -16"><span class='ocrx_word' id='word_1_85' title='bbox 203 585 385 619; x_wconf 57' lang='lat' dir='ltr'>audiorem</span> <span class='ocrx_word' id='word_1_86' title='bbox 409 593 520 619; x_wconf 83' lang='lat' dir='ltr'>tamen</span> <span class='ocrx_word' id='word_1_87' title='bbox 541 582 581 619; x_wconf 88' lang='lat' dir='ltr'>de</span> <span class='ocrx_word' id='word_1_88' title='bbox 601 596 642 619; x_wconf 87' lang='lat' dir='ltr'>eo</span> <span class='ocrx_word' id='word_1_89' title='bbox 665 588 943 621; x_wconf 88' lang='lat' dir='ltr'>commentarium</span> <span class='ocrx_word' id='word_1_90' title='bbox 966 585 1006 621; x_wconf 89' lang='lat' dir='ltr'>ad</span> <span class='ocrx_word' id='word_1_91' title='bbox 1033 588 1334 635; x_wconf 69' lang='lat' dir='ltr'>Hauereampium,</span> <span class='ocrx_word' id='word_1_92' title='bbox 1369 598 1466 635; x_wconf 89' lang='lat' dir='ltr'>quem</span> <span class='ocrx_word' id='word_1_93' title='bbox 1495 583 1554 620; x_wconf 90' lang='lat' dir='ltr'>suo</span> <span class='ocrx_word' id='word_1_94' title='bbox 1577 584 1744 634; x_wconf 79' lang='lat' dir='ltr'>adparatui</span> <span class='ocrx_word' id='word_1_95' title='bbox 1764 583 1925 630; x_wconf 85' lang='lat' dir='ltr'>insereret,</span> 
     </span>
     <span class='ocr_line' id='line_1_9' title="bbox 203 633 1586 686; baseline 0.001 -15"><span class='ocrx_word' id='word_1_96' title='bbox 203 635 387 683; x_wconf 77' lang='lat' dir='ltr'>transmisit.</span> <span class='ocrx_word' id='word_1_97' title='bbox 442 633 548 682; x_wconf 78' lang='lat' dir='ltr'>[Adde</span> <span class='ocrx_word' id='word_1_98' title='bbox 567 637 705 671; x_wconf 74' lang='lat' dir='ltr'><em>Fabricii</em></span> <span class='ocrx_word' id='word_1_99' title='bbox 717 637 819 671; x_wconf 83' lang='lat' dir='ltr'>vitam</span> <span class='ocrx_word' id='word_1_100' title='bbox 834 651 852 672; x_wconf 91' lang='lat' dir='ltr'>a</span> <span class='ocrx_word' id='word_1_101' title='bbox 867 638 1017 673; x_wconf 73' lang='lat' dir='ltr'>Reimaro</span> <span class='ocrx_word' id='word_1_102' title='bbox 1037 635 1189 686; x_wconf 81' lang='lat' dir='ltr'>scriptam</span> <span class='ocrx_word' id='word_1_103' title='bbox 1214 651 1286 686; x_wconf 83' lang='lat' dir='ltr'>pag.</span> <span class='ocrx_word' id='word_1_104' title='bbox 1301 645 1365 680; x_wconf 85' lang='lat'>183.</span> <span class='ocrx_word' id='word_1_105' title='bbox 1385 645 1437 684; x_wconf 83' lang='lat'>185</span> <span class='ocrx_word' id='word_1_106' title='bbox 1455 644 1485 672; x_wconf 69' lang='lat' dir='ltr'>et</span> <span class='ocrx_word' id='word_1_107' title='bbox 1501 636 1586 683; x_wconf 65' lang='lat'>256]</span> 
     </span>
    </p>
   </div>
   <div class='ocr_carea' id='block_1_4' title="bbox 203 699 1927 907">
    <p class='ocr_par' dir='ltr' id='par_1_4' title="bbox 203 699 1927 907">
     <span class='ocr_line' id='line_1_10' title="bbox 306 699 1927 750; baseline -0.001 -12"><span class='ocrx_word' id='word_1_108' title='bbox 306 704 346 738; x_wconf 83' lang='lat' dir='ltr'>F.</span> <span class='ocrx_word' id='word_1_109' title='bbox 366 702 515 737; x_wconf 77' lang='lat' dir='ltr'>Vincmzt.</span> <span class='ocrx_word' id='word_1_110' title='bbox 527 702 704 748; x_wconf 76' lang='lat' dir='ltr'>Fafflnizcs,</span> <span class='ocrx_word' id='word_1_111' title='bbox 733 702 814 739; x_wconf 83' lang='lat' dir='ltr'>ord.</span> <span class='ocrx_word' id='word_1_112' title='bbox 832 703 1046 739; x_wconf 79' lang='lat' dir='ltr'>Praedicator.</span> <span class='ocrx_word' id='word_1_113' title='bbox 1067 706 1101 739; x_wconf 90' lang='lat' dir='ltr'>in</span> <span class='ocrx_word' id='word_1_114' title='bbox 1125 702 1237 740; x_wconf 78' lang='lat' dir='ltr'>Pisano</span> <span class='ocrx_word' id='word_1_115' title='bbox 1255 705 1426 738; x_wconf 79' lang='lat' dir='ltr'>Athenaeo</span> <span class='ocrx_word' id='word_1_116' title='bbox 1443 703 1474 737; x_wconf 91' lang='lat' dir='ltr'>S.</span> <span class='ocrx_word' id='word_1_117' title='bbox 1493 704 1522 738; x_wconf 90' lang='lat' dir='ltr'>S.</span> <span class='ocrx_word' id='word_1_118' title='bbox 1539 702 1634 738; x_wconf 84' lang='lat' dir='ltr'>litter.</span> <span class='ocrx_word' id='word_1_119' title='bbox 1650 699 1736 750; x_wconf 89' lang='lat' dir='ltr'>prof.</span> <span class='ocrx_word' id='word_1_120' title='bbox 1760 703 1791 736; x_wconf 89' lang='lat' dir='ltr'>in</span> <span class='ocrx_word' id='word_1_121' title='bbox 1808 699 1927 737; x_wconf 79' lang='lat' dir='ltr'>differt.</span> 
     </span>
     <span class='ocr_line' id='line_1_11' title="bbox 205 750 1926 804; baseline -0.002 -14"><span class='ocrx_word' id='word_1_122' title='bbox 205 752 403 802; x_wconf 28' lang='lat' dir='ltr'>1780.⁷apud</span> <span class='ocrx_word' id='word_1_123' title='bbox 420 755 523 789; x_wconf 79' lang='lat' dir='ltr'>Caiet.</span> <span class='ocrx_word' id='word_1_124' title='bbox 538 755 727 803; x_wconf 73' lang='lat' dir='ltr'>Cambiagi,</span> <span class='ocrx_word' id='word_1_125' title='bbox 755 753 795 790; x_wconf 88' lang='lat' dir='ltr'>de</span> <span class='ocrx_word' id='word_1_126' title='bbox 816 755 1001 791; x_wconf 83' lang='lat' dir='ltr'>Alexandro</span> <span class='ocrx_word' id='word_1_127' title='bbox 1016 758 1063 791; x_wconf 89' lang='lat' dir='ltr'>M.</span> <span class='ocrx_word' id='word_1_128' title='bbox 1079 754 1221 804; x_wconf 78' lang='lat' dir='ltr'>ingrelso</span> <span class='ocrx_word' id='word_1_129' title='bbox 1238 753 1493 800; x_wconf 76' lang='lat' dir='ltr'>Hierosolyma,</span> <span class='ocrx_word' id='word_1_130' title='bbox 1519 764 1695 801; x_wconf 85' lang='lat' dir='ltr'>antequam</span> <span class='ocrx_word' id='word_1_131' title='bbox 1720 750 1749 788; x_wconf 90' lang='lat' dir='ltr'>se</span> <span class='ocrx_word' id='word_1_132' title='bbox 1765 751 1806 787; x_wconf 79' lang='lat' dir='ltr'>ad</span> <span class='ocrx_word' id='word_1_133' title='bbox 1821 755 1926 788; x_wconf 86' lang='lat' dir='ltr'>Ham-</span> 
     </span>
     <span class='ocr_line' id='line_1_12' title="bbox 203 803 1927 854; baseline -0.001 -13"><span class='ocrx_word' id='word_1_134' title='bbox 203 807 314 841; x_wconf 84' lang='lat' dir='ltr'>monis</span> <span class='ocrx_word' id='word_1_135' title='bbox 331 805 502 841; x_wconf 84' lang='lat' dir='ltr'>oraculum</span> <span class='ocrx_word' id='word_1_136' title='bbox 517 803 721 846; x_wconf 62' lang='lat' dir='ltr'>transferret,</span> <span class='ocrx_word' id='word_1_137' title='bbox 748 809 781 840; x_wconf 89' lang='lat' dir='ltr'>in</span> <span class='ocrx_word' id='word_1_138' title='bbox 795 814 825 846; x_wconf 86' lang='lat'>8.</span> <span class='ocrx_word' id='word_1_139' title='bbox 841 805 942 847; x_wconf 85' lang='lat' dir='ltr'>edita,</span> <span class='ocrx_word' id='word_1_140' title='bbox 969 805 1114 843; x_wconf 79' lang='lat' dir='ltr'>defendit</span> <span class='ocrx_word' id='word_1_141' title='bbox 1131 809 1352 844; x_wconf 78' lang='lat' dir='ltr'>narrationem</span> <span class='ocrx_word' id='word_1_142' title='bbox 1367 806 1415 842; x_wconf 79' lang='lat' dir='ltr'>Fl.</span> <span class='ocrx_word' id='word_1_143' title='bbox 1435 803 1497 842; x_wconf 72' lang='lat' dir='ltr'>Ios.</span> <span class='ocrx_word' id='word_1_144' title='bbox 1515 816 1546 841; x_wconf 88' lang='lat' dir='ltr'>et</span> <span class='ocrx_word' id='word_1_145' title='bbox 1568 804 1608 841; x_wconf 92' lang='lat' dir='ltr'>de</span> <span class='ocrx_word' id='word_1_146' title='bbox 1631 808 1698 840; x_wconf 84' lang='lat' dir='ltr'>eius</span> <span class='ocrx_word' id='word_1_147' title='bbox 1721 807 1806 854; x_wconf 87' lang='lat' dir='ltr'>regis</span> <span class='ocrx_word' id='word_1_148' title='bbox 1823 806 1927 854; x_wconf 82' lang='lat' dir='ltr'>impe-</span> 
     </span>
     <span class='ocr_line' id='line_1_13' title="bbox 203 855 983 907; baseline 0.006 -17"><span class='ocrx_word' id='word_1_149' title='bbox 203 858 243 892; x_wconf 81' lang='lat' dir='ltr'>rii</span> <span class='ocrx_word' id='word_1_150' title='bbox 259 855 417 892; x_wconf 76' lang='lat' dir='ltr'>diuisione</span> <span class='ocrx_word' id='word_1_151' title='bbox 431 855 471 891; x_wconf 87' lang='lat' dir='ltr'>ad</span> <span class='ocrx_word' id='word_1_152' title='bbox 486 869 556 904; x_wconf 87' lang='lat' dir='ltr'>cap.</span> <span class='ocrx_word' id='word_1_153' title='bbox 574 859 598 892; x_wconf 88' lang='lat'>1.</span> <span class='ocrx_word' id='word_1_154' title='bbox 623 857 677 893; x_wconf 87' lang='lat' dir='ltr'>lib.</span> <span class='ocrx_word' id='word_1_155' title='bbox 695 860 717 893; x_wconf 90' lang='grc' dir='ltr'>Ι.</span> <span class='ocrx_word' id='word_1_156' title='bbox 732 858 882 894; x_wconf 74' lang='lat' dir='ltr'>Maccab.</span> <span class='ocrx_word' id='word_1_157' title='bbox 907 861 983 907; x_wconf 85' lang='lat' dir='ltr'>agit.</span> 
     </span>
    </p>
   </div>
   <div class='ocr_carea' id='block_1_5' title="bbox 203 921 1927 1075">
    <p class='ocr_par' dir='ltr' id='par_1_5' title="bbox 203 921 1927 1075">
     <span class='ocr_line' id='line_1_14' title="bbox 308 921 1925 973; baseline 0.001 -14"><span class='ocrx_word' id='word_1_158' title='bbox 308 922 470 970; x_wconf 78' lang='lat' dir='ltr'>Franczfi.</span> <span class='ocrx_word' id='word_1_159' title='bbox 486 925 625 958; x_wconf 73' lang='lat' dir='ltr'>Fontani</span> <span class='ocrx_word' id='word_1_160' title='bbox 648 923 899 967; x_wconf 80' lang='lat' dir='ltr'>Riccardianae‚</span> <span class='ocrx_word' id='word_1_161' title='bbox 939 938 1022 973; x_wconf 84' lang='lat' dir='ltr'>quae</span> <span class='ocrx_word' id='word_1_162' title='bbox 1046 924 1230 962; x_wconf 73' lang='lat' dir='ltr'>Florentiae</span> <span class='ocrx_word' id='word_1_163' title='bbox 1250 924 1312 968; x_wconf 79' lang='lat' dir='ltr'>est,</span> <span class='ocrx_word' id='word_1_164' title='bbox 1338 924 1554 960; x_wconf 79' lang='lat' dir='ltr'>bibliothecae</span> <span class='ocrx_word' id='word_1_165' title='bbox 1571 922 1763 972; x_wconf 68' lang='lat' dir='ltr'>praefestus,</span> <span class='ocrx_word' id='word_1_166' title='bbox 1788 921 1925 960; x_wconf 85' lang='lat' dir='ltr'>latinam</span> 
     </span>
     <span class='ocr_line' id='line_1_15' title="bbox 203 971 1927 1025; baseline -0.001 -16"><span class='ocrx_word' id='word_1_167' title='bbox 203 971 300 1022; x_wconf 86' lang='lat' dir='ltr'>super</span> <span class='ocrx_word' id='word_1_168' title='bbox 319 972 447 1023; x_wconf 88' lang='lat' dir='ltr'>Iosephi</span> <span class='ocrx_word' id='word_1_169' title='bbox 464 972 503 1009; x_wconf 91' lang='lat' dir='ltr'>de</span> <span class='ocrx_word' id='word_1_170' title='bbox 519 974 652 1010; x_wconf 80' lang='lat' dir='ltr'>Christo</span> <span class='ocrx_word' id='word_1_171' title='bbox 669 975 891 1012; x_wconf 78' lang='lat' dir='ltr'>testimonium</span> <span class='ocrx_word' id='word_1_172' title='bbox 903 974 1158 1012; x_wconf 79' lang='lat' dir='ltr'>dissertationem</span> <span class='ocrx_word' id='word_1_173' title='bbox 1175 975 1299 1025; x_wconf 79' lang='lat' dir='ltr'>scripsit</span> <span class='ocrx_word' id='word_1_174' title='bbox 1313 977 1351 1012; x_wconf 85' lang='lat' dir='ltr'>ab</span> <span class='ocrx_word' id='word_1_175' title='bbox 1376 975 1442 1023; x_wconf 85' lang='lat' dir='ltr'>ipso</span> <span class='ocrx_word' id='word_1_176' title='bbox 1460 977 1594 1011; x_wconf 60' lang='lat' dir='ltr'>auctore</span> <span class='ocrx_word' id='word_1_177' title='bbox 1615 975 1653 1010; x_wconf 86' lang='lat' dir='ltr'>ad</span> <span class='ocrx_word' id='word_1_178' title='bbox 1671 988 1745 1018; x_wconf 87' lang='lat' dir='ltr'>me,</span> <span class='ocrx_word' id='word_1_179' title='bbox 1771 987 1855 1011; x_wconf 89' lang='lat' dir='ltr'>num</span> <span class='ocrx_word' id='word_1_180' title='bbox 1878 983 1927 1020; x_wconf 87' lang='lat' dir='ltr'>ty-</span> 
     </span>
     <span class='ocr_line' id='line_1_16' title="bbox 204 1023 1688 1075; baseline 0.001 -15"><span class='ocrx_word' id='word_1_181' title='bbox 204 1028 253 1075; x_wconf 83' lang='lat' dir='ltr'>pis</span> <span class='ocrx_word' id='word_1_182' title='bbox 270 1025 412 1066; x_wconf 73' lang='lat' dir='ltr'>editam,</span> <span class='ocrx_word' id='word_1_183' title='bbox 439 1039 481 1061; x_wconf 87' lang='lat' dir='ltr'>an</span> <span class='ocrx_word' id='word_1_184' title='bbox 501 1023 777 1072; x_wconf 77' lang='lat' dir='ltr'>manuscriptam?</span> <span class='ocrx_word' id='word_1_185' title='bbox 804 1040 891 1062; x_wconf 88' lang='lat' dir='ltr'>nunc</span> <span class='ocrx_word' id='word_1_186' title='bbox 916 1040 985 1062; x_wconf 84' lang='lat' dir='ltr'>non</span> <span class='ocrx_word' id='word_1_187' title='bbox 1003 1028 1181 1070; x_wconf 84' lang='lat' dir='ltr'>recordor,</span> <span class='ocrx_word' id='word_1_188' title='bbox 1209 1026 1439 1063; x_wconf 83' lang='lat' dir='ltr'>humaniffime</span> <span class='ocrx_word' id='word_1_189' title='bbox 1460 1025 1688 1062; x_wconf 67' lang='lat' dir='ltr'>transmissam.</span> 
     </span>
    </p>
   </div>
   <div class='ocr_carea' id='block_1_6' title="bbox 207 1091 1927 1244">
    <p class='ocr_par' dir='ltr' id='par_1_6' title="bbox 207 1091 1927 1244">
     <span class='ocr_line' id='line_1_17' title="bbox 306 1091 1927 1143; baseline 0.001 -17"><span class='ocrx_word' id='word_1_190' title='bbox 306 1091 459 1128; x_wconf 65' lang='lat' dir='ltr'>Andreas</span> <span class='ocrx_word' id='word_1_191' title='bbox 475 1093 737 1140; x_wconf 63' lang='lat' dir='ltr'>Frankenherger</span> <span class='ocrx_word' id='word_1_192' title='bbox 764 1096 797 1129; x_wconf 91' lang='lat' dir='ltr'>in</span> <span class='ocrx_word' id='word_1_193' title='bbox 820 1093 1076 1129; x_wconf 74' lang='lat' dir='ltr'>Institutionibus</span> <span class='ocrx_word' id='word_1_194' title='bbox 1097 1096 1304 1143; x_wconf 84' lang='lat' dir='ltr'>Antiquitatis</span> <span class='ocrx_word' id='word_1_195' title='bbox 1331 1103 1362 1129; x_wconf 85' lang='lat' dir='ltr'>et</span> <span class='ocrx_word' id='word_1_196' title='bbox 1382 1093 1591 1129; x_wconf 83' lang='lat' dir='ltr'>historiarum</span> <span class='ocrx_word' id='word_1_197' title='bbox 1616 1096 1763 1141; x_wconf 84' lang='lat' dir='ltr'>primum</span> <span class='ocrx_word' id='word_1_198' title='bbox 1784 1091 1927 1128; x_wconf 82' lang='lat' dir='ltr'>Witten-</span> 
     </span>
     <span class='ocr_line' id='line_1_18' title="bbox 207 1142 1927 1195; baseline 0.002 -17"><span class='ocrx_word' id='word_1_199' title='bbox 207 1143 327 1190; x_wconf 85' lang='lat' dir='ltr'>bergae</span> <span class='ocrx_word' id='word_1_200' title='bbox 347 1146 430 1186; x_wconf 84' lang='lat'>1586.</span> <span class='ocrx_word' id='word_1_201' title='bbox 449 1142 559 1186; x_wconf 84' lang='lat' dir='ltr'>editis,</span> <span class='ocrx_word' id='word_1_202' title='bbox 586 1142 626 1178; x_wconf 89' lang='lat' dir='ltr'>de</span> <span class='ocrx_word' id='word_1_203' title='bbox 645 1142 771 1192; x_wconf 67' lang='lat' dir='ltr'>losephi</span> <span class='ocrx_word' id='word_1_204' title='bbox 791 1148 871 1190; x_wconf 85' lang='lat' dir='ltr'>vita,</span> <span class='ocrx_word' id='word_1_205' title='bbox 897 1144 1036 1195; x_wconf 84' lang='lat' dir='ltr'>scriptis,</span> <span class='ocrx_word' id='word_1_206' title='bbox 1063 1158 1181 1182; x_wconf 86' lang='lat' dir='ltr'>eorum</span> <span class='ocrx_word' id='word_1_207' title='bbox 1201 1145 1242 1181; x_wconf 89' lang='lat' dir='ltr'>ad</span> <span class='ocrx_word' id='word_1_208' title='bbox 1264 1147 1305 1181; x_wconf 91' lang='lat' dir='ltr'>N.</span> <span class='ocrx_word' id='word_1_209' title='bbox 1328 1155 1359 1181; x_wconf 91' lang='lat' dir='ltr'>et</span> <span class='ocrx_word' id='word_1_210' title='bbox 1375 1147 1415 1180; x_wconf 90' lang='lat' dir='ltr'>V.</span> <span class='ocrx_word' id='word_1_211' title='bbox 1430 1145 1476 1184; x_wconf 82' lang='lat' dir='ltr'>T.</span> <span class='ocrx_word' id='word_1_212' title='bbox 1501 1142 1575 1188; x_wconf 86' lang='lat' dir='ltr'>vsu,</span> <span class='ocrx_word' id='word_1_213' title='bbox 1603 1144 1643 1180; x_wconf 91' lang='lat' dir='ltr'>de</span> <span class='ocrx_word' id='word_1_214' title='bbox 1668 1142 1741 1180; x_wconf 81' lang='lat' dir='ltr'>ssilo</span> <span class='ocrx_word' id='word_1_215' title='bbox 1761 1153 1821 1180; x_wconf 88' lang='lat' dir='ltr'>etc.</span> <span class='ocrx_word' id='word_1_216' title='bbox 1843 1146 1927 1193; x_wconf 67' lang='lat' dir='ltr'>agitz</span> 
     </span>
     <span class='ocr_line' id='line_1_19' title="bbox 208 1193 727 1244; baseline 0 -15"><span class='ocrx_word' id='word_1_217' title='bbox 208 1207 292 1244; x_wconf 86' lang='lat' dir='ltr'>quae</span> <span class='ocrx_word' id='word_1_218' title='bbox 317 1196 537 1244; x_wconf 83' lang='lat' dir='ltr'>Hauercamp.</span> <span class='ocrx_word' id='word_1_219' title='bbox 558 1193 727 1243; x_wconf 79' lang='lat' dir='ltr'>excerpsit.</span> 
     </span>
    </p>
   </div>
   <div class='ocr_carea' id='block_1_7' title="bbox 208 1259 1927 1516">
    <p class='ocr_par' dir='ltr' id='par_1_7' title="bbox 208 1259 1927 1516">
     <span class='ocr_line' id='line_1_20' title="bbox 313 1259 1927 1311; baseline 0.001 -16"><span class='ocrx_word' id='word_1_220' title='bbox 313 1261 407 1297; x_wconf 69' lang='lat' dir='ltr'>Frid.</span> <span class='ocrx_word' id='word_1_221' title='bbox 429 1262 543 1296; x_wconf 78' lang='lat' dir='ltr'>Gottlz.</span> <span class='ocrx_word' id='word_1_222' title='bbox 561 1263 711 1311; x_wconf 78' lang='lat' dir='ltr'>Freytag</span> <span class='ocrx_word' id='word_1_223' title='bbox 730 1261 887 1310; x_wconf 80' lang='lat' dir='ltr'>singulari</span> <span class='ocrx_word' id='word_1_224' title='bbox 910 1272 1158 1311; x_wconf 78' lang='lat' dir='ltr'>programmate</span> <span class='ocrx_word' id='word_1_225' title='bbox 1187 1262 1336 1298; x_wconf 86' lang='lat' dir='ltr'>codicem</span> <span class='ocrx_word' id='word_1_226' title='bbox 1358 1262 1498 1299; x_wconf 86' lang='lat' dir='ltr'>latinum</span> <span class='ocrx_word' id='word_1_227' title='bbox 1521 1263 1595 1299; x_wconf 89' lang='lat' dir='ltr'>bibl.</span> <span class='ocrx_word' id='word_1_228' title='bbox 1619 1259 1747 1298; x_wconf 85' lang='lat' dir='ltr'>scholae</span> <span class='ocrx_word' id='word_1_229' title='bbox 1769 1260 1927 1309; x_wconf 80' lang='lat' dir='ltr'>portensis</span> 
     </span>
     <span class='ocr_line' id='line_1_21' title="bbox 209 1310 1927 1362; baseline -0.001 -13"><span class='ocrx_word' id='word_1_230' title='bbox 209 1310 375 1359; x_wconf 79' lang='lat' dir='ltr'>describit,</span> <span class='ocrx_word' id='word_1_231' title='bbox 399 1326 488 1356; x_wconf 81' lang='lat'><strong>¹727·</strong></span> <span class='ocrx_word' id='word_1_232' title='bbox 515 1314 655 1348; x_wconf 88' lang='lat' dir='ltr'>Naumb.</span> <span class='ocrx_word' id='word_1_233' title='bbox 674 1325 705 1357; x_wconf 87' lang='lat'>4.</span> <span class='ocrx_word' id='word_1_234' title='bbox 745 1314 906 1350; x_wconf 86' lang='lat' dir='ltr'>Codicem</span> <span class='ocrx_word' id='word_1_235' title='bbox 929 1317 1034 1357; x_wconf 82' lang='lat' dir='ltr'>hunc,</span> <span class='ocrx_word' id='word_1_236' title='bbox 1071 1316 1146 1351; x_wconf 84' lang='lat' dir='ltr'>licet</span> <span class='ocrx_word' id='word_1_237' title='bbox 1177 1314 1375 1362; x_wconf 80' lang='lat' dir='ltr'>peruetustas</span> <span class='ocrx_word' id='word_1_238' title='bbox 1403 1328 1440 1349; x_wconf 87' lang='lat' dir='ltr'>ac</span> <span class='ocrx_word' id='word_1_239' title='bbox 1468 1313 1740 1350; x_wconf 76' lang='lat' dir='ltr'>emendatiffimas</span> <span class='ocrx_word' id='word_1_240' title='bbox 1766 1312 1927 1348; x_wconf 84' lang='lat' dir='ltr'>membra-</span> 
     </span>
     <span class='ocr_line' id='line_1_22' title="bbox 208 1361 1927 1418; baseline -0.001 -18"><span class='ocrx_word' id='word_1_241' title='bbox 208 1378 266 1400; x_wconf 85' lang='lat' dir='ltr'>nas</span> <span class='ocrx_word' id='word_1_242' title='bbox 281 1362 343 1400; x_wconf 80' lang='lat' dir='ltr'>effe</span> <span class='ocrx_word' id='word_1_243' title='bbox 359 1363 445 1398; x_wconf 87' lang='lat' dir='ltr'>dicat</span> <span class='ocrx_word' id='word_1_244' title='bbox 461 1363 570 1399; x_wconf 84' lang='lat' dir='ltr'>Bolius</span> <span class='ocrx_word' id='word_1_245' title='bbox 586 1366 618 1398; x_wconf 92' lang='lat' dir='ltr'>in</span> <span class='ocrx_word' id='word_1_246' title='bbox 634 1367 764 1401; x_wconf 84' lang='lat' dir='ltr'>exercit.</span> <span class='ocrx_word' id='word_1_247' title='bbox 782 1381 1124 1418; x_wconf 66' lang='grc' dir='ltr'>παρασκευαστικῃ,</span> <span class='ocrx_word' id='word_1_248' title='bbox 1151 1379 1224 1414; x_wconf 83' lang='lat' dir='ltr'>pag.</span> <span class='ocrx_word' id='word_1_249' title='bbox 1240 1380 1270 1411; x_wconf 83' lang='lat'>9.</span> <span class='ocrx_word' id='word_1_250' title='bbox 1297 1378 1364 1400; x_wconf 89' lang='lat' dir='ltr'>non</span> <span class='ocrx_word' id='word_1_251' title='bbox 1382 1368 1495 1413; x_wconf 74' lang='lat' dir='ltr'>magni</span> <span class='ocrx_word' id='word_1_252' title='bbox 1517 1376 1625 1401; x_wconf 88' lang='lat' dir='ltr'>tamen</span> <span class='ocrx_word' id='word_1_253' title='bbox 1648 1363 1833 1400; x_wconf 79' lang='lat' dir='ltr'>faciendum</span> <span class='ocrx_word' id='word_1_254' title='bbox 1853 1361 1927 1404; x_wconf 69' lang='lat' dir='ltr'>esse,</span> 
     </span>
     <span class='ocr_line' id='line_1_23' title="bbox 209 1413 1921 1466; baseline 0.002 -17"><span class='ocrx_word' id='word_1_255' title='bbox 209 1414 347 1463; x_wconf 82' lang='lat' dir='ltr'>desuper</span> <span class='ocrx_word' id='word_1_256' title='bbox 375 1413 541 1450; x_wconf 85' lang='lat' dir='ltr'>consultus</span> <span class='ocrx_word' id='word_1_257' title='bbox 574 1416 687 1451; x_wconf 85' lang='lat' dir='ltr'>litteris</span> <span class='ocrx_word' id='word_1_258' title='bbox 713 1429 769 1452; x_wconf 87' lang='lat' dir='ltr'>me</span> <span class='ocrx_word' id='word_1_259' title='bbox 797 1417 926 1453; x_wconf 82' lang='lat' dir='ltr'>edocuit</span> <span class='ocrx_word' id='word_1_260' title='bbox 949 1418 997 1454; x_wconf 86' lang='lat' dir='ltr'>lll.</span> <span class='ocrx_word' id='word_1_261' title='bbox 1014 1418 1194 1456; x_wconf 63' lang='lat' dir='ltr'>Gesslerus,</span> <span class='ocrx_word' id='word_1_262' title='bbox 1227 1416 1373 1453; x_wconf 75' lang='lat' dir='ltr'>eiusdem</span> <span class='ocrx_word' id='word_1_263' title='bbox 1393 1415 1525 1454; x_wconf 72' lang='lat' dir='ltr'>scholae</span> <span class='ocrx_word' id='word_1_264' title='bbox 1548 1415 1617 1453; x_wconf 83' lang='lat' dir='ltr'>fere</span> <span class='ocrx_word' id='word_1_265' title='bbox 1639 1429 1696 1466; x_wconf 86' lang='lat' dir='ltr'>per</span> <span class='ocrx_word' id='word_1_266' title='bbox 1719 1416 1921 1461; x_wconf 71' lang='lat' dir='ltr'>decennium¹</span> 
     </span>
     <span class='ocr_line' id='line_1_24' title="bbox 208 1466 740 1516; baseline -0.002 -12"><span class='ocrx_word' id='word_1_267' title='bbox 208 1480 295 1504; x_wconf 87' lang='lat' dir='ltr'>nunc</span> <span class='ocrx_word' id='word_1_268' title='bbox 311 1469 482 1502; x_wconf 81' lang='lat' dir='ltr'>Gothanae</span> <span class='ocrx_word' id='word_1_269' title='bbox 499 1466 571 1502; x_wconf 91' lang='lat' dir='ltr'>bibl.</span> <span class='ocrx_word' id='word_1_270' title='bbox 589 1470 740 1516; x_wconf 81' lang='lat' dir='ltr'>ephorus.</span> 
     </span>
    </p>
   </div>
   <div class='ocr_carea' id='block_1_8' title="bbox 210 1532 1925 1625">
    <p class='ocr_par' dir='ltr' id='par_1_8' title="bbox 210 1532 1925 1625">
     <span class='ocr_line' id='line_1_25' title="bbox 313 1532 1925 1585; baseline 0.001 -14"><span class='ocrx_word' id='word_1_271' title='bbox 313 1535 482 1571; x_wconf 70' lang='lat' dir='ltr'>conradus</span> <span class='ocrx_word' id='word_1_272' title='bbox 497 1535 621 1569; x_wconf 76' lang='lat' dir='ltr'>Daniel</span> <span class='ocrx_word' id='word_1_273' title='bbox 631 1536 747 1576; x_wconf 68' lang='lat' dir='ltr'>Frick,</span> <span class='ocrx_word' id='word_1_274' title='bbox 775 1533 858 1585; x_wconf 89' lang='lat' dir='ltr'>Lips.</span> <span class='ocrx_word' id='word_1_275' title='bbox 879 1540 967 1582; x_wconf 81' lang='lat'>1692.</span> <span class='ocrx_word' id='word_1_276' title='bbox 983 1540 1016 1572; x_wconf 90' lang='lat' dir='ltr'>in</span> <span class='ocrx_word' id='word_1_277' title='bbox 1033 1548 1062 1580; x_wconf 83' lang='grc'>4.</span> <span class='ocrx_word' id='word_1_278' title='bbox 1084 1535 1185 1572; x_wconf 88' lang='lat' dir='ltr'>edidit</span> <span class='ocrx_word' id='word_1_279' title='bbox 1207 1535 1472 1573; x_wconf 63' lang='lat' dir='ltr'>exercitationem</span> <span class='ocrx_word' id='word_1_280' title='bbox 1494 1535 1681 1572; x_wconf 86' lang='lat' dir='ltr'>historicam</span> <span class='ocrx_word' id='word_1_281' title='bbox 1701 1537 1737 1571; x_wconf 87' lang='lat' dir='ltr'>in</span> <span class='ocrx_word' id='word_1_282' title='bbox 1759 1532 1925 1573; x_wconf 82' lang='lat' dir='ltr'>Flau.10s.</span> 
     </span>
     <span class='ocr_line' id='line_1_26' title="bbox 210 1585 664 1625; baseline -0.007 0"><span class='ocrx_word' id='word_1_283' title='bbox 210 1586 437 1625; x_wconf 76' lang='lat' dir='ltr'>testimonium</span> <span class='ocrx_word' id='word_1_284' title='bbox 462 1585 500 1621; x_wconf 88' lang='lat' dir='ltr'>de</span> <span class='ocrx_word' id='word_1_285' title='bbox 520 1586 664 1622; x_wconf 80' lang='lat' dir='ltr'>Christo.</span> 
     </span>
    </p>
   </div>
   <div class='ocr_carea' id='block_1_9' title="bbox 313 1653 1926 1704">
    <p class='ocr_par' dir='ltr' id='par_1_9' title="bbox 313 1653 1926 1704">
     <span class='ocr_line' id='line_1_27' title="bbox 313 1653 1926 1704; baseline 0.001 -15"><span class='ocrx_word' id='word_1_286' title='bbox 313 1656 446 1689; x_wconf 71' lang='lat' dir='ltr'>Iambus</span> <span class='ocrx_word' id='word_1_287' title='bbox 472 1654 677 1694; x_wconf 71' lang='lat' dir='ltr'>Grmzouius,</span> <span class='ocrx_word' id='word_1_288' title='bbox 713 1666 794 1697; x_wconf 73' lang='lat'>1712.</span> <span class='ocrx_word' id='word_1_289' title='bbox 819 1653 972 1702; x_wconf 79' lang='lat' dir='ltr'>Lugduni</span> <span class='ocrx_word' id='word_1_290' title='bbox 993 1656 1101 1690; x_wconf 84' lang='lat' dir='ltr'>Batau.</span> <span class='ocrx_word' id='word_1_291' title='bbox 1130 1655 1268 1690; x_wconf 79' lang='lat' dir='ltr'>Decreta</span> <span class='ocrx_word' id='word_1_292' title='bbox 1290 1654 1445 1690; x_wconf 78' lang='lat' dir='ltr'>Romana</span> <span class='ocrx_word' id='word_1_293' title='bbox 1466 1664 1496 1690; x_wconf 89' lang='lat' dir='ltr'>et</span> <span class='ocrx_word' id='word_1_294' title='bbox 1511 1654 1646 1691; x_wconf 74' lang='lat' dir='ltr'>Asiatica</span> <span class='ocrx_word' id='word_1_295' title='bbox 1667 1668 1730 1704; x_wconf 90' lang='lat' dir='ltr'>pro</span> <span class='ocrx_word' id='word_1_296' title='bbox 1744 1653 1869 1691; x_wconf 85' lang='lat' dir='ltr'>Iudaeis</span> <span class='ocrx_word' id='word_1_297' title='bbox 1885 1655 1926 1692; x_wconf 82' lang='lat' dir='ltr'>ad</span> 
     </span>
    </p>
   </div>
   <div class='ocr_carea' id='block_1_10' title="bbox 210 1704 1927 1805">
    <p class='ocr_par' dir='ltr' id='par_1_10' title="bbox 210 1704 1927 1805">
     <span class='ocr_line' id='line_1_28' title="bbox 211 1704 1927 1756; baseline 0.002 -15"><span class='ocrx_word' id='word_1_298' title='bbox 211 1705 338 1741; x_wconf 88' lang='lat' dir='ltr'>cultum</span> <span class='ocrx_word' id='word_1_299' title='bbox 354 1706 455 1740; x_wconf 86' lang='lat' dir='ltr'>diuin.</span> <span class='ocrx_word' id='word_1_300' title='bbox 472 1718 529 1753; x_wconf 90' lang='lat' dir='ltr'>per</span> <span class='ocrx_word' id='word_1_301' title='bbox 544 1704 634 1740; x_wconf 79' lang='lat' dir='ltr'>Asiae</span> <span class='ocrx_word' id='word_1_302' title='bbox 649 1707 729 1740; x_wconf 86' lang='lat' dir='ltr'>min.</span> <span class='ocrx_word' id='word_1_303' title='bbox 747 1707 835 1741; x_wconf 85' lang='lat' dir='ltr'>vrbes</span> <span class='ocrx_word' id='word_1_304' title='bbox 850 1704 958 1742; x_wconf 86' lang='lat' dir='ltr'>secure</span> <span class='ocrx_word' id='word_1_305' title='bbox 974 1706 1165 1742; x_wconf 81' lang='lat' dir='ltr'>obeundum</span> <span class='ocrx_word' id='word_1_306' title='bbox 1183 1718 1244 1743; x_wconf 86' lang='lat' dir='ltr'>etc.</span> <span class='ocrx_word' id='word_1_307' title='bbox 1269 1706 1309 1742; x_wconf 89' lang='lat' dir='ltr'>de</span> <span class='ocrx_word' id='word_1_308' title='bbox 1329 1720 1397 1756; x_wconf 85' lang='lat' dir='ltr'>quo</span> <span class='ocrx_word' id='word_1_309' title='bbox 1416 1709 1579 1743; x_wconf 89' lang='lat' dir='ltr'>Gronouii</span> <span class='ocrx_word' id='word_1_310' title='bbox 1601 1710 1635 1742; x_wconf 82' lang='lat' dir='ltr'>in</span> <span class='ocrx_word' id='word_1_311' title='bbox 1656 1706 1834 1756; x_wconf 79' lang='lat' dir='ltr'>Iosephum</span> <span class='ocrx_word' id='word_1_312' title='bbox 1857 1721 1927 1745; x_wconf 90' lang='lat' dir='ltr'>me-</span> 
     </span>
     <span class='ocr_line' id='line_1_29' title="bbox 210 1754 760 1805; baseline -0.004 -13"><span class='ocrx_word' id='word_1_313' title='bbox 210 1759 274 1792; x_wconf 82' lang='lat' dir='ltr'>rito</span> <span class='ocrx_word' id='word_1_314' title='bbox 299 1760 365 1792; x_wconf 86' lang='lat' dir='ltr'>iam</span> <span class='ocrx_word' id='word_1_315' title='bbox 389 1755 484 1805; x_wconf 85' lang='lat' dir='ltr'>supra</span> <span class='ocrx_word' id='word_1_316' title='bbox 506 1754 578 1790; x_wconf 78' lang='lat' dir='ltr'>suin</span> <span class='ocrx_word' id='word_1_317' title='bbox 595 1756 760 1805; x_wconf 83' lang='lat' dir='ltr'>loquutus.</span> 
     </span>
    </p>
   </div>
   <div class='ocr_carea' id='block_1_11' title="bbox 312 1821 1927 1872">
    <p class='ocr_par' dir='ltr' id='par_1_11' title="bbox 312 1821 1927 1872">
     <span class='ocr_line' id='line_1_30' title="bbox 312 1821 1927 1872; baseline 0.002 -14"><span class='ocrx_word' id='word_1_318' title='bbox 312 1825 360 1858; x_wconf 84' lang='lat' dir='ltr'>Ex</span> <span class='ocrx_word' id='word_1_319' title='bbox 382 1823 546 1863; x_wconf 73' lang='lat' dir='ltr'>Hermolai</span> <span class='ocrx_word' id='word_1_320' title='bbox 574 1824 729 1863; x_wconf 70' lang='lat' dir='ltr'>Barbari,</span> <span class='ocrx_word' id='word_1_321' title='bbox 753 1833 783 1858; x_wconf 90' lang='lat' dir='ltr'>et</span> <span class='ocrx_word' id='word_1_322' title='bbox 807 1824 969 1871; x_wconf 86' lang='lat' dir='ltr'>Scipi0nis</span> <span class='ocrx_word' id='word_1_323' title='bbox 994 1826 1232 1860; x_wconf 79' lang='lat' dir='ltr'>Catoromaclii</span> <span class='ocrx_word' id='word_1_324' title='bbox 1262 1825 1350 1859; x_wconf 73' lang='lat' dir='ltr'>libris</span> <span class='ocrx_word' id='word_1_325' title='bbox 1376 1821 1552 1872; x_wconf 81' lang='lat' dir='ltr'>descriptae</span> <span class='ocrx_word' id='word_1_326' title='bbox 1574 1824 1730 1860; x_wconf 58' lang='lat' dir='ltr'>lectiones</span> <span class='ocrx_word' id='word_1_327' title='bbox 1753 1824 1927 1862; x_wconf 69' lang='lat' dir='ltr'>Flauianae</span> 
     </span>
    </p>
   </div>
   <div class='ocr_carea' id='block_1_12' title="bbox 210 1874 1927 1976">
    <p class='ocr_par' dir='ltr' id='par_1_12' title="bbox 210 1874 1927 1976">
     <span class='ocr_line' id='line_1_31' title="bbox 210 1874 1927 1925; baseline 0.003 -16"><span class='ocrx_word' id='word_1_328' title='bbox 210 1874 331 1910; x_wconf 80' lang='lat' dir='ltr'>exstant</span> <span class='ocrx_word' id='word_1_329' title='bbox 348 1877 381 1908; x_wconf 89' lang='lat' dir='ltr'>in</span> <span class='ocrx_word' id='word_1_330' title='bbox 398 1874 471 1908; x_wconf 66' lang='lat' dir='ltr'>bibl.</span> <span class='ocrx_word' id='word_1_331' title='bbox 485 1874 646 1922; x_wconf 81' lang='lat' dir='ltr'>Lugduno</span> <span class='ocrx_word' id='word_1_332' title='bbox 664 1877 798 1918; x_wconf 80' lang='lat' dir='ltr'>Bataua3</span> <span class='ocrx_word' id='word_1_333' title='bbox 826 1889 902 1924; x_wconf 89' lang='lat' dir='ltr'>quas</span> <span class='ocrx_word' id='word_1_334' title='bbox 921 1887 1030 1911; x_wconf 80' lang='lat' dir='ltr'>tamen</span> <span class='ocrx_word' id='word_1_335' title='bbox 1043 1890 1120 1913; x_wconf 86' lang='lat' dir='ltr'>cum</span> <span class='ocrx_word' id='word_1_336' title='bbox 1137 1876 1253 1912; x_wconf 79' lang='lat' dir='ltr'>Flauio</span> <span class='ocrx_word' id='word_1_337' title='bbox 1277 1875 1389 1913; x_wconf 79' lang='lat' dir='ltr'>nostro</span> <span class='ocrx_word' id='word_1_338' title='bbox 1415 1876 1491 1925; x_wconf 78' lang='lat' dir='ltr'>quid</span> <span class='ocrx_word' id='word_1_339' title='bbox 1517 1890 1697 1913; x_wconf 84' lang='lat' dir='ltr'>commune</span> <span class='ocrx_word' id='word_1_340' title='bbox 1712 1877 1847 1921; x_wconf 81' lang='lat' dir='ltr'>habere,</span> <span class='ocrx_word' id='word_1_341' title='bbox 1872 1890 1927 1914; x_wconf 88' lang='lat' dir='ltr'>ne-</span> 
     </span>
     <span class='ocr_line' id='line_1_32' title="bbox 210 1923 799 1976; baseline 0 -15"><span class='ocrx_word' id='word_1_342' title='bbox 210 1936 264 1976; x_wconf 81' lang='lat' dir='ltr'>gat</span> <span class='ocrx_word' id='word_1_343' title='bbox 289 1927 509 1973; x_wconf 82' lang='lat' dir='ltr'>Haucrcamp.</span> <span class='ocrx_word' id='word_1_344' title='bbox 531 1923 664 1973; x_wconf 81' lang='lat' dir='ltr'>praefat.</span> <span class='ocrx_word' id='word_1_345' title='bbox 680 1939 754 1975; x_wconf 77' lang='lat' dir='ltr'>pag.</span> <span class='ocrx_word' id='word_1_346' title='bbox 772 1939 799 1970; x_wconf 83' lang='lat'>3.</span> 
     </span>
    </p>
   </div>
   <div class='ocr_carea' id='block_1_13' title="bbox 213 1991 1924 2196">
    <p class='ocr_par' dir='ltr' id='par_1_13' title="bbox 213 1991 1924 2196">
     <span class='ocr_line' id='line_1_33' title="bbox 315 1991 1924 2044; baseline 0.003 -17"><span class='ocrx_word' id='word_1_347' title='bbox 315 1995 344 2028; x_wconf 90' lang='lat' dir='ltr'>I.</span> <span class='ocrx_word' id='word_1_348' title='bbox 361 1996 427 2028; x_wconf 80' lang='lat' dir='ltr'>Iac.</span> <span class='ocrx_word' id='word_1_349' title='bbox 448 1993 531 2038; x_wconf 77' lang='lat' dir='ltr'>Hess</span> <span class='ocrx_word' id='word_1_350' title='bbox 554 1991 720 2027; x_wconf 85' lang='lat' dir='ltr'>sacrorum</span> <span class='ocrx_word' id='word_1_351' title='bbox 752 1991 838 2041; x_wconf 88' lang='lat' dir='ltr'>apud</span> <span class='ocrx_word' id='word_1_352' title='bbox 861 1993 1043 2040; x_wconf 82' lang='lat' dir='ltr'>Tigurinos</span> <span class='ocrx_word' id='word_1_353' title='bbox 1067 1995 1213 2035; x_wconf 75' lang='lat' dir='ltr'>antistes,</span> <span class='ocrx_word' id='word_1_354' title='bbox 1247 1993 1479 2037; x_wconf 75' lang='lat' dir='ltr'>bibliothecae,</span> <span class='ocrx_word' id='word_1_355' title='bbox 1521 2007 1620 2044; x_wconf 86' lang='lat' dir='ltr'>quam</span> <span class='ocrx_word' id='word_1_356' title='bbox 1645 1994 1796 2030; x_wconf 80' lang='lat' dir='ltr'>historiae</span> <span class='ocrx_word' id='word_1_357' title='bbox 1819 1992 1924 2032; x_wconf 71' lang='lat' dir='ltr'>sacrae</span> 
     </span>
     <span class='ocr_line' id='line_1_34' title="bbox 213 2042 1924 2094; baseline 0.002 -16"><span class='ocrx_word' id='word_1_358' title='bbox 213 2042 390 2085; x_wconf 71' lang='lat' dir='ltr'>dedicauit,</span> <span class='ocrx_word' id='word_1_359' title='bbox 426 2053 455 2079; x_wconf 89' lang='lat' dir='ltr'>et</span> <span class='ocrx_word' id='word_1_360' title='bbox 479 2046 598 2090; x_wconf 73' lang='lat' dir='ltr'>Tigum&#39;</span> <span class='ocrx_word' id='word_1_361' title='bbox 629 2057 706 2089; x_wconf 74' lang='lat'>¹791·</span> <span class='ocrx_word' id='word_1_362' title='bbox 731 2044 824 2079; x_wconf 82' lang='lat' dir='ltr'>edere</span> <span class='ocrx_word' id='word_1_363' title='bbox 851 2047 976 2092; x_wconf 87' lang='lat' dir='ltr'>coepit.</span> <span class='ocrx_word' id='word_1_364' title='bbox 1008 2046 1121 2080; x_wconf 86' lang='lat' dir='ltr'>locum</span> <span class='ocrx_word' id='word_1_365' title='bbox 1156 2047 1297 2094; x_wconf 71' lang='lat' dir='ltr'>aliquem</span> <span class='ocrx_word' id='word_1_366' title='bbox 1327 2043 1496 2094; x_wconf 82' lang='lat' dir='ltr'>specialem</span> <span class='ocrx_word' id='word_1_367' title='bbox 1520 2044 1658 2093; x_wconf 78' lang='lat' dir='ltr'>ioseplio</span> <span class='ocrx_word' id='word_1_368' title='bbox 1683 2050 1724 2081; x_wconf 91' lang='lat' dir='ltr'>ita</span> <span class='ocrx_word' id='word_1_369' title='bbox 1751 2045 1924 2092; x_wconf 79' lang='lat' dir='ltr'>dedicauit,</span> 
     </span>
     <span class='ocr_line' id='line_1_35' title="bbox 214 2094 1924 2145; baseline 0.001 -15"><span class='ocrx_word' id='word_1_370' title='bbox 214 2106 258 2137; x_wconf 73' lang='lat' dir='ltr'>vt,</span> <span class='ocrx_word' id='word_1_371' title='bbox 275 2095 376 2144; x_wconf 77' lang='lat' dir='ltr'>siquid</span> <span class='ocrx_word' id='word_1_372' title='bbox 393 2094 432 2130; x_wconf 89' lang='lat' dir='ltr'>ad</span> <span class='ocrx_word' id='word_1_373' title='bbox 449 2108 522 2130; x_wconf 87' lang='lat' dir='ltr'>eum</span> <span class='ocrx_word' id='word_1_374' title='bbox 538 2094 766 2130; x_wconf 72' lang='lat' dir='ltr'>illustrandum</span> <span class='ocrx_word' id='word_1_375' title='bbox 784 2094 913 2139; x_wconf 84' lang='lat' dir='ltr'>faceret,</span> <span class='ocrx_word' id='word_1_376' title='bbox 942 2098 1006 2132; x_wconf 89' lang='lat' dir='ltr'>hoc</span> <span class='ocrx_word' id='word_1_377' title='bbox 1021 2098 1099 2132; x_wconf 86' lang='lat' dir='ltr'>illue</span> <span class='ocrx_word' id='word_1_378' title='bbox 1115 2099 1190 2132; x_wconf 86' lang='lat' dir='ltr'>velit</span> <span class='ocrx_word' id='word_1_379' title='bbox 1203 2095 1332 2132; x_wconf 76' lang='lat' dir='ltr'>referre.</span> <span class='ocrx_word' id='word_1_380' title='bbox 1385 2097 1535 2132; x_wconf 88' lang='lat' dir='ltr'>Necdum</span> <span class='ocrx_word' id='word_1_381' title='bbox 1562 2109 1670 2132; x_wconf 87' lang='lat' dir='ltr'>tamen</span> <span class='ocrx_word' id='word_1_382' title='bbox 1687 2095 1850 2145; x_wconf 79' lang='lat' dir='ltr'>losepliini</span> <span class='ocrx_word' id='word_1_383' title='bbox 1868 2099 1924 2136; x_wconf 83' lang='lat' dir='ltr'>ali.</span> 
     </span>
     <span class='ocr_line' id='line_1_36' title="bbox 214 2146 1822 2196; baseline 0.002 -15"><span class='ocrx_word' id='word_1_384' title='bbox 214 2146 290 2195; x_wconf 83' lang='lat' dir='ltr'>quid</span> <span class='ocrx_word' id='word_1_385' title='bbox 307 2148 351 2181; x_wconf 84' lang='lat' dir='ltr'>ibi</span> <span class='ocrx_word' id='word_1_386' title='bbox 368 2149 569 2194; x_wconf 72' lang='lat' dir='ltr'>comparui13</span> <span class='ocrx_word' id='word_1_387' title='bbox 596 2149 724 2182; x_wconf 80' lang='lat' dir='ltr'>interim</span> <span class='ocrx_word' id='word_1_388' title='bbox 740 2146 881 2182; x_wconf 83' lang='lat' dir='ltr'>necdum</span> <span class='ocrx_word' id='word_1_389' title='bbox 896 2150 991 2183; x_wconf 82' lang='lat' dir='ltr'>etiam</span> <span class='ocrx_word' id='word_1_390' title='bbox 1009 2151 1091 2184; x_wconf 81' lang='lat' dir='ltr'>vltra</span> <span class='ocrx_word' id='word_1_391' title='bbox 1110 2150 1245 2184; x_wconf 82' lang='lat' dir='ltr'>alterum</span> <span class='ocrx_word' id='word_1_392' title='bbox 1264 2150 1421 2184; x_wconf 80' lang='lat' dir='ltr'>volumen</span> <span class='ocrx_word' id='word_1_393' title='bbox 1439 2148 1643 2196; x_wconf 64' lang='lat' dir='ltr'>progretl&#39;um</span> <span class='ocrx_word' id='word_1_394' title='bbox 1665 2162 1746 2196; x_wconf 83' lang='lat' dir='ltr'>opus</span> <span class='ocrx_word' id='word_1_395' title='bbox 1767 2148 1822 2185; x_wconf 86' lang='lat' dir='ltr'>est.</span> 
     </span>
    </p>
   </div>
   <div class='ocr_carea' id='block_1_14' title="bbox 209 2212 1923 2513">
    <p class='ocr_par' dir='ltr' id='par_1_14' title="bbox 209 2212 1923 2473">
     <span class='ocr_line' id='line_1_37' title="bbox 315 2212 1922 2265; baseline 0.005 -20"><span class='ocrx_word' id='word_1_396' title='bbox 315 2213 361 2246; x_wconf 87' lang='lat' dir='ltr'>Io.</span> <span class='ocrx_word' id='word_1_397' title='bbox 378 2214 470 2248; x_wconf 62' lang='lat' dir='ltr'>Frid.</span> <span class='ocrx_word' id='word_1_398' title='bbox 491 2214 640 2253; x_wconf 73' lang='lat' dir='ltr'>Hirtius,</span> <span class='ocrx_word' id='word_1_399' title='bbox 669 2213 768 2248; x_wconf 88' lang='lat' dir='ltr'>theol.</span> <span class='ocrx_word' id='word_1_400' title='bbox 787 2212 873 2260; x_wconf 88' lang='lat' dir='ltr'>prof.</span> <span class='ocrx_word' id='word_1_401' title='bbox 888 2219 983 2262; x_wconf 81' lang='lat' dir='ltr'>prim.</span> <span class='ocrx_word' id='word_1_402' title='bbox 1000 2214 1083 2264; x_wconf 83' lang='lat' dir='ltr'>apud</span> <span class='ocrx_word' id='word_1_403' title='bbox 1102 2216 1330 2265; x_wconf 77' lang='lat' dir='ltr'>VVittemberg.</span> <span class='ocrx_word' id='word_1_404' title='bbox 1348 2224 1430 2259; x_wconf 82' lang='lat'>¹781.</span> <span class='ocrx_word' id='word_1_405' title='bbox 1456 2219 1489 2251; x_wconf 90' lang='lat' dir='ltr'>in</span> <span class='ocrx_word' id='word_1_406' title='bbox 1507 2229 1535 2257; x_wconf 82' lang='grc'>4.</span> <span class='ocrx_word' id='word_1_407' title='bbox 1558 2214 1659 2250; x_wconf 82' lang='lat' dir='ltr'>edidit</span> <span class='ocrx_word' id='word_1_408' title='bbox 1673 2215 1922 2254; x_wconf 81' lang='lat' dir='ltr'>meditationem</span> 
     </span>
     <span class='ocr_line' id='line_1_38' title="bbox 213 2261 1923 2316; baseline 0.005 -19"><span class='ocrx_word' id='word_1_409' title='bbox 213 2261 252 2297; x_wconf 86' lang='lat' dir='ltr'>de</span> <span class='ocrx_word' id='word_1_410' title='bbox 269 2266 364 2299; x_wconf 68' lang='lat' dir='ltr'>terrio</span> <span class='ocrx_word' id='word_1_411' title='bbox 379 2265 505 2312; x_wconf 83' lang='lat' dir='ltr'>templo</span> <span class='ocrx_word' id='word_1_412' title='bbox 524 2263 841 2307; x_wconf 70' lang='lat' dir='ltr'>Hierosolymitano,</span> <span class='ocrx_word' id='word_1_413' title='bbox 858 2278 914 2312; x_wconf 83' lang='lat' dir='ltr'>per</span> <span class='ocrx_word' id='word_1_414' title='bbox 930 2266 1153 2301; x_wconf 76' lang='lat' dir='ltr'>testimonium</span> <span class='ocrx_word' id='word_1_415' title='bbox 1169 2268 1271 2303; x_wconf 81' lang='lat' dir='ltr'>Flauii</span> <span class='ocrx_word' id='word_1_416' title='bbox 1291 2266 1346 2303; x_wconf 68' lang='lat' dir='ltr'>ios.</span> <span class='ocrx_word' id='word_1_417' title='bbox 1364 2267 1452 2303; x_wconf 85' lang='lat' dir='ltr'>haud</span> <span class='ocrx_word' id='word_1_418' title='bbox 1468 2268 1626 2316; x_wconf 78' lang='lat' dir='ltr'>probato,</span> <span class='ocrx_word' id='word_1_419' title='bbox 1653 2280 1746 2315; x_wconf 75' lang='lat' dir='ltr'>quae,</span> <span class='ocrx_word' id='word_1_420' title='bbox 1775 2271 1816 2302; x_wconf 93' lang='lat' dir='ltr'>vti</span> <span class='ocrx_word' id='word_1_421' title='bbox 1832 2279 1863 2303; x_wconf 89' lang='lat' dir='ltr'>et</span> <span class='ocrx_word' id='word_1_422' title='bbox 1876 2268 1923 2305; x_wconf 75' lang='lat' dir='ltr'>al·</span> 
     </span>
     <span class='ocr_line' id='line_1_39' title="bbox 213 2313 1920 2367; baseline 0.005 -20"><span class='ocrx_word' id='word_1_423' title='bbox 213 2323 278 2348; x_wconf 83' lang='lat' dir='ltr'>tera</span> <span class='ocrx_word' id='word_1_424' title='bbox 293 2313 467 2350; x_wconf 61' lang='lat' dir='ltr'>dissertatio</span> <span class='ocrx_word' id='word_1_425' title='bbox 484 2315 524 2350; x_wconf 86' lang='lat' dir='ltr'>de</span> <span class='ocrx_word' id='word_1_426' title='bbox 542 2318 708 2350; x_wconf 82' lang='lat' dir='ltr'>Vaticinio</span> <span class='ocrx_word' id='word_1_427' title='bbox 728 2318 932 2364; x_wconf 78' lang='lat' dir='ltr'>Haggaei-ll.</span> <span class='ocrx_word' id='word_1_428' title='bbox 949 2331 980 2362; x_wconf 89' lang='lat'>9.</span> <span class='ocrx_word' id='word_1_429' title='bbox 997 2319 1036 2352; x_wconf 81' lang='lat' dir='ltr'>ad</span> <span class='ocrx_word' id='word_1_430' title='bbox 1056 2316 1261 2364; x_wconf 70' lang='lat' dir='ltr'>splendorem</span> <span class='ocrx_word' id='word_1_431' title='bbox 1283 2318 1442 2367; x_wconf 76' lang='lat' dir='ltr'>insignem</span> <span class='ocrx_word' id='word_1_432' title='bbox 1465 2319 1591 2367; x_wconf 84' lang='lat' dir='ltr'>templo</span> <span class='ocrx_word' id='word_1_433' title='bbox 1611 2317 1859 2363; x_wconf 80' lang='lat' dir='ltr'>Hierosolymit.</span> <span class='ocrx_word' id='word_1_434' title='bbox 1882 2321 1920 2356; x_wconf 81' lang='lat' dir='ltr'>ab</span> 
     </span>
     <span class='ocr_line' id='line_1_40' title="bbox 210 2365 1920 2417; baseline 0.004 -18"><span class='ocrx_word' id='word_1_435' title='bbox 210 2365 346 2400; x_wconf 76' lang='lat' dir='ltr'>Herode</span> <span class='ocrx_word' id='word_1_436' title='bbox 362 2369 411 2401; x_wconf 80' lang='lat' dir='ltr'>M.</span> <span class='ocrx_word' id='word_1_437' title='bbox 431 2378 580 2414; x_wconf 67' lang='lat' dir='ltr'>tempore</span> <span class='ocrx_word' id='word_1_438' title='bbox 597 2366 714 2402; x_wconf 70' lang='lat' dir='ltr'>Christi</span> <span class='ocrx_word' id='word_1_439' title='bbox 738 2367 885 2402; x_wconf 82' lang='lat' dir='ltr'>additum</span> <span class='ocrx_word' id='word_1_440' title='bbox 911 2381 979 2403; x_wconf 86' lang='lat' dir='ltr'>non</span> <span class='ocrx_word' id='word_1_441' title='bbox 1003 2368 1244 2416; x_wconf 69' lang='lat' dir='ltr'>restringendo,</span> <span class='ocrx_word' id='word_1_442' title='bbox 1273 2371 1393 2406; x_wconf 71' lang='lat' dir='ltr'>exstant</span> <span class='ocrx_word' id='word_1_443' title='bbox 1411 2373 1443 2406; x_wconf 91' lang='lat' dir='ltr'>in</span> <span class='ocrx_word' id='word_1_444' title='bbox 1467 2372 1533 2404; x_wconf 83' lang='lat' dir='ltr'>eius</span> <span class='ocrx_word' id='word_1_445' title='bbox 1555 2367 1715 2417; x_wconf 80' lang='lat' dir='ltr'>opusculis</span> <span class='ocrx_word' id='word_1_446' title='bbox 1738 2369 1920 2407; x_wconf 79' lang='lat' dir='ltr'>nouissimis</span> 
     </span>
     <span class='ocr_line' id='line_1_41' title="bbox 209 2419 1629 2473; baseline 0.007 -23"><span class='ocrx_word' id='word_1_447' title='bbox 209 2423 393 2464; x_wconf 66' lang='lat' dir='ltr'>argumenti</span> <span class='ocrx_word' id='word_1_448' title='bbox 409 2419 571 2461; x_wconf 60' lang='lat' dir='ltr'>historici,</span> <span class='ocrx_word' id='word_1_449' title='bbox 597 2421 772 2467; x_wconf 66' lang='lat' dir='ltr'>exegetici,</span> <span class='ocrx_word' id='word_1_450' title='bbox 797 2429 892 2469; x_wconf 72' lang='lat' dir='ltr'>atque</span> <span class='ocrx_word' id='word_1_451' title='bbox 909 2420 1105 2470; x_wconf 71' lang='lat' dir='ltr'>theologici,</span> <span class='ocrx_word' id='word_1_452' title='bbox 1131 2433 1212 2470; x_wconf 84' lang='lat' dir='ltr'>quae</span> <span class='ocrx_word' id='word_1_453' title='bbox 1228 2429 1315 2468; x_wconf 80' lang='lat'>1783.</span> <span class='ocrx_word' id='word_1_454' title='bbox 1330 2424 1364 2459; x_wconf 92' lang='lat' dir='ltr'>in</span> <span class='ocrx_word' id='word_1_455' title='bbox 1380 2435 1410 2467; x_wconf 81' lang='lat'>4.</span> <span class='ocrx_word' id='word_1_456' title='bbox 1427 2421 1629 2473; x_wconf 74' lang='lat' dir='ltr'>prodierunt·</span> 
     </span>
    </p>

    <p class='ocr_par' dir='ltr' id='par_1_15' title="bbox 1785 2476 1921 2513">
     <span class='ocr_line' id='line_1_42' title="bbox 1785 2476 1921 2513; baseline -0.015 0"><span class='ocrx_word' id='word_1_457' title='bbox 1785 2476 1921 2513; x_wconf 80' lang='lat' dir='ltr'>Carolus</span> 
     </span>
    </p>
   </div>
  </div>
 </body>
</html>
