2013 2725
235 147 297 188 346
375 143 446 180 Lib.
459 140 564 178 IV.c.
577 139 731 177 XVIII.
835 138 973 177 CODD.
1006 138 1147 175 MSSTI
1179 138 1359 176 LVCIANI

542 237 601 272 III.
659 233 800 272 Codd.
841 237 984 270 mssts·
1026 242 1072 271 et
1112 235 1378 270 editiones
1416 234 1642 271 Luciam:

338 317 499 362 [Primum
526 313 611 349 codd.
632 320 767 354 iussim,
794 324 935 360 quorum
959 314 1107 347 notitiam
1129 314 1297 360 acquirere
1321 314 1432 361 potui,
1457 313 1567 359 paucis
1589 310 1758 347 indicabo:
1783 311 1959 360 Montflur.

235 368 304 402 eom*
328 366 402 401 bibl.
427 366 574 402 biblioth.
596 365 706 401 MSSt.
727 367 802 413 quia
822 362 907 406 dux,
932 377 1002 400 non
1023 363 1150 413 semper
1171 374 1297 407 certus,
1323 364 1362 398 ab
1384 363 1454 399 aliis
1472 365 1599 412 agnitus
1619 362 1681 404 est,
1706 364 1759 399 hie
1780 361 1959 400 exscribere

235 431 306 456 non
328 418 427 454 lubet.

342 485 382 520 V
380 487 520 519 aticmtos
546 493 608 520 tres
634 479 730 519 codd.
752 478 890 529 inspexit
913 481 1126 531 Io.]11affim;
1176 481 1216 518 de
1244 482 1357 532 quibus
1381 481 1445 517 vid.
1462 483 1586 518 Raitzii
1605 479 1741 532 praefat.
1768 480 1808 518 ad
1830 491 1917 518 tom.
1929 483 1955 519 I.

233 548 308 586 pag.
325 538 434 571 XVIII
450 535 494 586 sq.

340 604 478 649 Neapoli
501 604 535 637 in
559 601 634 638 bibl.
657 604 746 649 regia
770 599 842 637 cod.
868 603 1005 636 chartac.
1030 598 1107 636 saec.
1125 599 1211 636 XIV.
1239 603 1369 637 Lucimn'
1390 600 1524 648 dialogi.
1550 622 1600 628 —
1628 611 1697 637 tum
1719 600 1793 637 cod.
1814 601 1954 636 chartae.

234 652 316 691 saec.
334 656 423 691 XIV.
441 654 530 690 Luc.
554 653 594 688 de
616 652 811 692 Herodot03
838 652 983 687 eiusdem
1006 654 1120 688 Zeuxis
1145 652 1210 688 sine
1236 655 1434 694 Antiochus,
1462 652 1701 693 Harmonides,
1727 665 1789 701 pro
1812 666 1871 694 eo,
1899 655 1954 701 qui

236 709 320 742 inter
341 705 547 741 salutandum
571 705 670 740 verbo
694 702 798 751 lapsus
821 714 905 745 erat,
934 705 1082 751 Fugitiui.
1109 726 1159 732 -
1193 707 1307 740 Ibt‘dem
1328 709 1359 740 in
1383 704 1456 739 bibl.
1474 702 1699 752 Auguwneus.
1718 705 1757 739 ad
1773 705 1953 740 Carbones.

235 759 316 793 Luc.
335 757 375 793 de
397 757 584 800 saltatione,
608 755 684 791 cod.
703 756 804 792 chart.
825 753 904 790 saec.
924 757 994 792 XV.
1020 777 1071 783 —-
1097 759 1230 793 Timon
1245 768 1276 793 et
1291 756 1410 806 dialogi
1429 766 1657 799 mortuorum,
1682 757 1754 793 cod.
1772 755 1957 792 membran.
2000 762 2002 764 ’

214 799 219 801 ”
234 807 314 846 saec.
332 811 422 845 XIII.

337 879 376 913 In
396 875 543 912 biblioth.
559 875 744 925 Mutinenfi,
771 877 848 912 Luc.
868 874 1027 925 quaedam
1049 874 1122 912 cod.
1146 874 1225 913 saec.
1242 877 1281 912 X.
1299 875 1482 912 membran.
1511 874 1575 913 vid.
1589 874 1768 921 Monffauc.
1787 872 1866 909 diat.
1889 871 1954 908 ital.
1999 889 2002 893 ·

231 941 307 977 pag.
325 940 374 971 33.
1947 958 1950 959 γ

337 996 520 1031 Florentiae
544 997 576 1030 in
599 994 750 1030 biblioth.
770 993 812 1031 B.
829 995 978 1035 Mariae,
1005 997 1084 1031 Luc.
1110 994 1182 1030 Iibr.
1205 995 1394 1042 oc‘loginta,
1417 993 1489 1029 cod.
1511 995 1716 1042 perantiquus
1737 990 1816 1028 saec.
1833 993 1872 1028 X.
1899 988 1956 1028 sed
1982 996 1987 999 ’

234 1044 365 1082 sarcitus
389 1047 584 1097 plerumque
612 1061 712 1082 manu
733 1051 933 1088 recentiore,
961 1058 992 1082 et
1015 1046 1090 1084 cod.
1115 1049 1254 1083 membr.
1278 1060 1344 1082 rec.
1376 1048 1452 1080 Luc.
1470 1049 1557 1093 Opp.
1580 1048 1741 1095 incipiunt
1759 1046 1798 1080 ab
1815 1046 1953 1093 Hippia,

234 1098 383 1134 desinunt
408 1101 442 1134 in
466 1099 700 1145 Halcyonem,
735 1098 809 1133 teste
835 1100 1021 1145 Illontfauc.
1046 1099 1068 1135 l.
1090 1113 1118 1134 c.
1144 1112 1217 1148 pag.
1234 1100 1305 1140 368.
1329 1119 1379 1124 —
1406 1099 1441 1132 In
1465 1098 1542 1132 bibl.
1565 1099 1721 1133 Laurens.
1740 1098 1854 1134 Medic.
1877 1094 1953 1131 teste

233 1151 420 1191 Βαηιίίηἰο,
447 1150 541 1186 catal.
560 1150 656 1185 codd.
673 1163 721 1197 gr.
745 1162 826 1185 tom.
843 1153 864 1185 1.
880 1164 908 1198 p.
925 1163 997 1195 509.
1021 1149 1094 1186 cod.
1115 1153 1204 1185 chart
1237 1152 1269 1184 in
1285 1161 1314 1192 4.
1331 1150 1413 1183 XIII.
1437 1149 1515 1197 plut.
1533 1151 1588 1184 XI.
1617 1151 1694 1184 Luc.
1710 1150 1824 1184 XVIII.
1842 1144 1957 1195 opusc.
1975 1173 1978 1177 .
2012 1158 2013 1183 3

232 1212 265 1238 et
289 1216 337 1238 nr.
355 1204 453 1237 XXII.
482 1200 601 1249 fragm.
630 1200 811 1237 Piscatoris.
838 1223 890 1229 -—
918 1213 999 1237 tom.
1017 1204 1055 1237 II.
1076 1215 1149 1251 pag.
1169 1213 1220 1246 137
1240 1199 1309 1249 sqq.
1332 1199 1404 1234 cod.
1430 1214 1586 1250 papyrac.
1608 1199 1687 1236 saec.
1705 1202 1793 1236 XIV.
1822 1198 1953 1235 scholiis
1988 1213 1990 1215 ’
2012 1227 2013 1231 ,

232 1254 404 1290 nonnullis
425 1256 530 1302 marg.
553 1251 719 1301 adsperfiS,
751 1255 838 1287 XIII.
863 1252 942 1302 plur.
960 1265 1005 1296 32.
1026 1267 1076 1289 nr.
1095 1267 1108 1288 1
1129 1267 1229 1299 —39.
1254 1252 1375 1300 dialogi
1393 1265 1437 1296 35.
1462 1264 1623 1299 praeterea
1644 1253 1716 1288 dial.
1740 1262 1952 1288 mortuorum

232 1303 396 1348 deorum,
423 1307 540 1340 marini
554 1315 586 1339 et
601 1307 786 1340 meretricii.
801 1326 851 1332 —-
868 1304 941 1339 cod.
958 1307 1059 1341 chart.
1077 1303 1154 1340 saec.
1171 1307 1256 1339 XVI.
1273 1307 1306 1338 in
1325 1317 1359 1347 4.
1389 1305 1532 1339 Phalaris
1549 1315 1692 1352 vterque.
1709 1324 1760 1332 --
1785 1306 1858 1350 Pag.
1876 1305 1951 1338 206.
2010 1329 2013 1335 .

233 1354 463 1390 cod.XLVI11-
477 1357 557 1391 Plut.
573 1358 672 1390 XXII.
688 1357 789 1392 chart.
807 1359 840 1392 in
856 1355 977 1399 4.saec.
990 1359 1059 1391 XV.
1073 1356 1195 1405 dialogi
1212 1358 1314 1391 XIIII.
1335 1354 1473 1391 deorum
1490 1355 1565 1390 dial.
1580 1358 1693 1390 marin.
1709 1357 1763 1391 XI.
1787 1365 1951 1390 mortuor.

232 1408 307 1442 VII.
334 1427 380 1433 —
412 1408 482 1453 Pag.
501 1417 561 1448 331.
584 1406 658 1442 cod.
681 1409 778 1443 chart.
800 1410 833 1442 in
849 1420 881 1451 4.
913 1407 994 1443 saec.
1011 1411 1079 1445 XV.
1102 1409 1143 1441 X-
1164 1410 1245 1455 plut.
1265 1409 1361 1442 LVII.
1383 1410 1470 1443 varia
1493 1404 1604 1455 opusc.
1621 1419 1683 1452 57:
1702 1428 1754 1435 ——
1787 1408 1862 1454 Pag.
1882 1417 1950 1450 343.

231 1456 306 1493 cod.
324 1459 380 1493 VI.
406 1457 486 1506 plut.
506 1469 552 1500 57.
575 1456 648 1493 cod.
672 1458 772 1492 chart.
795 1460 828 1493 in
850 1470 879 1500 4.
909 1457 989 1493 saec.
1009 1461 1077 1494 XV.
1107 1457 1217 1507 opusc.
1236 1470 1291 1501 44.
1335 1478 1383 1485 --
1428 1461 1502 1506 Pag.
1520 1470 1587 1503 354.
1612 1458 1688 1493 cod.
1703 1458 1789 1492 XIII.
1809 1457 1892 1507 plut.
1907 1469 1950 1502 51.

230 1510 374 1546 membr.
398 1511 433 1544 in
448 1521 479 1550 4.
503 1506 583 1543 saec.
599 1510 687 1544 XIII.
715 1521 793 1543 cum
823 1507 923 1544 schol.
943 1523 1049 1558 marg.
1076 1508 1186 1558 opusc.
1202 1523 1251 1554 43.
1278 1530 1328 1536 —
1353 1511 1429 1557 Pag.
1446 1517 1516 1553 378.
1542 1509 1613 1545 cod.
1629 1511 1777 1546 XXVIII.
1799 1510 1883 1558 plut.
1898 1521 1948 1555 57.

230 1563 331 1597 chart.
348 1564 381 1596 in
394 1573 426 1604 4.
448 1558 527 1595 saec.
544 1561 613 1595 XV.
640 1573 715 1594 cum
732 1557 834 1596 schol.
851 1574 955 1609 marg.
974 1560 1100 1610 opusco
1118 1572 1172 1606 73.
1200 1558 1370 1609 praeniissa
1392 1561 1435 1596 est
1459 1562 1562 1597 breuis
1581 1564 1711 1597 Luciani
1737 1563 1818 1597 vita:
1845 1560 1950 1601 dIalo-

228 1625 351 1662 gorum
376 1623 485 1648 autem
511 1611 595 1648 ordo
616 1612 655 1646 ab
677 1611 766 1647 editis
786 1612 829 1647 est
852 1610 1005 1648 diuersus.
1057 1615 1109 1649 De
1123 1627 1192 1649 non
1211 1626 1333 1648 temere
1349 1611 1512 1648 credendo
1527 1615 1699 1648 calumniis
1716 1617 1748 1648 in
1765 1611 1838 1649 cod.
1854 1610 1948 1649 inser.

227 1665 273 1700 est
287 1665 363 1714 περὶ
379 1662 534 1711 οἱγνοιάς.
561 1683 610 1690 --
640 1666 715 1712 Pag.
731 1671 794 1706 331.
810 1663 883 1699 cod.
901 1666 1013 1700 XXIX.
1031 1667 1131 1700 chart.
1149 1669 1182 1700 in
1200 1677 1230 1709 4.
1254 1663 1331 1699 saec.
1350 1666 1422 1700 XV.
1449 1665 1524 1700 dial.
1547 1664 1684 1700 deorum
1702 1677 1751 1709 24.
1771 1667 1887 1700 marini
1905 1675 1948 1709 15.

228 1727 440 1752 mortuorum
457 1727 507 1760 30.
538 1715 716 1764 Menippus
740 1726 770 1750 et
791 1718 935 1751 Charon.
966 1736 1015 1744 -
1051 1721 1123 1764 Pag.
1144 1730 1209 1755 421·
1234 1714 1308 1751 cod.
1333 1718 1432 1751 chart.
1457 1716 1534 1751 saec.
1553 1719 1637 1752 XVI.
1662 1715 1722 1753 fol.
1756 1718 1947 1761 Tyrannus,
1984 1734 1986 1736 ·

226 1769 406 1815 :Menippus
422 1778 455 1803 et
469 1776 677 1802 mortuorum
695 1767 775 1802 dial.
791 1769 890 1803 XXX.
917 1767 1032 1803 ordine
1046 1779 1155 1803 tamen
1168 1769 1206 1802 ab
1221 1768 1312 1803 editis
1329 1767 1531 1816 aliquantum
1548 1766 1687 1803 diuerso.
1714 1788 1760 1793 —-
1791 1770 1863 1814 Pag.
1877 1779 1947 1809 423.

226 1819 301 1855 cod.
319 1821 414 1853 XLV.
439 1821 539 1854 chart.
566 1816 642 1852 saec.
659 1820 727 1852 XV.
749 1821 780 1852 in
794 1832 824 1862 4.
858 1821 1143 1867 Tragopodagra7
1170 1823 1307 1866 Ocypus
1331 1832 1405 1853 com
1433 1830 1649 1866 argumento,
1681 1820 1828 1862 Cynicus
1851 1831 1884 1854 et
1905 1817 1946 1854 de

224 1871 284 1906 dea
306 1873 407 1916 Syria.
435 1891 488 1897 —
515 1872 590 1918 Pag.
608 1882 674 1914 425.
699 1869 772 1904 cod.
790 1872 900 1904 XLVI.
932 1874 1030 1905 chart.
1061 1869 1140 1905 saec.
1158 1871 1226 1907 XV.
1251 1872 1286 1904 in
1302 1877 1334 1909 8.
1363 1867 1530 1906 sermones
1549 1884 1594 1915 ¹7·
1619 1870 1692 1905 dial.
1715 1882 1877 1906 mortuor.
1892 1882 1942 1913 30.

223 1926 342 1958 marini
360 1935 402 1967 15.
427 1921 567 1957 deorum
585 1934 630 1965 25.
665 1943 716 1949 ·-—
751 1924 822 1968 Pag.
844 1935 911 1965 433.
939 1921 1092 1968 opuscula
1120 1924 1214 1957 varia.
1248 1942 1295 1947 —-
1328 1923 1403 1969 Pag.
1422 1929 1493 1966 487.
1519 1921 1591 1957 cod.
1609 1925 1632 1957 I.
1655 1922 1735 1970 plut.
1753 1935 1802 1967 59.
1828 1935 1876 1956 nr.
1893 1934 1942 1964 43.

223 1984 255 2009 et
280 1984 362 2008 tom.
378 1976 432 2008 III.
455 1987 528 2021 pag.
546 1986 619 2016 207.
644 1972 716 2008 cod.
734 1975 834 2008 XVII.
861 1987 898 2007 nr
924 1987 950 2017 7.
977 1975 1055 2022 plur.
1072 1982 1124 2013 80.
1148 1987 1185 2007 ac
1205 1985 1278 2020 pag.
1293 1975 1360 2014 263.
1385 1974 1462 2021 plut.
1486 1981 1534 2016 85.
1557 1988 1605 2008 nr.
1621 1986 1671 2018 29.
1700 1976 1782 2009 inter
1805 1973 1942 2008 Platonis

224 2038 303 2073 opp.
324 2027 355 2058 in
376 2036 512 2072 vtroque
534 2025 646 2059 codice
671 2028 752 2059 tomi
777 2027 828 2060 III.
853 2027 1019 2069 Halcyon.
1047 2046 1095 2052 -—
1124 2026 1194 2060 cod.
1213 2027 1249 2059 X.
1277 2025 1355 2073 plut.
1375 2038 1424 2070 91.
1448 2039 1498 2061 nr.
1516 2037 1568 2061 20.
1591 2023 1771 2062 soloecissa.
1798 2046 1850 2053 —
1876 2025 1944 2060 Lu-

223 2078 332 2111 cianus
354 2078 469 2110 citatur
491 2079 522 2110 in
542 2077 717 2124 florilegio
741 2075 873 2112 sentem.
893 2090 975 2113 tom.
994 2081 1016 2113 1.
1035 2091 1108 2125 pag.
1125 2089 1197 2122 254.

326 2153 472 2187 Veneziis
496 2155 527 2186 in
549 2153 623 2186 bibl.
646 2154 687 2186 D.
709 2155 833 2193 Marci,
867 2152 1043 2188 secundum
1067 2154 1157 2188 catal.
1184 2166 1257 2203 pag.
1275 2166 1349 2198 209.
1373 2152 1447 2187 cod.
1463 2155 1714 2188 CCCCXXVII.
1739 2156 1838 2187 chart.
1861 2150 1941 2191 laec.
1970 2170 1979 2176 ⁸

221 2203 309 2239 XIV.
327 2205 359 2236 in
375 2210 404 2242 Β.
433 2206 481 2250 Ep
498 2204 594 2236 stolae
613 2201 801 2240 sttui-nale&
829 2205 868 2238 de
884 2220 949 2239 non
968 2216 1089 2240 temere
1105 2206 1268 2240 credendo
1286 2205 1466 2239 calumniae
1482 2216 1511 2237 et
1529 2208 1648 2251 patriae
1663 2217 1863 2241 mmmmm.
1890 2225 1941 2233 —-

217 2268 292 2305 pag.
312 2266 371 2289 211.
393 2255 465 2289 cod.
486 2255 741 2288 ccccxxxiv
761 2265 790 2288 et
810 2257 1063 2290 CCCCXXXV.
1088 2258 1269 2290 membran.
1293 2257 1434 2303 plurima
1459 2256 1587 2291 Luciani
1613 2267 1724 2304 opera.
1754 2276 1797 2282 -
1828 2270 1858 2304 p.
1875 2268 1938 2291 212.

218 2306 290 2341 cod.
319 2307 588 2340 ccccxxxv.
630 2307 729 2339 chart.
775 2303 850 2339 saec.
879 2308 960 2340 XIV.
1008 2311 1039 2342 in
1062 2320 1090 2349 4.
1133 2309 1273 2353 plurimi·
1310 2307 1529 2351 dialogorum.
1570 2328 1617 2333 —-
1665 2321 1739 2355 pag.
1757 2319 1818 2353 215.
1837 2303 1839 2305 μ
1861 2307 1937 2344 cod.

219 2358 517 2392 CCCQXXXVIII.
548 2358 646 2391 chart.
681 2354 758 2391 sar.
781 2359 863 2390 XIV.
896 2362 924 2391 in
951 2369 982 2394 R.
1025 2360 1164 2393 Phalaiis
1189 2364 1198 2395 l
1222 2371 1252 2394 et
1277 2360 1313 2392 II.
1348 2379 1396 2384 —
1439 2372 1510 2401 pag.
1527 2371 1591 2400 232.
1629 2362 1700 2394 cod.
1719 2361 1936 2396 CCCCXLV,

216 2411 353 2446 chartac.
377 2407 455 2445 laec.
472 2411 540 2444 XV.
564 2411 597 2443 in
623 2416 652 2449 8.
686 2412 804 2457 Iupiter
826 2409 998 2457 tragoedus
1021 2422 1052 2446 et
1074 2409 1277 2453 confutatus,
1319 2407 1483 2445 somnium
1513 2422 1543 2446 et
1568 2414 1846 2460 Icaromeffppus:
1887 2425 1935 2438 —·-

1770 2476 1843 2511 Pag·
1862 2468 1938 2509 ²782v
