2013 2725
228 183 292 220 450
343 171 415 209 Lib.
431 170 503 208 IV.
516 183 539 208 c.
552 167 661 210 XIX.
714 170 879 209 GALENI
912 172 1028 210 LIBRI
1063 172 1326 211 MANIFESTE
1361 173 1501 211 SPVRII

333 278 393 309 1¹3·
430 264 507 316 Περὶ
538 263 766 317 προγνώσεως.
817 269 872 304 De
898 270 1101 315 praenotione
1126 269 1213 305 liber.
1268 269 1321 305 Est
1345 273 1378 305 iu
1404 269 1477 306 edit.
1494 270 1653 306 Charterii
1682 282 1799 320 graece
1827 281 1858 307 et
1882 270 1942 308 lat.

230 327 315 354 toni.
332 319 419 353 Vlll.
441 331 512 366 pag.
530 328 608 364 890.
648 322 833 356 Charterius
858 324 1003 370 primum
1026 334 1065 356 ex
1087 323 1159 357 MS.
1179 321 1336 357 Parisinae
1356 323 1568 357 bibliothecae
1591 323 1678 370 publ.
1702 323 1809 358 edidit.
1855 325 1942 358 »Non

231 368 359 406 videtur
374 374 531 418 genuinus
549 371 662 406 Galeni
678 370 749 407 effe.
776 393 826 399 —
853 372 968 409 Codex
980 385 1117 421 graecus
1133 375 1242 408 Gali-ni
1262 373 1302 409 de
1318 377 1532 422 praenotione
1553 374 1651 410 exstat
1670 377 1752 410 inter
1773 373 1942 409 Voffianos

230 421 378 457 biblioth.
397 421 486 457 acad.
502 423 612 470 Lugd.
627 424 747 458 Batou.
772 423 835 459 vid.
859 426 950 460 catal.
973 424 1072 460 eiusd.
1095 425 1242 460 biblioth.
1268 438 1341 475 pag.
1359 438 1429 470 397.
1458 439 1506 461 nr.
1523 428 1619 461 XLV.
1652 446 1700 453 —
1739 428 1773 460 in
1797 423 1945 460 biblioth.

231 474 308 508 Diui
323 475 430 509 Marci
450 473 490 509 V
487 481 589 514 enata,
616 474 688 509 cod.
705 477 906 511 CCLXXXI.
921 476 1028 525 (catal.
1044 489 1120 527 pag.
1135 479 1216 523 136.)
1247 497 1299 504 —
1333 478 1472 522 Latinus
1496 477 1595 513 exstat
1616 479 1651 513 in
1671 478 1818 514 biblioth.
1832 489 1946 512 mona·

231 524 302 561 ster.
322 522 522 569 Gaybacens.
543 538 593 561 nr.
607 527 826 565 CCLXXXV.
847 525 907 565 fol.

332 612 394 648 114.
421 598 612 652 ΠξέῪνωσις
629 606 861 654 πεπωρωμένη
875 621 931 653 &qq
947 604 1169 649 παναλῆθης.
1223 604 1339 641 Galcni
1352 607 1476 640 omnino
1491 617 1567 642 vera
1587 613 1775 654 expertaque
1784 604 1947 654 praesagi.

233 654 290 688 tio.
339 654 378 687 In
400 653 476 688 edit.
493 656 653 690 Charterii
679 666 758 692 tom.
775 658 859 693 Vlll.
882 670 956 705 pag.
974 666 1047 704 895.
1073 671 1188 706 graece
1211 667 1243 692 et
1263 656 1363 692 latine
1383 670 1423 692 ex
1446 659 1517 694 MS.
1543 657 1687 695 biblioth.
1702 657 1789 707 publ.
1808 659 1947 708 Paristn.

233 703 290 739 Est
308 703 389 739 liber
404 708 543 741 omnino
560 706 665 742 malae
681 719 779 743 notae
793 722 830 743 ac
853 706 985 756 spurius.
1037 709 1091 744 Est
1114 712 1210 744 etiam
1236 710 1320 743 inter
1341 707 1465 757 spurios
1488 709 1638 745 editionis
1660 707 1814 758 septimae
1839 711 1949 744 lunta-

234 768 309 791 runi
325 754 383 792 fol.
402 767 452 802 45.
477 776 530 784 ——
557 758 672 793 Galem'
687 758 766 795 liber
781 758 822 795 de
835 758 1073 809 praesagitione
1089 761 1210 807 Georg.
1230 760 1330 797 Valla
1344 762 1516 810 interprete
1531 760 1655 811 prodiit
1675 775 1752 798 cum
1768 761 1837 797 aliis
1853 759 1948 796 Gale-

236 809 316 843 niet
333 806 427 844 alior.
447 810 602 844 Graecor.
630 810 744 846 Venet.
762 819 853 857 1498.
869 810 931 847 fol.
963 811 1055 848 Basil.
1074 824 1159 858 1542.
1174 816 1231 853 8.*

340 896 397 928 115.
424 884 503 935 Περὶ
521 885 781 935 φλεβοτομίαις.
838 888 891 923 De
914 887 1142 935 venaeseffione.
1193 889 1316 925 Graece
1343 897 1375 926 et
1395 888 1496 924 latine
1519 888 1621 925 exslat
1640 892 1675 925 in
1695 887 1770 924 edit.
1787 887 1950 923 Charterii

235 944 320 972 tom.
338 937 426 971 v111.
453 949 526 984 pag.
545 938 622 982 898.
646 951 687 973 ex
716 937 831 973 codice
858 938 1073 974 bibliothecae
1100 939 1189 988 publ.
1207 940 1379 988 Parfinac.
1437 939 1492 975 Est
1517 937 1656 990 spurius.
1713 938 1830 976 Paulus
1860 939 1952 975 enim

236 988 398 1036 Aegineta
410 990 444 1023 in
462 999 502 1022 eo
518 990 650 1028 citatur,
674 999 706 1025 et
719 999 869 1038 excerpta
882 1003 922 1026 ex
938 989 1065 1026 Galeno
1087 999 1214 1026 tantum
1237 992 1394 1027 continet.

338 1065 403 1099 116.
430 1064 511 1115 Περὶ
530 1068 774 1105 κατακλίσεως
795 1064 1017 1117 προγνωςικοὶ
1041 1070 1077 1106 ἔκ
1098 1068 1160 1111 τῆς
1182 1064 1439 1116 μαθηματικῆς
1457 1063 1632 1117 ima-ripam.
1684 1065 1897 1116 Prognostica
1914 1065 1954 1102 de

238 1115 384 1150 accubitu
398 1129 436 1150 ex
449 1118 667 1154 mathematica
673 1119 817 1166 fiientia.
844 1121 882 1154 111
895 1119 970 1155 edit.
991 1121 1155 1155 Charterii
1173 1130 1256 1155 toni.
1272 1121 1360 1156 vul.
1375 1133 1449 1169 pag.
1465 1133 1541 1166 901.
1567 1131 1681 1167 graece
1700 1128 1731 1154 et
1754 1119 1807 1154 lat.
1830 1118 1952 1154 exstant

239 1179 282 1203 ex
300 1165 373 1202 cod.
389 1168 462 1202 MS.
477 1167 692 1205 bibliothecae
706 1170 797 1219 publ.
813 1171 924 1219 Paris:
955 1170 1068 1206 Galeni
1090 1172 1402 1207 iatromathematica
1416 1173 1450 1206 in
1465 1171 1539 1206 cod.
1558 1171 1798 1206 CCCXXXVI.
1817 1170 1891 1205 bibl.
1909 1170 1952 1206 D.

239 1221 348 1255 Marci
363 1219 405 1254 V
402 1226 522 1259 anetae,
550 1221 656 1265 (catal.
672 1235 747 1270 pag.
765 1222 841 1267 155.)
875 1225 913 1257 ln
933 1220 1072 1271 septima
1086 1224 1208 1258 Iuntar.
1223 1225 1307 1258 inter
1321 1221 1445 1272 spurios
1467 1221 1528 1259 fol.
1545 1235 1604 1258 112.
1658 1223 1884 1271 interpretatus
1908 1218 1955 1256 est

240 1270 305 1317 Iqs.
321 1270 499 1312 Strutbius‚
526 1285 592 1321 quo
609 1274 783 1322 interprete
798 1275 929 1309 Iacobus
944 1274 1110 1309 Antonius
1126 1275 1342 1320 Marescottus
1358 1272 1467 1310 edidit.
1521 1273 1575 1309 Est
1590 1271 1762 1310 absurdum
1780 1286 1860 1322 opus
1876 1285 1957 1307 neo-
1976 1321 1979 1323 -

241 1322 373 1364 Graeci,
404 1324 437 1359 in
454 1323 590 1358 Arabica
610 1324 808 1373 astrologiae
826 1322 956 1360 scientia
978 1325 1154 1362 delirantis.
1190 1346 1242 1352 —
1282 1324 1399 1361 Codex
1417 1337 1554 1374 graecus
1574 1324 1619 1361 est
1638 1328 1673 1360 in
1697 1324 1844 1362 biblioth.
1860 1321 1955 1373 publ:

239 1373 350 1421 Partjss
365 1386 413 1409 nr.
429 1376 687 1411 MMCXXXIX.
715 1379 749 1411 in
766 1376 913 1412 biblioth.
930 1377 970 1412 V
968 1380 1103 1413 aticana.
1132 1375 1318 1416 Montfauc.
1334 1390 1411 1426 pag.
1431 1390 1476 1412 10.

344 1462 405 1494 ¹17-
432 1449 512 1501 Περὶ
528 1448 622 1502 ἕξων.
673 1453 727 1488 Dc
741 1455 845 1489 vrim's
862 1453 941 1489 liber
956 1453 1078 1489 Galeno
1092 1453 1283 1500 adscriptus.
1336 1452 1391 1488 Est
1411 1456 1445 1488 in
1467 1451 1587 1489 Aldina
1608 1461 1689 1502 part.
1702 1452 1758 1489 lv.
1777 1455 1862 1488 inter
1882 1449 1955 1502 spu.

240 1503 308 1537 rios
328 1498 389 1537 fol.
407 1514 456 1537 22.
482 1506 516 1538 in
537 1502 610 1538 edit.
627 1502 717 1539 Bafil.
739 1514 818 1553 part.
834 1505 889 1540 1v.
913 1517 1071 1554 pag-410·
1097 1508 1130 1539 in
1150 1503 1226 1541 edit.
1242 1507 1401 1541 charterii
1419 1515 1502 1541 tom.
1518 1507 1604 1541 Vm.
1625 1517 1697 1553 pag.
1712 1516 1779 1549 337.
1805 1507 1839 1540 in
1862 1501 1957 1554 septi·

241 1565 298 1589 ma
313 1554 483 1589 luntarum
499 1553 584 1591 class.
601 1557 656 1591 lV.
671 1553 730 1591 fol.
747 1569 810 1592 122.
864 1556 928 1592 Etsi
946 1556 1088 1592 Galenus
1104 1559 1137 1592 in
1155 1559 1264 1604 primo
1282 1560 1524 1592 commentario
1538 1559 1571 1592 in
1586 1558 1688 1605 Hipp.
1703 1556 1823 1592 librum
1839 1555 1880 1592 de
1895 1558 1955 1592 hu-

241 1605 390 1640 moribus
411 1602 536 1651 scribit,
560 1605 591 1642 se
612 1606 734 1643 librum
756 1607 796 1643 de
816 1609 915 1644 vrinis
939 1607 1111 1657 scripsisse,
1144 1610 1199 1644 hic
1227 1618 1340 1644 tamen
1362 1607 1404 1645 de
1432 1610 1549 1655 vrinis‚
1580 1610 1636 1658 qui
1666 1606 1772 1643 adhuc
1802 1605 1957 1658 superestg

244 1655 362 1691 Galeni
379 1660 539 1704 genuinus
553 1672 622 1694 non
637 1658 701 1701 est,
727 1658 782 1694 etfi
800 1659 914 1695 Galeni
929 1659 1112 1696 doctrinam
1128 1657 1235 1695 refert.
1274 1681 1326 1687 -
1363 1659 1479 1696 Codex
1499 1673 1634 1708 graecus·
1653 1659 1697 1696 est
1720 1662 1753 1695 in
1774 1660 1849 1696 bibl.
1863 1658 1956 1721 publ·

242 1707 355 1754 Paris.
372 1721 421 1743 nr.
442 1711 653 1746 MMCCLX.
681 1712 713 1747 iu
735 1710 880 1746 biblioth.
897 1712 1039 1747 Medicea
1056 1710 1136 1760 plut.
1156 1712 1299 1746 LXXIV.
1316 1713 1370 1747 bis.
1402 1711 1538 1747 Bandini
1557 1713 1611 1746 ΙΙΙ.
1635 1724 1708 1760 pag.
1725 1723 1787 1747 122.
1809 1723 1869 1755 131.
1893 1722 1955 1757 132.

241 1760 404 1807 Excerpta
421 1773 460 1795 ex
477 1760 603 1796 Galerio
618 1760 658 1796 de
674 1764 771 1797 vrinis
786 1759 859 1797 sunt
873 1764 906 1798 in
923 1761 1084 1799 Medicea.
1136 1764 1310 1798 Vrinarum
1327 1761 1443 1797 diuifio
1459 1763 1576 1799 Galeni
1597 1763 1642 1798 est
1660 1765 1692 1798 in
1710 1762 1856 1798 biblioth.
1872 1760 1958 1799 Bod.

241 1809 338 1846 leian.
352 1824 402 1846 nr.
419 1813 561 1847 CCLXl.
614 1814 729 1849 Galcni
744 1813 785 1849 de
798 1816 931 1863 optimis
946 1811 1121 1850 secundum
1145 1824 1295 1850 naturam
1317 1817 1414 1850 vrinis
1438 1815 1480 1850 est
1498 1818 1532 1850 in
1556 1814 1701 1850 biblioth.
1721 1814 1761 1849 V
1758 1812 1955 1862 indobonmfi

241 1875 369 1911 graece.
396 1861 460 1898 vid.
475 1862 515 1898 de
530 1862 635 1900 Nesscl
653 1875 729 1911 part.
748 1867 802 1900 ΠΙ.
817 1879 865 1901 nr.
884 1867 967 1901 XIX.
983 1880 1029 1902 10.
1045 1879 1117 1914 pag.
1134 1878 1184 1909 30.
1237 1866 1353 1901 Galeni
1370 1863 1508 1911 σύνοψις
1522 1867 1598 1916 περὶ
1617 1867 1678 1910 τῆς
1698 1867 1764 1904 τῶν
1785 1862 1869 1916 ἕξων
1883 1861 1956 1904 δια·

242 1915 360 1963 φοραῖς
374 1913 418 1949 est
433 1917 465 1949 in
483 1915 630 1952 biblioth.
645 1914 723 1951 caes.
744 1917 886 1953 Vindob.
902 1916 966 1953 vid.
982 1918 1021 1953 de
1036 1915 1142 1953 Nelsel
1158 1929 1237 1966 part.
1254 1921 1306 1952 ΙΙΙ.
1320 1931 1368 1953 nr.
1384 1920 1467 1954 ΧΙΧ.
1486 1930 1524 1954 11.
1542 1931 1615 1967 pag.
1629 1929 1679 1963 30.
1731 1916 1804 1953 Gal.
1829 1916 1870 1954 de
1891 1918 1956 1953 vri-

242 1968 293 2001 nis
311 1965 355 2000 est
371 1969 402 2000 in
418 1966 565 2001 biblioth.
582 1967 736 2015 Casinmgs
749 1966 937 2005 Montfauc.
956 1983 986 2018 p.
1004 1981 1074 2005 222.
1105 1989 1155 1996 -
1190 1967 1304 2005 Codex
1320 1971 1495 2012 hebraicus,
1517 1983 1554 2005 ex
1572 1970 1701 2005 arabico
1715 1966 1835 2013 versus,
1860 1968 1904 2005 est
1920 1970 1956 2005 in

243 2016 387 2052 biblioth.
406 2018 640 2064 Vindoboncns
656 2019 808 2056 Lambec.
827 2019 901 2055 edit.
918 2020 1038 2056 Kollar.
1058 2024 1080 2055 l.
1099 2033 1173 2068 pag.
1190 2032 1267 2066 290.
1295 2041 1345 2048 --
1376 2022 1493 2056 Galeni
1505 2020 1546 2056 de
1564 2024 1660 2057 vrinis
1675 2020 1776 2061 liber,
1803 2033 1862 2055 nec
1884 2032 1955 2057 non

243 2067 284 2103 de
298 2069 374 2103 boni
389 2077 419 2103 et
434 2070 511 2103 mali
530 2067 613 2104 succi
636 2071 712 2106 cibis
736 2072 832 2113 liber,
857 2082 888 2108 et
910 2071 950 2108 de
971 2071 1192 2115 hirudinibus,
1217 2071 1419 2115 revulsione,
1445 2073 1645 2109 cucurbitula
1668 2082 1700 2107 et
1720 2070 1956 2108 scarificatione

242 2119 381 2157 libellus.
412 2118 505 2155 Paris.
531 2120 617 2169 apud
639 2124 716 2157 Sim.
735 2123 929 2159 Colinaeum
942 2148 952 2162 ‚
978 2123 1045 2159 sme
1065 2137 1162 2160 anno.
1185 2130 1214 2166 8.
1239 2144 1287 2151 —-
1314 2127 1367 2160 An
1390 2127 1413 2159 is
1428 2124 1508 2160 liber
1523 2124 1562 2160 de
1578 2126 1676 2160 vrinis
1690 2124 1734 2159 est
1748 2125 1862 2159 Gelani
1877 2122 1955 2173 περὶ

242 2172 290 2211 τέ
304 2168 575 2220 ἐρογιγνῶσκειν,
600 2176 654 2220 qui
671 2174 788 2221 prodiit
807 2168 900 2210 Paris.
917 2174 1002 2224 apud
1018 2175 1224 2216 Morellum,
1250 2187 1335 2220 ¹550·
1350 2179 1392 2218 8?
1417 2196 1469 2203 -—
1492 2176 1611 2211 Prodiit
1625 2177 1722 2210 etiam
1739 2172 1888 2218 seorsim,
1913 2174 1955 2211 ab

241 2225 422 2260 innumeris
438 2222 564 2258 mendis
579 2236 787 2272 repurgatus,
814 2239 929 2274 graece
952 2238 983 2263 et
997 2227 1051 2262 lat.
1077 2225 1181 2262 studio
1197 2227 1355 2263 Salomon.
1372 2227 1508 2263 Albas-ti.
1544 2229 1608 2262 Vit.
1630 2230 1714 2271 1586.
1737 2228 1792 2267 8.*
1820 2247 1866 2253 —
1889 2228 1955 2262 La-

240 2278 311 2311 tina
334 2277 556 2324 interpretatio
577 2275 676 2312 exstat
698 2277 822 2323 losephi
838 2280 998 2318 struthii,
1026 2278 1163 2320 Poloni‚
1197 2290 1279 2327 quae
1300 2277 1515 2328 vtplurimum
1538 2278 1659 2328 legitur
1681 2281 1715 2313 in
1736 2278 1851 2314 Galeni
1873 2290 1953 2328 opp.

239 2325 359 2362 latinis.
410 2328 457 2361 Ea
473 2329 570 2362 etiam
584 2326 654 2363 vsus
670 2327 714 2364 est
728 2331 925 2365 Charterius.
952 2350 1001 2357 —
1029 2331 1141 2364 Leonis
1157 2330 1286 2376 Rogani
1302 2332 1336 2364 in
1350 2330 1463 2365 Galeni
1478 2330 1576 2367 libell.
1596 2330 1636 2366 de
1652 2329 1791 2378 pulfibus
1814 2329 1854 2365 ad
1878 2332 1955 2366 tiro.

239 2390 297 2413 nes
311 2381 577 2414 commentarius.
632 2381 707 2415 Aee.
721 2380 866 2415 eiusdem
880 2380 922 2415 de
936 2383 1034 2415 vrinis
1055 2380 1126 2415 libri
1144 2383 1198 2416 ΙΙΙ.
1222 2394 1262 2416 ex
1279 2383 1484 2429 Hippocrate
1509 2395 1539 2417 et
1559 2383 1685 2418 Galeno
1707 2381 1852 2417 colledli.
1889 2383 1952 2417 Ve-

239 2439 304 2469 net.
321 2439 402 2476 1575.
419 2434 478 2472 8.*
507 2441 594 2478 1597.
612 2435 672 2479 εξ
703 2452 756 2461 -
787 2433 849 2469 Fr.
863 2432 907 2470 V
901 2432 996 2483 allesti
1016 2435 1258 2482 commgntaria
1279 2434 1314 2470 in
1337 2434 1455 2482 Galerii
1474 2433 1594 2479 libros,
1626 2446 1709 2485 quos
1727 2431 1821 2482 saepe
1842 2434 1952 2475 citaui‚

1784 2486 1953 2523 continent
