2049 2720
24 110 237 151 v01.rv.p.'187
642 109 832 146 SCMPTA
866 106 1110 144 PORPHYRII
1231 109 1304 145 Lib.
1319 109 1390 145 I'V.
1405 122 1427 144 c.
1439 110 1563 146 XXX.

25 154 234 168 -ι--ι-

1671 122 1733 157 739

24 214 58 246 in
80 210 174 245 libros
189 210 228 244 11.
245 206 384 249 diuisus,
408 219 474 255 quo
490 203 622 240 subinde
637 205 845 240 Viclorinum
862 202 1075 252 reprehendit.
1126 201 1234 237 Exstat
1256 212 1286 238 et
1311 203 1542 239 alter-Boethii
1562 217 1732 242 commen-

24 264 121 298 tarius
142 264 174 295 in
198 257 287 295 suam
311 257 407 306 ipsius
429 256 608 293 versionem
632 256 704 291 libri
727 257 962 303 Porphyriani,
987 268 1086 303 quam
1108 252 1288 302 simplicem
1303 258 1406 303 magis
1429 266 1460 290 et
1480 256 1613 291 verbum
1631 259 1730 293 verbo

19 310 204 359 'expressam
229 308 430 358 composuit,
464 308 554 343 libris
577 310 731 356 quinque.

789 309 838 341 Ex
861 307 1018 340 Arabibus
1044 303 1199 341 eumdem
1223 308 1399 354 Porphyrii
1421 306 1540 342 librum
1565 308 1730 343 Auernas

19 362 202 399 illustrauit.
255 365 421 398 Memorat
439 369 468 395 et
485 360 679 396 Herbelotus
701 361 734 392 in
756 358 831 392 bibl.
845 357 1000 393 orientali
1018 370 1096 405 pag.
1111 368 1178 401 501.
1206 370 1286 393 voce
1307 358 1442 406 aeffiigogi
1462 358 1583 394 exstare
1605 361 1731 395 arabice

20 412 120 463 prosa
136 424 167 450 et
182 411 335 454 versibus,
363 422 393 446 et
414 413 653 446 commentario
673 409 863 444 illustratum
879 410 925 453 π).
979 410 1005 443 Ε
1024 409 1254 444 recentioribus
1275 411 1426 444 Ianutius
1441 412 1627 449 Manettur,
1655 412 1731 447 Flo-

24 467 188 505 rentinus,
226 474 259 499 vt
280 463 363 498 alios
391 462 653 512 quamplurimos
678 464 712 496 in
734 458 895 509 praesenti
921 462 1061 495 mittam.

24 527 107 550 cum.
126 514 304 550 Arislotelis
332 514 421 550 libris
446 513 562 562 logicis
587 515 703 549 Venet.
726 523 813 559 1495.
837 510 899 548 fol.
924 512 1053 547 Fabric.

22 579 97 616 pag.
115 578 171 609 3¹0
186 564 232 614 sq.
259 566 357 601 Harl.

1128 461 1252 495 Primus
1279 473 1394 509 graece
1417 460 1516 496 edidit
1541 460 1644 497 Aldus
1667 476 1731 497 vna

1114 509 1214 547 Editt.
1245 511 1299 548 lat.
1331 511 1395 548 vid.
1422 511 1514 561 supra
1540 515 1574 549 in
1597 513 1663 550 vol.
1675 516 1730 549 111.

129 660 168 684 11.
194 650 238 684 In
261 650 453 696 categorias
475 646 652 684 Aristotelis
675 647 938 694 explanationem
960 643 1060 685 κατ-οὶ
1083 647 1196 684 πεῦσιν
1220 643 1279 693 ’wi
1299 643 1494 695 οἱπόκρισιν,
1513 659 1577 694 per
1594 649 1730 683 interro-

20 702 182 747 gatiomm
204 707 234 735 et
256 701 500 750 rcſjwnstoncm,
539 708 703 734 memorat
725 699 910 747 Simplicius
933 701 965 733 in
993 700 1172 746 categorias
1191 711 1266 746 pag.
1280 710 1308 740 3.

389 754 514 787 Praeter
534 764 572 786 ea
592 750 719 785 codices
742 752 850 793 mssfi,
879 753 911 784 in
937 750 1051 798 quibus
1076 749 1134 785 illa
1156 751 1332 797 Porphyrii
1351 752 1509 798 reperitur
1532 751 1730 799 explanatio,

23 750 90 786 vol.
104 753 165 798 ut,
178 764 251 800 pag.
269 765 336 787 210.

1377 696 1520 745 [Confer
1543 697 1656 747 supra,
1695 701 1730 734 in

9 802 145 855 *exstant-
168 803 210 840 V
207 805 315 839 emtis
346 805 380 838 in
403 802 550 838 biblioth.
573 804 616 839 D.
632 803 740 839 Marci
764 800 837 838 cod.
851 803 1058 837 CCXXXIV.
1082 801 1196 846 (catal.
1218 813 1294 851 pag.
1310 804 1390 848 1¹9-)
1415 820 1465 829 —-
1490 802 1674 837 Florentiae
1695 804 1728 837 in

67 955 104 989 x)
127 954 201 985 Vide
221 954 318 986 Bulzle
338 954 357 985 l.
372 966 395 985 c.
416 966 481 997 pag.
500 964 562 991 310.
605 954 696 996 Wolf.
715 954 851 985 biblioth.

23 996 150 1027 hebraic.
166 1009 209 1028 nr.
228 1005 309 1031 1820.
332 997 416 1039 supra
431 1001 460 1028 in
476 1000 535 1029 vol.
554 999 605 1029 ΙΙΙ.
629 1009 693 1039 pag.
710 1007 752 1027 211
766 997 805 1039 sq.
825 1006 853 1028 et

18 1037 108 1078 ⁴supra
125 1041 154 1069 in
167 1043 270 1070 notitia
284 1041 367 1071 codd.
383 1041 510 1072 vindob.
529 1051 614 1081 atque
631 1044 728 1071 Oxon.
747 1041 852 1080 quibus

22 1081 109 1111 addes
123 1082 181 1112 duo
195 1083 278 1112 codd.
295 1085 406 1121 Orgaui
420 1095 485 1113 cum
503 1086 659 1124 Porphyrii
682 1083 799 1121 Isagoge
818 1094 853 1113 ex

20 1125 152 1154 verfione
176 1124 318 1156 hebraica
340 1125 446 1163 Iacchi
468 1127 498 1157 F.
517 1127 551 1157 R.
567 1126 638 1156 Aba
658 1126 762 1161 Mori,
790 1126 854 1166 filii

21 1165 59 1197 R.
82 1166 221 1203 Antolic',
255 1170 286 1198 in
316 1168 450 1198 biblioth.
475 1169 665 1204 Harleicma‚
695 1167 853 1198 secundum

17 1209 102 1238 catal.
122 1212 212 1240 MSSt.
233 1210 369 1241 biblioth.
390 1210 501 1241 Harlei.
524 1210 585 1241 vol.
599 1213 638 1242 11.
670 1221 714 1241 nr.
732 1219 802 1248 5517
825 1219 853 1241 et

17 1259 103 1291 5523.
125 1268 167 1275 —
187 1255 220 1282 In
234 1253 369 1283 biblioth.
383 1253 484 1294 Paris.
505 1254 598 1284 versio
614 1255 724 1291 Organi
747 1252 850 1284 arabi-

21 1301 74 1329 ca,
96 1305 130 1324 ex
152 1297 268 1330 Syriaco
291 1295 422 1326 sermone
442 1297 590 1331 confecta,
620 1307 686 1326 cum
706 1295 850 1326 Athin-ed-

21 1335 87 1366 dim'
116 1339 236 1368 “aetatu
267 1341 297 1368 in
319 1338 454 1377 isagogen
478 1341 634 1380 Porphyrii
655 1346 683 1368 et
711 1340 851 1372 anonymi

19 1376 138 1408 scholia.
160 1380 220 1408 vid.
235 1381 314 1410 catal.
333 1381 403 1414 bibl.
419 1381 504 1412 Paris.
520 1392 590 1413 tom.
607 1384 628 1412 1.
647 1392 710 1422 pag.
731 1390 791 1418 ¹99.
806 1397 849 1403 —

21 1420 94 1452 ibid.
116 1431 180 1462 pag.
197 1431 240 1457 94.
263 1431 509 1452 commemoratur
530 1424 639 1461 codex,
674 1427 704 1454 in
726 1435 786 1464 quo
809 1425 849 1453 est

20 1464 114 1494 versio
135 1464 289 1495 armenica
314 1464 442 1503 isagoges
465 1467 640 1506 Porphyrii,
674 1474 799 1503 categor.
821 1474 849 1495 et

20 1504 91 1536 libri
111 1506 147 1536 de
168 1509 423 1546 interpretatione,
446 1510 564 1538 auctore
588 1508 711 1539 Dauide
733 1516 761 1538 et
783 1517 849 1538 cum

0 1569 1 1573 ,
21 1548 152 1578 eiusdem
174 1552 405 1587 commentariis,
430 1567 470 1573 —
495 1551 608 1581 Romae
627 1553 658 1580 in
679 1550 749 1582 bibl.
770 1553 849 1582 Vati-

0 1592 1 1598 *
21 1601 90 1622 cana
106 1592 181 1622 liber
190 1593 378 1632 pupillarum
388 1617 396 1630 ‚
419 1593 613 1635 comple-&ens
627 1595 782 1634 Porphyrii
797 1593 849 1623 isa-

19 1638 117 1672 gogen
138 1642 167 1664 et
187 1634 258 1672 alia,
287 1646 322 1665 ex
343 1637 473 1666 versione
487 1636 613 1667 arabica
629 1639 767 1675 Gregorii
782 1639 849 1666 Bar-

20 1677 159 1708 Hebraei.
183 1677 242 1708 vid.
259 1678 288 1709 I.
303 1678 376 1709 Sim.
388 1677 562 1720 Aſjkmanni
575 1678 644 1709 bibl.
663 1682 768 1710 orient.
785 1679 849 1709 Cle-

20 1726 110 1750 ment.
125 1722 215 1751 Vatic.
224 1722 260 1751 11.
274 1731 337 1761 pag.
356 1725 420 1756 269.
444 1738 484 1744 —
504 1725 538 1751 In
555 1721 690 1752 biblioth.
701 1720 848 1762 Escorial.

0 1763 80 1798 ,βίη
107 1764 191 1798 (teste
216 1764 308 1806 Casir.
333 1766 364 1794 in
384 1764 520 1795 biblioth.
541 1764 803 1805 arabica-hispana
827 1766 849 1793 L

21 1814 87 1844 pag.
105 1806 179 1844 185.)
199 1808 229 1835 in
251 1806 315 1835 cod.
334 1807 439 1837 arabic.
463 1809 503 1836 est
526 1809 554 1846 1)
577 1810 800 1837 commentarius
819 1809 850 1836 in

19 1845 158 1883 lsagogen
182 1849 337 1889 Porphyrii
361 1850 479 1878 auctiore
502 1849 706 1881 Atlzireddino
723 1849 850 1889 llffofad-

20 1886 69 1917 hel
91 1887 145 1917 ben
169 1890 281 1926 Omar,
303 1890 404 1926 Persa,
434 1890 610 1925 Ablzarita,
633 1902 667 1921 ex
691 1892 762 1921 vrbe
785 1891 850 1922 Ab.

6 1928 123 1960 thara:
145 1933 196 1970 qui
207 1930 281 1960 liber
297 1941 331 1960 eo
347 1934 470 1963 habetur
484 1934 560 1973 apud
577 1934 798 1963 Mahoinetanos
820 1936 851 1963 in

21 1975 134 2014 pretio,
158 1980 190 2003 vt
203 1983 290 2014 quam
305 1973 423 2014 plurimi
444 1975 480 2003 ad
500 1975 582 2003 illum
597 1977 655 2004 siue
677 1987 851 2005 commenta-

22 2017 74 2046 riis
88 2016 145 2045 fine
159 2015 274 2045 scholiis
294 2015 495 2045 illustrandum
510 2016 743 2056 locupletandum
763 2016 854 2046 acces—

22 2056 126 2088 serint:
145 2057 295 2100 complura
312 2060 398 2088 huius
413 2061 509 2100 operis
525 2059 693 2089 referuntur
706 2058 851 2099 exempla-

20 2102 66 2132 cia
81 2103 111 2139 in
126 2101 261 2132 biblioth.
279 2103 432 2133 Parifienfi.
478 2103 512 2139 2)
530 2104 676 2136 Anonymi
700 2101 806 2131 scholia
821 2104 851 2131 in

23 2143 152 2173 eiusdem
172 2144 355 2174 Athireddini
376 2147 626 2178 commentarium.
669 2148 695 2181 3)
721 2145 851 2174 ciusdem

12 2187 158 2216 mactatus
173 2187 208 2216 de
222 2190 350 2227 quinque
367 2187 613 2228 praedicamentis.
635 2187 724 2228 Castr.
741 2187 851 2217 ibidem

24 2229 141 2268 prodit,
163 2232 192 2259 in
213 2230 325 2259 arabica
340 2229 516 2260 bibliotheca
538 2228 802 2270 philosophorum,
823 2237 852 2259 et

15 2280 61 2300 >ex
75 2282 106 2303 ea
120 2274 150 2302 in
161 2272 368 2313 Abulpharagii
383 2274 501 2302 historia
518 2273 711 2307 dynastiarum
728 2283 792 2312 pag.
810 2279 851 2307 83.

25 2315 72 2349 agi
92 2314 127 2344 de
151 2316 305 2355 Porphyrii
325 2318 385 2345 vita
408 2324 436 2345 et
456 2316 603 2356 operibus.
650 2317 760 2345 Auc’tor
782 2315 852 2345 bibl.

17 2354 104 2402 iarah.
118 2357 220 2396 philos.
241 2369 304 2399 pag.
323 2365 384 2394 285.
405 2359 583 2399 Porphyrius
603 2360 709 2394 Syrus,
740 2360 796 2395 ait,
819 2368 853 2388 ex

857 855 911 889 Aa
930 867 998 888 aaa
1025 864 1043 887 2

1579 852 1727 889 biblioth.

895 955 968 985 vrbe
987 955 1133 984 maritima
1154 954 1251 990 Tyri,
1279 955 1330 994 qui
1351 960 1378 984 et
1400 961 1483 984 antea
1502 953 1685 985 Ammonius
1698 955 1728 990 ⁷²²)

897 997 990 1027 dictus
1009 997 1064 1026 effe
1080 997 1220 1033 traditur,
1244 996 1444 1036 philosophiae
1460 999 1564 1037 peritia
1576 997 1728 1034 excellens,

898 1048 926 1070 et
948 1042 979 1069 in
1001 1040 1083 1069 libris
1106 1038 1267 1069 Aristotelis
1296 1039 1492 1077 intelligendis
1515 1039 1727 1075 versatiffimus,

897 1093 1023 1124 quorum
1047 1082 1160 1122 aliquot
1183 1081 1368 1122 explanauit,
1402 1085 1538 1123 notisque
1563 1083 1728 1119 adornauit,

897 1124 1034 1154 videlicet
1054 1124 1161 1154 librum
1186 1125 1444 1162 Cathegoriarum‚
1471 1124 1581 1154 {ibrum
1604 1124 1727 1156 Ethico-

895 1178 965 1197 rum
989 1174 1018 1197 et
1037 1166 1146 1197 librum
1168 1165 1422 1197 Perilzermenias.
1451 1183 1495 1190 -—
1515 1183 1558 1190 -
1585 1169 1625 1196 Ex
1644 1167 1728 1197 libris

896 1217 1011 1245 autem,
1036 1220 1109 1250 quos
1131 1209 1312 1250 composuit,
1332 1209 1398 1239 sunt
1420 1209 1497 1239 liber
1510 1201 1668 1250 isagogefr,
1690 1211 1727 1240 li-

896 1252 948 1282 ber
959 1251 1210 1292 syllogismorum
1233 1253 1414 1291 topicorum,
1443 1250 1503 1282 duo
1524 1252 1596 1282 libri
1616 1251 1660 1283 ad
1676 1253 1728 1284 Li.

896 1295 1018 1326 banium
1030 1317 1039 1330 ,
1062 1295 1113 1325 lib.
1131 1294 1325 1335 responsionis
1340 1295 1375 1323 ad
1393 1296 1608 1324 Pammachium
1624 1296 1660 1326 de
1682 1296 1725 1325 in-

895 1336 1005 1368 telleffu
1020 1341 1048 1368 et
1063 1337 1262 1377 intelligibili,
1283 1348 1393 1367 nouem
1408 1338 1576 1368 afflatibus
1594 1347 1725 1377 compre-

891 1380 1015 1415 hensus,
1037 1383 1087 1421 qui
1094 1379 1216 1421 syriace
1230 1380 1348 1418 legitur,
1371 1387 1399 1409 et
1413 1379 1488 1410 liber
1505 1381 1724 1416 elementorum,

891 1426 943 1464 qui
959 1421 1115 1463 etsyriace
1131 1424 1229 1452 exstat.
1272 1421 1397 1458 Qando
1412 1422 1499 1451 Cafir.
1514 1423 1654 1458 miratur,
1674 1433 1725 1452 ne-

891 1475 948 1506 que
975 1466 1124 1494 auctorem
1156 1466 1233 1494 arab.
1254 1464 1323 1495 bibl.
1353 1474 1448 1505 neque
1473 1464 1724 1504 Abulpharagium

892 1507 1001 1538 nullam
1021 1507 1137 1548 prorsus
1153 1509 1332 1537 mentionem
1353 1506 1448 1536 fecisse
1466 1508 1635 1547 quindecim
1658 1507 1724 1538 illo-

893 1561 957 1580 rum
971 1550 1106 1580 aduersus
1123 1552 1305 1580 christianam
1326 1549 1506 1590 disciplinam
1530 1549 1726 1588 voluminum,

892 1594 998 1634 quibus
1016 1602 1111 1623 tamen
1129 1595 1225 1634 postea
1241 1592 1422 1628 Methodius,
1446 1591 1583 1622 Eusebius
1597 1600 1624 1622 et
1638 1594 1725 1635 Apol.

892 1635 992 1666 linaris
1008 1639 1126 1673 triginta
1143 1636 1224 1666 libris
1240 1635 1430 1677 apologeticis
1445 1635 1670 1676 respondissent,
1697 1645 1726 1668 et

893 1678 1015 1708 causs‘am
1028 1679 1083 1708 esse
1097 1686 1196 1720 putat,
1218 1682 1287 1719 quia
1302 1678 1352 1708 illa
1367 1679 1402 1707 ab
1423 1680 1598 1719 imperatore
1621 1679 1725 1709 Theo-

894 1722 974 1751 dofio
995 1723 1117 1751 flammis
1138 1724 1202 1752 iure
1225 1721 1357 1751 damnata
1386 1732 1421 1750 ex
1441 1722 1596 1751 hominum
1617 1733 1727 1753 memo-

893 1767 967 1794 riam
991 1775 1044 1804 per
1066 1776 1099 1794 ea
1114 1773 1246 1805 tempora
1261 1763 1444 1800 excidissent,
1468 1763 1515 1793 vel
1531 1766 1599 1804 quia
1614 1765 1727 1801 eadem,

894 1814 925 1837 vt
940 1808 1153 1837 Mahometanis
1168 1807 1294 1843 inutilia,
1319 1808 1487 1836 Christianis
1503 1809 1659 1844 contraria,
1675 1819 1727 1838 nec

894 1850 1008 1879 arabice
1026 1860 1077 1878 nec
1094 1849 1202 1883 syriace
1218 1851 1271 1879 (int
1286 1848 1439 1881 conuersa;
1457 1859 1510 1887 ego
1526 1852 1624 1890 potius
1637 1850 1726 1891 suspi-

894 1903 964 1927 cor⁷
987 1891 1109 1921 caussam
1132 1892 1215 1921 fuisse
1233 1890 1482 1932 probabiliorem,
1511 1902 1590 1931 quon
1676 1893 1726 1921 itta

895 1934 1047 1963 volumina
1069 1935 1104 1963 ab
1125 1934 1182 1964 illis
1205 1945 1263 1963 non
1287 1944 1341 1974 pro
1356 1936 1489 1971 genuinis
1503 1936 1658 1973 Porphyrii
1674 1945 1727 1964 no⁶

895 1978 943 2005 stri
969 1977 1105 2015 operibus
1123 1977 1312 2005 habebantur.
1352 1974 1471 2014 Cafirus
1495 1975 1566 2004 ibid.
1583 1986 1648 2015 pag.
1666 1986 1725 2013 195.

893 2016 991 2046 laudat
1005 2017 1067 2047 cod.
1083 2028 1142 2057 quo
1158 2019 1324 2047 continetur
1339 2016 1567 2056 verfios-'qriaca
1589 2021 1726 2050 Aristote-

894 2059 929 2089 lis
946 2062 1050 2097 organi
1065 2068 1093 2090 et
1106 2058 1277 2100 Porphyrii
1291 2059 1419 2097 Isagoges
1434 2062 1464 2088 in
1481 2060 1675 2097 Aristotelem,
1698 2071 1727 2093 et

894 2103 1118 2137 animaduertit,
1139 2105 1237 2132 omnia
1250 2102 1311 2132 fere
1328 2103 1483 2143 Porphyrii
1503 2113 1592 2144 opera
1603 2103 1727 2144 syriace

894 2145 977 2175 versa
993 2145 1095 2181 fuiss'e,
1118 2153 1147 2176 et
1164 2145 1372 2187 Abulpharagii
1387 2153 1520 2187 tempore
1533 2146 1626 2176 adhuc
1642 2150 1725 2178 exsti-

894 2187 965 2218 tiss'c.
990 2188 1081 2218 Harl.
1486 2209 1495 2215 .

938 2232 972 2269 *)
994 2230 1027 2259 Id
1049 2229 1094 2260 vel
1114 2229 1215 2260 falsum
1237 2232 1294 2266 est,
1322 2230 1371 2261 vel
1391 2230 1630 2267 Ammonianm,
1657 2235 1683 2263 h.
1700 2246 1725 2265 e.

981 2284 996 2302 e
1012 2273 1106 2302 schola
1128 2282 1156 2303 et
1177 2273 1326 2314 disciplina
1342 2277 1508 2310 Ammonii,
1531 2280 1727 2316 praeceptoris

982 2315 1087 2346 Plotini
1097 2337 1106 2350 ,
1132 2319 1212 2346 cuius
1225 2316 1335 2346 adsecla
1350 2316 1406 2347 fuit
1422 2318 1615 2359 Porphyrius,
1632 2319 1725 2354 legen-

983 2358 1052 2390 dum
1065 2366 1115 2390 aut
1131 2359 1392 2403 interpretandum.
