2049 2720
85 140 146 169 v01.
164 138 212 167 m-
229 131 403 172 ρὶ457ῖ433
811 134 1043 173 VETERVM
1306 138 1379 175 Lib.
1393 138 1463 176 IV.
1479 153 1502 177 e.
1520 141 1626 179 XVI.
1731 155 1791 192 ²99

178 235 345 268 Zonarum
362 232 475 268 audior
492 227 718 275 Parmenides,
744 239 777 266 vt
793 244 831 267 ex
847 230 1013 267 Posidonii
1030 229 1217 267 testimonio
1235 228 1417 269 obseruauit
1432 237 1584 283 Scaliger.
1611 236 1650 273 ad
1667 217 1787 273 Manil.

103 300 120 320 a
147 315 154 324 .
188 297 240 319 20.

79 298 101 334 P
122 298 144 334 g
169 297 229 386 3De
245 346 378 397 sphaera
396 347 539 396 Callippi
557 349 730 391 Cyziceni,
757 345 890 382 Eudoxi
909 345 1035 386 Cnidii,
1062 346 1220 390 Autolyci
1235 349 1375 383 Pitanaei
1396 360 1427 384 et
1443 349 1605 399 Sosigenis
1621 350 1790 388 consulen-

76 401 137 438 dus
152 400 330 447 Simplicius
345 399 384 435 ad
402 399 608 435 Aristotelem
627 398 667 434 de
683 398 780 434 coelo
795 398 850 434 lib.
865 400 903 433 11.
916 409 1106 436 comment.
1124 401 1178 440 46.

178 468 285 503 Billari
300 464 481 515 sphaeram,
499 479 595 514 quam
611 476 796 515 expugnata
812 468 934 515 Sinope
950 465 1250 509 abssulitLucullus,
1276 478 1439 503 memorat
1454 470 1567 505 Strabo
1584 470 1653 505 ΧΠ.
1670 483 1702 518 p.
1717 471 1789 515 546.

176 535 378 582 Pythagoras
405 531 515 568 sedens
544 544 575 568 et
603 533 721 569 baculo
743 532 912 582 sphaeram
944 532 1129 568 monstrans
1153 536 1292 568 occurrit
1313 536 1345 569 in
1371 538 1567 572 numismate
1587 538 1788 573 Samiorum.

75 584 204 622 Confer
219 587 320 620 Laur.
335 586 453 631 Begeri
469 583 673 633 spicilegium
687 587 893 634 Antiquitatis
919 598 992 633 pag.
1012 598 1050 620 11.
1075 587 1130 633 qui
1147 598 1223 633 pag.
1242 597 1288 620 10.
1313 585 1451 622 illustrat
1475 591 1572 624 etiam
1587 591 1789 636 Amorgino-

75 651 151 687 rum
166 649 327 677 numum,
357 640 389 671 in
404 650 471 685 quo
487 636 612 684 Apollo
635 649 711 672 cuin
729 634 862 685 sphaera
886 648 915 672 et
930 640 1067 672 circino.

174 706 225 740 De
247 716 419 752 gnomone
444 713 473 739 et
493 701 668 746 sciodnere,
694 716 794 752 quem
820 702 860 738 ad
881 702 1082 739 obseruanda
1108 704 1314 752 aequinotstia
1330 715 1361 740 et
1382 701 1512 742 solstitia
1530 709 1655 742 inuenit
1669 709 1790 742 Anaxi-

75 755 229 797 mander,
255 754 330 789 vide
344 756 474 802 Salmas.
492 754 533 790 ad
551 755 657 791 Solin.
673 768 748 803 pag.
762 758 820 798 623
838 754 880 805 sq.
899 766 931 791 et
948 757 1136 802 chnagiunz
1161 754 1201 790 ad
1217 757 1321 792 Laert.
1339 756 1390 792 lib.
1408 760 1430 793 Ι.
1455 755 1529 793 [εᾶ.
1548 772 1611 804 119.
1633 769 1664 794 et
1678 757 1732 793 lib.
1746 760 1789 795 Π.

74 807 148 844 sect.
168 820 192 842 1.
246 807 293 842 Ab
319 808 384 842 hoc
405 804 530 842 diuersa
551 805 732 855 horologia
749 805 888 848 solaria,
922 809 1069 843 Metonis
1092 810 1286 851 inuentum3
1319 809 1397 843 scal.
1418 808 1458 844 ad
1480 812 1596 846 Manil.
1620 822 1694 860 pag.
1715 823 1788 856 229.

74 858 224 908 Gqffind.
241 868 322 894 tom.
339 859 378 894 V.
396 860 483 908 Opp.
499 871 574 907 pag.
591 862 660 902 376.
678 866 752 900 380.
778 858 886 906 Iustus
902 860 1066 907 Rycquius
1081 872 1150 906 cap.
1166 867 1214 901 38.
1233 858 1274 894 de
1289 860 1454 907 capitolio.

179 924 390 961 Archimedes
407 938 475 960 non
492 924 598 961 modo
612 925 734 960 librum
750 922 916 974 scripserat
929 926 1004 974 περὶ
1019 929 1282 975 σφαιξοπσιΐας,
1311 940 1409 976 quem
1430 928 1541 964 laudat
1554 930 1680 978 Carpus
1700 928 1787 977 apud

73 980 222 1026 Pappum
238 979 416 1025 prooemio
434 976 507 1010 libri
523 978 613 1012 vul.
641 975 693 1011 sed
707 979 805 1011 etiam
822 975 887 1024 ipse
911 976 1100 1026 composuit
1124 976 1294 1024 sphaeram
1313 981 1469 1020 vitream,
1491 994 1554 1028 qua
1576 983 1664 1015 miro
1688 980 1787 1015 artifi-

74 1033 126 1065 cio
145 1029 240 1064 lunae
257 1025 332 1063 solis
349 1038 380 1063 et
399 1030 542 1076 quinque
558 1030 735 1062 errantium
753 1039 861 1063 motus
876 1028 1022 1075 illigauit.
1073 1030 1149 1063 Dixi
1171 1027 1211 1063 de
1226 1031 1287 1064 hac
1305 1028 1439 1077 sphaera
1452 1030 1506 1066 lib.
1522 1032 1575 1067 111.
1597 1045 1666 1081 cap.
1683 1033 1786 1068 XXII.

74 1080 158 1129 [vol.
173 1083 227 1115 1v.
243 1092 317 1128 pag.
337 1087 398 1124 185.
432 1077 497 1115 vid.
516 1079 612 1114 Cicer.
628 1079 667 1114 de
680 1081 724 1115 N.
740 1080 780 1113 D.
798 1080 835 1115 ΙΙ.
853 1092 901 1122 34.
929 1081 1039 1128 ibique
1061 1078 1187 1115 Dauifii
1211 1082 1297 1127 not.]

172 1144 387 1182 Eratosthene
411 1147 562 1186 auclore,
592 1148 628 1185 in
656 1147 786 1193 porticu
811 1145 1030 1181 Alexandrina
1053 1143 1109 1180 sub
1132 1146 1321 1182 Ptolemaeo
1344 1147 1566 1184 Philometore
1587 1147 1692 1198 posita
1713 1146 1787 1185 sunt

73 1198 220 1236 armillae
235 1210 271 1232 ac
288 1197 421 1245 regulae
435 1197 474 1232 ad
491 1195 656 1233 notandos
675 1195 823 1244 quotidie
840 1207 949 1232 motus
968 1197 1137 1239 coelestes,
1165 1207 1198 1232 vt
1211 1201 1277 1233 iam
1290 1209 1443 1234 notatum
1462 1200 1620 1247 Gaffimdo
1641 1212 1726 1237 tom.
1744 1203 1786 1238 V.

71 1253 159 1300 Opp.
175 1261 249 1298 pag.
263 1256 331 1293 378-
358 1247 415 1295 [Ψ]

171 1315 317 1352 Globum
333 1312 506 1350 coelestem
529 1317 652 1363 primus
677 1312 806 1350 videtur
827 1311 1036 1351 constmxiss'e
1058 1313 1153 1350 stellis
1176 1316 1210 1351 in
1230 1330 1270 1353 eo
1296 1319 1413 1353 notatis
1430 1316 1647 1364 Hipparchus.
1700 1315 1785 1354 Vide

73 1369 219 1405 Plinium
236 1366 288 1403 lib.
305 1369 344 1402 11.
361 1366 444 1402 Hist.
459 1380 528 1415 cap.
544 1370 594 1401 26.
621 1368 764 1416 Synefius
779 1366 912 1415 quidem
926 1366 966 1402 de
981 1366 1072 1402 dono
1087 1367 1261 1403 Astrolabii
1276 1382 1350 1418 pag.
1371 1382 1437 1412 310.
1464 1370 1613 1412 testatur,
1640 1371 1784 1418 Hippar-

75 1423 174 1456 chum
191 1422 337 1468 ptimum
352 1415 494 1453 docuisse
510 1420 690 1469 σφαιρικῆς
707 1417 916 1466 ἔπιφανεὶοιὲ
934 1415 1131 1469 ἒξσίπλωσιν
1144 1447 1153 1461 ,
1179 1419 1244 1454 fiue
1257 1419 1412 1469 globosae
1432 1419 1613 1469 superficiei
1637 1422 1784 1470 compla·
1800 1417 1806 1420 ⁶

74 1475 265 1516 nationem,
290 1472 325 1505 in
340 1470 466 1518 figurae
478 1469 661 1506 diuersitate
674 1474 926 1518 proportionem
940 1473 1108 1506 rationum
1130 1470 1358 1508 conseruando
1378 1473 1548 1515 eamdem,
1575 1472 1664 1521 quod
1685 1474 1783 1508 artifi-

75 1526 163 1558 cium
182 1520 294 1571 postea
308 1524 342 1556 in
355 1519 592 1569 planisphaerio
607 1519 666 1557 suo
691 1519 869 1570 exposuere
895 1523 1120 1560 Ptolemaeus,
1147 1520 1301 1558 Iordanus
1326 1534 1387 1559 etc.
1442 1524 1533 1559 Idem
1557 1523 1708 1569 Synefius
1729 1538 1786 1560 au-

75 1578 148 1611 etot
170 1573 231 1616 est,
257 1574 487 1622 Hipparchum
509 1573 605 1608 illum
628 1571 869 1621 παμπάλαιον
894 1571 980 1609 solos
1002 1571 1141 1608 sedecim
1166 1573 1296 1625 οἰςέ-ςας
1319 1578 1353 1610 in
1376 1574 1589 1612 instrumento
1605 1574 1663 1612 suo
1677 1575 1788 1625 dispo.

74 1623 186 1675 fuisse,
213 1637 280 1674 quo
304 1627 449 1660 contenti
468 1623 589 1659 fuerint
609 1629 706 1660 etiam
735 1626 940 1661 Ptolemaeus
962 1627 1093 1674 eiusque
1117 1621 1277 1674 διάδοχοι.
1328 1625 1420 1662 Adde
1436 1628 1626 1675 Gcfflndum
1645 1638 1725 1664 tom.
1744 1630 1786 1664 V.

74 1680 164 1727 Opp.
182 1689 257 1726 pag.
272 1684 332 1720 378
350 1674 394 1725 sq.
419 1679 473 1724 qui
490 1690 564 1724 pag.
583 1688 648 1721 375.
666 1676 840 1712 Eudoxum
855 1687 946 1726 putat
961 1675 1021 1712 esse
1041 1681 1205 1725 primum,
1235 1682 1290 1727 qui
1309 1681 1427 1726 partim
1445 1681 1636 1728 Aegyptias,
1668 1682 1788 1727 partim

75 1742 205 1779 graecas
230 1731 388 1776 imagines
412 1726 553 1762 fiderum
573 1726 802 1776 repraesentari
824 1732 857 1763 in
877 1729 978 1776 globo
1000 1726 1142 1764 solidaue
1160 1728 1294 1778 sphaera
1309 1733 1451 1772 curauit,
1477 1741 1508 1766 et
1527 1744 1600 1779 pag.
1617 1743 1687 1776 379.
1703 1733 1789 1779 Hip-

75 1781 235 1830 parchum
259 1776 454 1828 hypotheses
479 1779 668 1828 tabulasque
698 1780 907 1828 astrologicas
937 1779 1068 1815 idoneas
1092 1784 1234 1829 primum
1260 1779 1460 1824 condidiffe‚
1500 1782 1788 1831 quemadmodum

77 1832 187 1878 postea
201 1829 278 1866 fecit
297 1830 517 1871 Ptolemaeus,
542 1834 598 1880 qni
613 1845 715 1867 omne
730 1844 833 1880 genus
850 1830 1116 1868 obseruationum
1129 1832 1391 1880 deplanetarum
1407 1844 1503 1869 motu
1522 1845 1553 1869 et
1566 1835 1704 1869 fixarum
1720 1834 1788 1869 fiue

77 1898 96 1919 e
119 1892 266 1917 veterum
289 1884 511 1917 monumentis
532 1882 684 1930 collegit,
712 1882 777 1918 fiue
792 1886 925 1932 propria
949 1883 1103 1919 industria
1127 1884 1312 1919 emendauit
1335 1895 1388 1919 aut
1409 1884 1552 1927 addidit,
1580 1895 1613 1920 vt
1629 1887 1694 1921 hoc
1715 1883 1788 1933 ipso

78 1938 183 1983 capite
198 1931 428 1968 demonstrant
468 1931 597 1968 Eudoxi
613 1932 785 1981 sphaeram
802 1933 966 1982 descripsit
980 1936 1094 1969 Aratus
1105 1962 1114 1975 ,
1142 1947 1175 1970 vt
1192 1937 1387 1984 Hipparcho
1405 1935 1533 1983 pridem
1550 1947 1699 1972 notatum
1715 1935 1788 1972 fuit.

175 2000 216 2036 ln
229 2001 390 2034 Demetrii
407 1998 610 2034 Poliorcetae
625 1998 805 2043 chlamyde
820 2002 981 2035 intextum
1000 2011 1066 2036 erat
1091 1998 1245 2049 §indepta
1267 2004 1314 2041 τέ
1328 1999 1438 2051 κίε-με
1452 2018 1509 2050 »φη
1528 2005 1594 2042 τῶν
1610 2002 1693 2042 κατ’
1706 2002 1789 2055 ἐξαι-

79 2051 127 2094 γόν
142 2052 365 2099 Φαινομένων,
390 2049 464 2084 teste
482 2052 657 2085 Plutarcho
674 2055 707 2086 in
724 2054 897 2086 Demetrio
916 2065 990 2100 pag.
1008 2065 1087 2098 909.
1112 2055 1142 2087 S.
1162 2056 1341 2104 Menippus
1358 2057 1395 2089 in
1415 2056 1506 2103 pileo
1530 2054 1589 2092 suo
1613 2055 1791 2092 duodecim

80 2104 214 2142 Zodinci
234 2103 324 2150 figna
345 2105 466 2136 intexta
489 2101 757 2144 circumferebat,
786 2102 863 2137 teile
882 2103 979 2138 Suida
995 2107 1027 2138 in
1042 2103 1158 2143 Φαιᾶς.

101 2186 108 2190 ·
128 2207 130 2209 ,
174 2168 339 2206 Posidonii
359 2166 550 2217 philosophi
568 2166 737 2216 sphaeram
755 2170 895 2204 celebrat
912 2172 1029 2205 Cicero
1047 2172 1085 2206 11.
1105 2185 1174 2220 cap.
1191 2183 1238 2216 34.
1253 2170 1293 2207 de
1307 2182 1413 2209 natur.
1427 2171 1791 2223 Deor.'cuiusstngulac

5 2227 15 2239 '
81 2224 285 2271 tonuufioner
298 2222 377 2254 idem
393 2219 560 2265 efficiebant
577 2222 687 2268 insule
703 2228 732 2256 ct
747 2223 819 2256 luna
833 2228 862 2256 ct
879 2223 912 2255 in
926 2225 1060 2269 quinque
1066 2222 1167 2271 stellis
1181 2226 1381 2268 errantibus,
1407 2226 1492 2273 quod
1513 2225 1642 2271 efficitur
1656 2229 1688 2261 in
1709 2224 1788 2261 co'elo

70 2276 210 2324 fiilgulis
232 2274 339 2308 diebus
361 2279 391 2307 et
411 2271 567 2307 nofflbut.

181 2343 340 2427 {phaerae
361 2340 523 2389 κρικωτῆς
540 2337 606 2375 fine
631 2337 802 2376 armillaris
824 2342 978 2377 meminit
996 2341 1110 2377 Varro
1132 2340 1218 2392 apud
1235 2342 1379 2385 Gellium
1403 2344 1460 2379 111.
1486 2356 1532 2379 10.
1555 2356 1652 2393 quem
1674 2342 1698 2380 fi
1721 2344 1789 2395 pla-

81 2401 132 2428 cet
156 2406 189 2429 vt
212 2405 238 2430 e.

956 2445 1008 2492 Pp
1036 2456 1055 2478 2
1691 2446 1790 2484 Assris
