2049 2720
74 91 135 143 5101.
150 91 186 118 x.
201 99 228 125 p.
243 94 278 123 ⁵2
310 97 312 99 >
641 86 707 122 ET
735 86 976 122 GLossffluA
1002 86 1204 129 1NED1TA‚
1414 91 1487 128 Liar.
1500 93 1544 130 V.
1562 108 1586 132 c.
1603 96 1679 135 XL.
1733 103 1788 145 633

171 182 373 231 Constantini
398 182 631 229 Harmcnopuli
657 184 801 219 Lexicon
830 183 990 232 περιέχον
1024 179 1077 220 τοὶ
1106 180 1315 234 πολυῶνυμοι
1348 185 1414 223 τῶν
1443 183 1603 236 ῥημάτων
1632 193 1717 227 MSt.
1752 196 1785 232 in

69 233 145 270 bibl.
164 232 338 275 Caesarea.
391 234 476 271 Vide
501 233 678 272 Nesselium
698 244 790 283 parte
812 235 867 268 IV.
894 247 966 282 pag.
986 246 1052 269 120.
1077 236 1175 271 Fabr.
1198 234 1286 271 conf.
1314 235 1424 285 supra,
1453 241 1535 274 inter
1555 230 1788 289 grammaticos

68 285 207 323 ineditos
228 302 258 323 v.
283 289 520 334 Harmcnopuli
547 287 638 323 lexic.
667 299 742 337 pag.
757 297 825 329 343.
850 283 894 334 sq.
929 286 1023 334 plura
1046 285 1194 328 dabimus
1224 286 1306 324 infra
1342 288 1396 324 lib.
1417 291 1455 325 V.
1488 305 1558 340 cap.
1580 306 1630 337 42.
1663 295 1727 330 vol.
1751 298 1788 332 X.

67 352 142 387 pag.
160 351 233 385 279.
250 338 299 374 ed.
317 349 415 376 veter.
469 340 548 374 Hoc
564 340 641 375 loco
659 348 784 374 tantum
802 350 1021 384 prouocamus
1046 337 1085 373 ad
1107 340 1265 375 Lamhecii
1284 352 1462 381 comment.
1487 341 1528 378 de
1549 344 1621 379 cod.
1645 348 1791 384 CCLIH.

68 389 258 426 Vindobon.
278 401 309 426 et
332 390 372 426 ad
394 401 508 427 notam
532 392 668 427 Kollarii
699 389 874 427 subiectam
903 402 979 438 pag·
1004 401 1077 435 349-
1107 388 1172 439 sqq.
1203 402 1234 427 et
1263 391 1301 427 ad
1356 393 1446 432 catal.
1468 394 1563 431 codd.
1591 409 1641 444 gr.
1674 399 1790 434 Vanet.

66 442 227 478 Marcian.
253 456 328 491 pag.
344 455 403 487 311.
433 442 507 478 cod.
530 444 665 478 DXCV.
723 442 777 478 Est
800 454 931 490 quoque
953 443 1036 476 inter
1060 440 1154 476 codd.
1182 443 1330 490 Estorial.
1384 446 1436 481 De
1458 446 1527 482 aliis
1551 447 1663 483 lexicis
1684 450 1792 486 iuridi-

0 541 1 545 ,
67 497 111 528 cis
138 492 210 529 vide
231 493 325 543 supra
345 506 498 543 pag.231.
523 491 592 544 sqq.
619 494 711 529 Harl

164 562 477 619 IustinianiMagni
497 572 627 608 lexicon
651 574 725 607 Ant.
740 568 900 606 Verderio
914 579 946 604 et
969 568 1040 605 aliis
1057 580 1298 611 memoratum,
1321 570 1453 608 nullum
1480 572 1534 609 est.
1589 575 1672 612 Vide
1696 578 1791 614 Lam.

65 620 192 658 becium
215 623 269 659 lib.
285 635 308 658 1.
324 636 400 671 pag.
416 636 484 669 149.
503 635 569 669 150.

168 700 318 746 [Ioamm
340 699 527 736 Monachus.
582 700 671 733 Huic
696 697 829 747 quidem
851 697 971 732 lexicon
986 698 1207 744 peramplum,
1236 698 1326 746 quod
1345 698 1390 734 est
1410 702 1444 736 in
1458 701 1532 736 cod.
1559 702 1685 738 Veneto
1717 705 1793 742 bibl.

65 749 368 786 Dominicanorum
393 753 510 786 SS.10.
533 760 564 786 et
589 751 710 790 Paulli,
757 747 963 785 adscribitur:
997 751 1090 784 initio
1115 753 1205 784 enim
1226 749 1300 785 libri
1333 752 1414 785 haec
1444 751 1618 800 leguntur3
1657 753 1790 795 Ἰωάνης

66 803 113 841 v}
138 803 296 852 Μοναχὲ
318 801 361 841 ὥς
380 800 447 848 ἐγώ
468 801 605 853 νομίζω,
629 804 650 837 i.
666 816 692 837 e.
706 803 839 836 loannis
857 801 1024 844 Monachi,
1051 809 1088 837 vt
1107 803 1270 844 arbitror,
1299 801 1374 838 teste
1389 804 1604 852 Montsaucon
1625 807 1657 841 in
1689 806 1792 845 diario

66 853 177 898 italico
198 867 274 903 pag,
288 863 340 896 48.
358 855 472 901 Harl]

171 931 267 967 Man.
295 930 495 978 Mosclmpnli
523 930 656 966 lexicon
684 931 716 964 in
744 927 927 965 Philostrati
951 931 1130 977 iniagineS,
1165 931 1239 965 MS.
1262 931 1296 964 in
1333 929 1405 965 bibl.
1438 931 1652 968 Coisliniana.
1707 933 1792 970 Vide

67 980 352 1018 Montfauconum
372 997 403 1031 p.
420 993 481 1027 515.
508 983 607 1017 Fabr.
659 979 743 1015 Vide
760 979 865 1030 supra,
893 983 976 1016 inter
989 983 1230 1029 grammaticos
1247 980 1350 1016 editos
1366 982 1396 1029 §
1414 982 1469 1017 IV.
1484 997 1516 1032 p.
1532 995 1598 1027 323.
1613 982 1657 1033 sq.
1684 984 1792 1021 Codd.

66 1031 237 1081 quondam
259 1032 392 1069 fuerunt
411 1036 446 1068 in
470 1033 550 1068 bibl.-
568 1033 773 1079 Heidelberg.
788 1046 835 1068 nr.
858 1040 925 1074 238.
948 1043 981 1068 et
1000 1040 1069 1079 358.
1093 1041 1154 1068 cat.
1180 1032 1337 1082 Sylburg.
1361 1032 1434 1069 add.
1461 1031 1577 1083 supra,
1605 1038 1640 1071 in
1658 1035 1726 1072 vol.
1751 1038 1790 1072 V.

67 1097 143 1133 pag.
159 1096 225 1131 543.
245 1083 311 1134 sqq.
338 1088 372 1120 in
391 1086 509 1122 notitia
535 1083 631 1120 codd.
654 1082 851 1120 Philostrati.
876 1085 976 1119 Harl.

96 1184 99 1185 ν
171 1163 316 1197 Maximi
325 1160 556 1198 dictionarium
580 1163 615 1195 in
638 1160 714 1195 bibl.
738 1159 900 1196 Medicea.
953 1159 1059 1196 Futile
1079 1158 1199 1195 dicitur
1218 1156 1358 1208 Iosepho
1381 1160 1568 1209 Scaligero‚
1595 1171 1626 1197 et
1658 1164 1692 1197 in
1723 1175 1791 1212 quo

68 1214 122 1248 vix
145 1215 322 1262 quicquam
345 1214 450 1251 bonae
470 1212 573 1261 frugis
595 1214 802 1247 contineatur
817 1226 848 1260 p.
863 1216 942 1255 464.
959 1210 1060 1260 Epist.
1076 1214 1173 1247 Fabr.
1227 1213 1266 1246 ln
1288 1210 1363 1246 bibl.
1383 1213 1526 1247 Mcdicea
1550 1212 1594 1247 est
1611 1211 1791 1249 secundum

70 1264 217 1299 Bau-dim·
231 1274 293 1310 cat!
310 1264 406 1300 codd.
422 1277 472 1313 gr.
490 1267 513 1299 I.
533 1266 621 1312 p.16.
631 1261 676 1311 sq.
693 1262 767 1298 cod.
778 1265 849 1300 Vn.
864 1263 947 1311 plur.
957 1265 998 1296 V.
1015 1272 1110 1310 atque
1119 1262 1214 1310 plura
1226 1260 1266 1296 de
1283 1275 1323 1297 eo
1336 1261 1474 1305 adnotat
1487 1263 1624 1299 Bandin.
1642 1277 1709 1311 quo
1727 1266 1794 1313 qui-

70 1314 146 1351 dem
163 1315 439 1352 animaduertente
454 1316 704 1362 Guil.Langius
720 1315 753 1348 in
768 1312 874 1349 indice
882 1311 1054 1349 Mediceae
1067 1313 1140 1349 bibl.
1156 1311 1187 1347 id
1204 1313 1236 1349 S.
1251 1314 1400 1348 Maximo
1413 1312 1574 1351 adtribuit.
1614 1317 1740 1352 Contra
1754 1317 1792 1350 in

66 1367 157 1403 calce
174 1381 192 1403 a
209 1366 333 1404 codicis
357 1365 459 1404 scriba
478 1365 688 1403 adnotatum:
721 1363 919 1413 descriptum
945 1361 1007 1400 effe
1029 1366 1119 1400 hunc
1133 1364 1252 1400 librum
1266 1365 1305 1399 ab
1320 1365 1520 1413 exemplari,
1542 1365 1635 1401 valde
1656 1365 1791 1415 quidem

70 1417 245 1462 mendoso,
260 1418 386 1456 vetusto
405 1430 528 1460 tamem
542 1419 712 1453 auctorem
729 1430 808 1453 vero
825 1426 855 1451 et
872 1415 1088 1452 collediorem
1102 1418 1210 1464 operis
1223 1415 1433 1464 inscriptione
1447 1418 1569 1452 nullius
1584 1421 1791 1454 mentionem

68 1468 221 1514 faciente,
235 1469 434 1519 cognoscere
446 1484 515 1506 non
530 1468 670 1505 licuiffe:
697 1479 729 1504 at
744 1471 777 1503 in
791 1471 899 1517 prima
916 1470 1035 1516 pagina
1049 1466 1203 1514 scriptum
1221 1465 1316 1502 fuiffe
1330 1469 1431 1502 rubris
1446 1477 1476 1503 et
1491 1470 1594 1517 nigris
1611 1469 1791 1504 maioribus

72 1521 198 1569 litteris,
213 1522 371 1568 Antonii3
392 1525 481 1558 cuius
491 1534 569 1557 vero
580 1532 611 1557 et
628 1518 715 1556 vnde
725 1531 756 1556 et
765 1533 832 1568 quo
848 1529 1000 1568 tempore
1013 1520 1097 1554 nihil
1113 1521 1264 1555 omnino.
1291 1519 1491 1561 „Codicem
1512 1519 1652 1569 denique
1665 1522 1722 1560 ait,
1746 1520 1793 1556 lo-

71 1572 236 1621 cupletem
250 1583 282 1610 et
296 1573 415 1610 diuinis
431 1573 646 1613 diffitionibus,
669 1572 779 1607 colere
794 1582 825 1607 et
839 1571 993 1618 amplecli
1007 1573 1180 1606 conuenit:
1205 1571 1376 1605 auetorem
1392 1583 1470 1606 vero
1486 1570 1582 1619 ipfius
1593 1599 1603 1613 ,
1632 1574 1689 1619 qui
1703 1570 1792 1614 velit,

72 1625 223 1673 inquirat.
274 1653 296 1672 „
318 1625 409 1660 Idem
435 1626 567 1661 Bandin.
594 1621 721 1664 scribit,
755 1621 787 1658 se
808 1622 912 1658 multa
939 1618 1130 1662 offendisse,
1165 1633 1247 1671 quae
1278 1619 1395 1661 docta,
1429 1620 1585 1669 exquisita
1612 1622 1791 1671 pulcraque

73 1674 191 1719 essent,
229 1687 262 1713 et
288 1679 368 1713 haec
396 1675 493 1712 facile
526 1674 686 1711 nonnulla
714 1674 819 1716 leuia,
861 1671 984 1709 friuola
1014 1682 1044 1707 et
1066 1675 1174 1722 inepta
1206 1670 1264 1708 suo
1290 1675 1397 1708 nitore
1420 1671 1615 1715 defendere3
1643 1683 1793 1709 veterum

73 1737 181 1764 autem
195 1729 380 1772 auctorum,
403 1728 567 1764 editorum
585 1740 622 1761 ac
635 1725 881 1775 deperditur-um
897 1722 990 1772 saepe
1003 1725 1076 1759 fieri
1099 1726 1325 1766 mentionem,
1352 1736 1537 1773 eorumque
1559 1734 1592 1760 et
1607 1734 1794 1761 ceterorum

73 1778 179 1814 multa
201 1783 333 1828 exponi.
383 1781 509 1815 Praeter
531 1792 567 1813 ea
587 1787 771 1818 memorat,
798 1775 879 1810 illud
901 1776 1022 1818 exstare
1046 1778 1080 1811 in
1107 1775 1218 1810 multis
1234 1774 1457 1815 bibliothecis,
1481 1777 1653 1823 praecipue
1668 1777 1702 1809 in
1716 1777 1793 1810 Mo-

75 1830 196 1879 nacenst
216 1830 366 1866 electoris
381 1832 533 1865 Bauariae
548 1839 578 1863 et
594 1828 784 1876 Dru-deff,
810 1829 843 1861 in
863 1829 952 1861 cuius
976 1825 1090 1862 codice
1111 1826 1333 1873 collec‘iorern>
1347 1825 1505 1873 adpellari
1532 1826 1710 1873 Georgium
1733 1827 1796 1861 Hi.

75 1883 315 1921 romanechum,
341 1884 396 1931 qui
420 1882 485 1916 hoc
508 1891 592 1928 opus
615 1891 655 1914 ex
679 1877 776 1913 Suida
797 1875 999 1924 excerpserit.
1020 1876 1163 1925 Qando
1188 1886 1297 1912 autem
1323 1875 1429 1919 addit,
1455 1877 1559 1912 multa
1590 1875 1632 1912 de
1661 1878 1727 1911 hoc
1750 1877 1795 1912 le-

76 1935 151 1969 xico
175 1935 307 1982 egregia
337 1930 484 1981 proferre
514 1930 797 1976 Montqfalconium
827 1932 862 1964 in
892 1929 971 1964 bibl.
997 1927 1134 1963 Coislin.
1161 1940 1235 1976 pag.
1259 1935 1330 1970 238.
1361 1927 1541 1963 videndum
1569 1927 1633 1971 est,
1667 1929 1719 1962 cui
1746 1926 1796 1964 fas

4 1988 5 2011 l
70 1986 138 2020 ‘erit
160 1997 236 2020 corn
263 1997 352 2020 arare
383 1995 414 2021 et
438 1985 618 2031 inquirere,
660 1994 742 2016 num
764 1980 803 2015 sit
823 1979 929 2020 idem,
974 1993 1016 2014 an
1048 1977 1238 2014 diuersum?
1282 1980 1370 2014 Nam
1401 1978 1595 2015 Coislinian.
1627 1979 1798 2028 exemplar

77 2034 184 2071 fimile
198 2048 216 2070 e
244 2050 261 2071 e
276 2035 402 2071 videtur
417 2038 446 2069 ei
461 2034 581 2073 lexico,
607 2031 647 2068 de
662 2045 729 2081 quo
746 2031 860 2081 paullo
877 2041 952 2066 ante
967 2030 1006 2065 ab
1023 2032 1117 2066 initio
1134 2032 1231 2065 huius
1247 2032 1443 2080 paragraphi
1457 2040 1489 2065 et
1502 2028 1568 2080 ipse
1578 2031 1738 2066 Fabricius
1757 2043 1797 2065 ex

71 2088 212 2135 Cangio
233 2087 366 2123 titulum
389 2085 524 2128 adtulit,
551 2096 582 2121 et
603 2096 666 2132 ego
690 2097 729 2120 ex
749 2085 865 2118 notitia
888 2079 1085 2118 Rocheforti
1108 2081 1204 2131 plura
1218 2081 1382 2117 adnotaui.
1434 2083 1549 2130 Neque
1568 2080 1655 2116 idem
1674 2078 1736 2116 effe
1751 2083 1798 2115 vi-

81 2137 188 2178 detur,
215 2140 274 2183 (vti
289 2131 424 2174 Bandin.
439 2137 626 2185 opinatur,)
652 2134 741 2184 quod
756 2137 790 2169 in
807 2133 879 2173 cod.
893 2134 1063 2168 Marciano
1074 2136 1202 2169 Veneto
1213 2134 1435 2168 CCCCXCII.
1452 2130 1608 2167 seruatur.
1627 2130 1799 2180 Inscriptio

83 2188 216 2240 quidem
246 2191 413 2238 vtriusque
439 2188 558 2224 codicis
591 2185 709 2224 differt.
736 2207 787 2214 ——
816 2187 857 2221 In
891 2185 1143 2221 cod.XXXV11.
1177 2183 1258 2233 plut.
1285 2185 1339 2220 IX.
1361 2183 1437 2219 bibl.
1468 2182 1591 2219 Medic.
1619 2183 1707 2219 idem
1735 2180 1798 2218 esse

83 2240 232 2283 lexicon,
253 2238 308 2276 sed
333 2239 541 2290 inscriptum:
567 2243 604 2278 ἐκ
628 2235 797 2288 δ”ιαφὸξων
820 2235 943 2288 λέξεων
968 2237 1175 2275 συντεθεῖσαι
1199 2231 1300 2274 κριτοὶ
1324 2236 1469 2281 ςὀιχέίσν
1501 2232 1607 2285 πικροὶ
1632 2233 1679 2274 ‘rix'
1709 2233 1795 2280 οἱγίε

84 2291 373 2338 ΜΑΞΓΜΟὯ,
399 2290 507 2327 scribit
528 2292 667 2326 Bandin.
693 2302 776 2325 tom.
792 2293 815 2325 Ι.
831 2303 904 2339 pag.
922 2292 995 2333 436.
1009 2298 1040 2324 et
1061 2288 1156 2338 plura
1177 2285 1218 2322 de
1239 2287 1325 2322 illius
1343 2287 1510 2322 virtutibus
1534 2297 1630 2335 atque
1651 2288 1797 2335 interpo-

86 2342 259 2378 lationibus
280 2343 424 2381 aliorum
445 2340 576 2379 differit.
629 2340 792 2387 Adfirmat
815 2354 913 2384 vero,
941 2342 1132 2378 Maximum
1155 2341 1266 2374 ceteris
1289 2348 1320 2375 et
1335 2336 1577 2383 adcuratiorem
1593 2334 1655 2373 effe
1676 2347 1708 2372 et
1725 2338 1799 2371 vbe-

130 2398 198 2434 Vot.
216 2402 273 2435 VI.
1184 2388 1273 2425 Llll
1677 2390 1801 2425 riorem
