2049 2720
756 146 869 182 VITA
903 147 1065 183 GALENI
1290 146 1364 184 Lib.
1378 148 1451 186 IV.
1463 161 1486 186 c.
1496 149 1610 189 XIX.
1712 154 1769 196 ³85

57 240 140 278 doto
161 238 304 291 paranda
327 237 499 277 suffectum
521 238 613 277 fuisse
637 240 818 277 Galenum:
840 251 940 291 atque
956 238 1167 284 Commodo,
1194 243 1301 277 Marci
1318 243 1440 278 Aurelii
1458 246 1635 285 Antonini,
1661 243 1770 293 philo-

56 292 169 342 sophi,
202 292 296 335 tilio,
330 289 386 327 sub
415 306 481 342 quo
508 293 602 329 aedes
624 295 712 329 Pacis
737 292 973 342 conflagrauit‚
1007 293 1141 342 aliisque
1167 306 1267 342 vsque
1292 293 1330 329 ad
1352 295 1513 330 Seuerum
1538 297 1769 344 imperantibus

54 344 239 393 negletstam
270 341 363 380 fuiffe
386 345 546 380 theriacae
575 344 841 386 confectionem,
885 358 985 393 quam
1019 346 1175 387 Seuerus,
1209 352 1276 379 tum
1298 348 1485 391 imperator,
1526 348 1587 391 (τὲ
1607 349 1656 385 νῖν
1678 344 1772 385 ’ὄντος

55 396 144 444 ἡμῶν
169 393 421 446 αὐτοκράτορος
441 394 597 447 Σεβὴρεε
625 397 753 439 filium,
780 394 930 431 obserues
952 397 1070 439 velim,
1098 398 1153 431 hic
1172 400 1288 432 taceri:
1316 397 1456 447 ideoque
1476 396 1609 448 scriptos
1634 398 1707 434 illos
1731 399 1773 433 de

55 446 210 484 antidotis
237 447 337 483 libros
368 448 467 484 videri
496 459 570 485 ante
600 462 723 484 annum
743 449 905 494 CXCIX.)
931 451 1048 483 iterum
1074 460 1092 481 a
1112 447 1259 489 Galeno,
1291 451 1356 484 iam
1386 448 1477 492 sene,
1507 451 1613 486 voluit
1640 451 1772 492 confici,

54 498 199 536 necdum
219 499 332 549 elapsis
350 501 449 535 XXX.
466 504 556 536 annis
578 502 617 536 ab
640 499 848 550 expeditione
867 503 1076 548 germanica:
1100 499 1240 548 proinde
1261 501 1416 536 Seuerum
1435 504 1543 543 hunc,
1570 502 1611 538 de
1632 515 1699 551 quo
1718 503 1774 537 hic

54 553 177 598 agitur,
203 554 329 599 penitus
350 550 491 587 alterum
515 550 746 602 diuersumque
770 550 832 587 effe
854 566 873 586 a
895 553 996 587 Lucio
1012 554 1119 592 Vero,
1147 554 1201 600 qui
1221 564 1308 587 anno
1328 565 1466 589 exeunte
1484 555 1626 590 Cinx.
1648 564 1702 590 aut
1723 554 1772 591 in.

52 612 151 638 eunte
169 604 295 642 CLXX,
323 602 495 653 apoplexia
514 606 630 652 periit,
664 604 739 640 licet
759 607 784 639 is
803 617 935 654 quoque
952 602 1134 652 aliquando
1159 604 1300 638 Seuerus
1324 614 1457 640 vocatus
1479 608 1668 655 reperiatur.

153 679 208 715 De
227 679 368 715 theriaca
390 678 430 715 ad
454 678 624 723 Pisonem,
649 680 736 717 vnde
757 680 898 716 alterum
923 681 1125 729 probationis
1142 689 1380 729 argumentum
1404 680 1523 717 ducere
1544 681 1649 717 voluit
1662 680 1773 718 Euna-

53 731 162 774 chius,
189 732 248 766 tria
268 732 372 767 obiter
392 728 562 768 obseruare
585 732 689 768 liceat.
741 735 789 767 Ac
810 735 957 781 primum
981 733 1132 781 quidem:
1154 733 1329 768 auctorem
1349 733 1452 769 libelli
1477 733 1563 768 illius
1584 731 1692 769 vixisse
1715 732 1772 770 sub

50 783 196 825 Seuero,
222 781 404 833 etquidem
423 787 508 819 inter
525 798 651 821 annum
664 798 761 820 aerae
775 784 975 820 Christianae
991 785 1137 819 CXCIX.
1156 796 1227 832 ¹quo
1244 786 1381 820 Seuerus
1395 788 1557 820 maiorem
1574 796 1651 821 natu
1667 785 1774 822 filium

51 831 255 877 Bassianum,
291 837 359 871 iam
386 849 405 870 a
434 836 566 872 biennio
594 847 743 873 creatum
765 833 960 882 Caesarem,
1001 845 1031 872 et
1051 837 1158 871 Marci
1179 835 1300 871 Aurelii
1318 839 1476 872 Antonini
1498 841 1702 886 cognomine
1727 840 1772 874 in-

51 883 199 933 signem,
229 888 264 921 in
283 889 413 937 imperii
441 885 643 924 consortium
670 888 789 937 elegit,
819 898 916 937 atque
938 900 1061 923 annum
1084 888 1200 922 CCXI.
1229 900 1295 935 quo
1321 887 1407 923 idem
1430 891 1583 930 Seuerus,
1615 892 1672 938 qui
1695 903 1772 926 cum

52 936 125 972 filio
147 938 347 986 imperabat,
371 939 510 974 Eboraci
531 942 563 974 in
579 943 742 976 Britannia
766 951 916 975 mortuus
941 938 1002 979 est,
1030 938 1081 973 die
1103 940 1160 974 lV.
1178 940 1362 974 Februarii:
1390 939 1530 989 ideoque
1553 953 1622 976 non
1646 940 1773 978 medio-

51 990 150 1023 criter
177 988 411 1031 hallucinatos‚
450 994 501 1039 qui
529 1004 605 1026 cum
631 994 847 1035 Hieronymo
865 991 1052 1026 Mercuriali
1074 992 1210 1025 Lucium
1228 989 1353 1025 Verum
1381 993 1433 1026 hic
1456 990 1682 1040 accipiendum
1707 991 1773 1029 esse

51 1035 268 1076 somniarunt.
322 1044 446 1076 Verum
468 1043 604 1092 praestat
625 1041 731 1091 ipsum
756 1045 821 1077 eius
841 1042 911 1077 libri
928 1043 1101 1077 auctorem
1122 1042 1314 1090 loquentem
1331 1041 1455 1078 audire.
1509 1044 1647 1092 Aliquos
1672 1042 1772 1081 refert

51 1092 78 1126 is
102 1093 235 1132 auctor,
267 1091 402 1142 fingulis
423 1092 555 1137 diebus,
584 1095 811 1130 incolumitate
834 1096 980 1142 corporis
1004 1092 1139 1134 ductos,
1175 1095 1353 1128 theriacam
1381 1092 1566 1130 adsumere:
1604 1095 1637 1130 id
1663 1094 1771 1133 fecisse

51 1143 210 1180 Marcum
233 1146 461 1188 Antoninum,
489 1149 543 1194 qui
565 1146 679 1195 paullo
701 1155 776 1181 ante
799 1146 992 1181 Romanum
1012 1146 1190 1193 imperium
1212 1143 1342 1180 summa
1365 1148 1548 1194 integritate
1569 1146 1771 1184 administra-

50 1196 118 1237 vit,
151 1208 295 1244 eumque
316 1198 456 1232 theriaca
480 1197 626 1236 abunde,
659 1207 691 1232 et
713 1196 802 1232 velut
828 1197 978 1231 alimenti
1008 1196 1105 1230 instar
1131 1193 1195 1230 effe
1215 1193 1320 1232 vsum.
1379 1197 1668 1234 Existimationem
1692 1213 1771 1236 vero

51 1248 176 1281 virtutis
198 1250 264 1282 eius
285 1246 517 1283 medicamenti
538 1249 578 1284 ab
601 1250 699 1284 huius
721 1249 928 1297 imperatoris
948 1247 1150 1296 temporibus
1169 1259 1328 1295 magnam
1344 1247 1433 1295 apud
1452 1250 1605 1285 homines
1625 1249 1770 1294 «eua'fisse,

51 1299 97 1332 iis*
111 1294 247 1339 scilicet,
272 1296 374 1335 salute
395 1301 600 1349 imperatoris
621 1310 652 1336 et
676 1297 866 1335 conseruata
888 1307 920 1334 et
939 1298 1081 1334 restituta
1102 1300 1194 1333 huius
1218 1298 1455 1335 medicamenti
1482 1313 1563 1350 ope,
1589 1300 1704 1337 eadem
1730 1304 1770 1338 ab

51 1361 92 1384 eo
119 1346 330 1397 sperantibus.
387 1352 451 1387 Sub
472 1351 534 1388 isio
556 1365 635 1388 vero
657 1353 804 1401 principe
826 1352 987 1386 theriacae
1010 1349 1264 1398 componendae
1290 1364 1372 1398 opus
1398 1349 1505 1388 solum
1529 1351 1568 1387 ad
1593 1366 1649 1388 eos
1675 1358 1770 1401 perti-

51 1399 171 1443 nuisse,
197 1403 254 1452 qui
276 1404 310 1437 in
328 1415 368 1438 eo
386 1400 498 1438 versati
515 1401 633 1440 essent:
660 1417 774 1439 verum
796 1400 852 1437 sub
876 1402 1128 1449 imperatoribus
1147 1415 1235 1437 nunc
1254 1404 1462 1451 regnantibus
1485 1404 1556 1450 (ἐπὶ
1578 1400 1611 1442 δὲ
1630 1406 1696 1443 τῶν
1716 1408 1768 1444 νῦν

51 1455 198 1501 μεγῖςων
220 1451 496 1504 αὖτοκςοοτὲςων)
515 1453 609 1491 vsum
632 1458 699 1491 eius
723 1454 892 1503 vulgatum
915 1451 1026 1497 fuisse,
1055 1452 1128 1503 ipfis
1148 1454 1398 1503 imperatoribus
1424 1456 1701 1503 permittentibus,
1734 1469 1770 1494 vt

51 1507 188 1553 quisque
209 1516 378 1553 aegrotans
402 1520 439 1542 ea
462 1506 625 1543 medicina
643 1520 683 1543 ex
713 1504 859 1555 ipsorum
885 1518 971 1556 penu
997 1515 1158 1547 vteretur,
1192 1519 1333 1555 eamque
1352 1505 1495 1555 benigne
1515 1508 1686 1551 omnibus,
1713 1513 1769 1559 qui

51 1569 87 1592 ea
109 1568 204 1604 egere
225 1555 430 1602 viderentur,
455 1557 728 1608 dispensantibus,
753 1562 798 1593 vti
822 1568 854 1594 et
874 1560 1065 1607 Antipatro,
1093 1559 1144 1592 cui
1166 1554 1322 1606 scriptura
1344 1556 1554 1608 epistolarum
1573 1573 1769 1607 graecarum

50 1606 223 1643 commissa
243 1619 330 1651 erat,
356 1608 416 1656 (dc
438 1623 505 1660 quo
527 1609 600 1647 vide
623 1614 701 1647 vitas
721 1608 954 1659 sophistarum,
980 1624 998 1644 a
1023 1609 1219 1645 Philostrato
1241 1606 1453 1658 conscriptas)
1474 1614 1547 1647 viro
1568 1612 1612 1646 ob
1633 1625 1768 1649 morum

48 1662 244 1708 grauitatem
272 1671 304 1696 et
331 1662 507 1699 rhetorices
538 1664 688 1711 peritiam
716 1661 819 1711 longe
848 1660 1119 1702 aessimatissimo‚
1160 1674 1239 1696 cum
1271 1663 1303 1696 in
1330 1661 1477 1697 renalem
1508 1663 1664 1699 morbum
1691 1666 1770 1700 inci.

50 1707 143 1746 differ
157 1713 196 1757 ⁰).
248 1713 300 1747 Ex
326 1714 439 1762 quibus
465 1716 531 1750 hoc
553 1717 671 1750 texitur
692 1723 944 1763 argumentum:
971 1715 1086 1750 audior
1107 1713 1180 1748 libri
1204 1712 1245 1748 de
1266 1714 1408 1748 theriaca
1427 1713 1467 1749 ad
1482 1712 1633 1750 Pisonem
1650 1717 1772 1752 Deme-

52 1764 150 1799 trium
172 1764 370 1800 archiatrum
393 1775 425 1801 et
443 1768 599 1802 Marcum
623 1769 829 1803 Antoninum
855 1767 1090 1813 imperatorem
1113 1766 1226 1808 nouit,
1259 1777 1335 1800 eum
1358 1763 1496 1809 scilicet,
1532 1767 1592 1812 (ne
1613 1767 1652 1803 ad
1678 1769 1770 1804 Pium

51 1812 252 1863 confugias,)
276 1818 332 1865 qui
354 1815 487 1867 lingulis
508 1817 617 1854 diebus
639 1820 816 1854 theriacam
837 1813 1040 1854 adsumebat;
1069 1815 1158 1865 quod
1177 1819 1230 1851 vni
1251 1815 1408 1852 duntaxat
1421 1821 1539 1853 Marco
1554 1820 1691 1855 Aurelio
1705 1821 1772 1855 An-

51 1868 190 1908 tonino,
222 1866 441 1917 philosopho,
477 1873 654 1906 conuenire
674 1882 713 1905 ex
733 1868 804 1904 libr.
821 1870 845 1903 1.
870 1866 911 1903 de
931 1867 1084 1904 antidotis
1110 1865 1320 1903 ostendimus.
1378 1870 1426 1903 Ac
1455 1867 1575 1904 deinde
1606 1873 1685 1905 vixit
1713 1869 1770 1906 sub

52 1915 179 1952 duobus
195 1919 464 1966 imperatoribus,
491 1923 545 1969 qui
563 1923 773 1968 Antipatrum
793 1916 972 1964 sophistam
995 1921 1119 1967 graecis
1134 1917 1364 1967 Augustalibus
1380 1918 1521 1967 epistolis
1534 1919 1770 1968 praefecerunt,

50 1964 110 2007 τὲν
131 1965 201 2007 τοὶς
222 1966 403 2013 ἕλληνικοὶς
425 1968 593 2011 {memdi-
621 1968 732 2010 αὐτῶν
760 1967 932 2020 πράττειν
954 1971 1213 2019 πεπιςευμένον,
1253 1980 1284 2005 et
1308 1971 1468 2007 theriacae
1489 1969 1580 2007 Vsum
1602 1973 1770 2021 publicum

51 2019 241 2057 liberalitate
266 2019 342 2064 sua,
368 2032 465 2071 atque
483 2026 515 2058 in
532 2037 666 2066 omneS,
693 2026 746 2072 qui
767 2023 926 2071 egebant,
953 2023 1259 2058 communicatione
1282 2019 1445 2072 frequenti
1467 2023 1674 2061 induxerunt.
1725 2027 1768 2060 lis

53 2080 162 2107 autem
185 2074 271 2108 notis
293 2082 389 2121 atque
412 2073 588 2124 insignibus
607 2075 660 2111 alii
682 2072 844 2123 designari
865 2084 1033 2123 nequeunt
1054 2076 1269 2123 imperatores
1290 2084 1418 2124 praeter
1432 2076 1612 2118 Seuerum,
1638 2080 1769 2128 eiusque

53 2122 158 2160 filium
175 2124 401 2169 Caracallam3
426 2126 517 2175 quod
539 2128 622 2162 mihi
644 2124 853 2176 probandum
871 2134 951 2162 erat.

155 2199 303 2236 Alterum
321 2201 386 2244 est,
409 2201 573 2238 Galenum
595 2216 664 2240 non
682 2201 781 2238 videri
806 2204 872 2237 eius
888 2201 961 2237 libri
985 2203 1175 2243 auctorem,
1202 2199 1255 2237 sed
1272 2200 1374 2237 alium
1389 2202 1567 2252 quemdam
1587 2204 1767 2248 medicum,

56 2253 109 2301 qui
127 2250 254 2289 Galerio
275 2250 431 2303 superstes
450 2251 566 2297 fuerit,
604 2265 636 2291 et
663 2251 720 2291 sub
750 2254 1003 2305 imperatoribus
1030 2255 1152 2290 Seuero
1182 2262 1214 2289 et
1234 2253 1403 2290 Caracalla
1433 2256 1605 2292 theriacam
1627 2268 1768 2343 coir-upo-

1686 2317 1767 2343 uerit

99 2408 134 2444 v)
154 2408 198 2438 ne
216 2409 336 2442 theriac.
357 2410 393 2441 ad
415 2409 510 2444 Pisou.
527 2420 591 2454 cap.
605 2421 632 2443 2.
653 2421 718 2455 pag.
734 2421 801 2451 93²·
822 2418 895 2444 tom.
910 2412 992 2442 XIII.
1014 2410 1051 2443 ef.
1065 2412 1183 2444 initium
1207 2421 1306 2463 cap-3.
1327 2422 1392 2454 pag.
1405 2420 1471 2450 933.

79 2464 148 2498 Vol.
160 2466 202 2500 V.
927 2465 957 2500 C
968 2476 985 2499 c
997 2477 1015 2500 c
