2013 2725
208 190 267 225 454
320 176 392 214 Lib.
404 173 473 211 IV.
489 171 631 211 cxlx.
684 169 854 210 GALENx
886 170 1001 208 me
1032 170 1294 210 MANIFESTE
1329 172 1471 210 sPVRn

207 273 249 310 de
265 270 448 320 ponderum
468 283 504 305 ac
524 266 751 304 mensurarum
772 269 897 303 ratione
911 267 1122 304 vehementer
1137 266 1326 317 deprauata,
1352 281 1438 303 nunc
1456 280 1569 317 graece
1589 278 1619 306 et
1638 269 1694 307 lat.
1715 269 1918 307 multo'co'r.

207 326 348 360 redliora
371 321 514 357 eiusdem
535 322 639 356 Mich.
659 320 800 355 Neandri
822 333 932 369 opera.
956 319 1047 355 Bafil.
1067 332 1128 369 per
1144 321 1190 354 1ο.
1206 322 1414 369 ΟΡοι-ἰηωιι,
1439 332 1515 366 1555-
1532 333 1564 365 4,
1623 342 1674 349 ,-
1700 325 1803 358 Vertit
1819 326 1919 360 etiam

206 380 242 412 in
261 375 395 411 latinam
416 373 563 420 linguam
581 370 785 419 Augustinus
801 371 1018 407 Gadaldinus.

305 458 369 494 ¹38.
398 449 475 498 Περὶ
498 446 851 496 αἰντεμβοιλλομένων.
905 447 959 482 De
973 447 1176 495 succedancir
1203 447 1289 483 liber.
1342 446 1454 483 Exstat
1475 450 1508 483 in
1532 446 1607 483 edit.
1628 447 1749 485 Aldina
1770 460 1849 498 part.
1863 452 1920 489 lv.

205 501 266 539 fol.
285 514 329 547 51.
357 500 414 536 sub
432 501 526 535 titulo
543 500 619 550 περὶ
636 498 963 547 (ἐπιβαλλομένων,
990 500 1071 534 inter
1088 498 1208 548 spurios
1226 501 1259 533 in
1282 498 1357 535 edit.
1379 512 1496 547 graeca
1513 499 1604 536 Balil.
1625 512 1706 550 part.
1721 503 1775 537 lv.
1794 514 1826 549 p.
1843 508 1922 545 484.

206 558 240 590 in
265 554 340 589 edit.
359 553 521 588 Charterii
543 561 622 587 tom.
643 554 726 587 Χ111.
749 565 821 600 pag.
837 554 910 596 965.
964 553 1000 585 ln
1022 548 1157 598 septima
1179 551 1348 585 luntarum
1371 549 1455 586 claffi
1472 554 1509 585 V.
1532 549 1591 587 fol.
1609 560 1660 594 84.
1712 553 1836 600 Spuriis
1859 554 1923 588 Ga·

205 606 272 642 leni
296 605 382 640 libris
403 607 470 639 iam
494 601 667 652 superioris
694 606 764 637 aeui
788 605 844 638 viri
866 601 955 638 doffl
977 601 1249 642 adnumeratum,
1282 599 1334 637 sed
1358 599 1427 637 sere
1451 601 1490 637 ad
1513 604 1660 650 optimos
1687 606 1770 639 inter
1794 601 1923 652 spurios

206 654 396 693 referendus
419 654 473 690 est.
527 658 603 690 Erat
625 657 690 689 iam
707 653 797 690 Pauli
819 656 994 702 Aeginetae
1017 654 1216 701 temporibus
1237 664 1354 695 notus,
1379 657 1434 703 qui
1455 666 1495 689 ex
1519 667 1559 690 eo
1581 655 1685 690 multa
1707 653 1863 704 excerpfit
1887 656 1923 691 in

206 708 279 745 libr.
301 707 342 742 de
367 705 488 741 remed.
505 708 575 740 Vll.
601 719 639 740 ex
665 706 780 754 quibus
807 715 893 740 totus
916 707 943 740 is
964 703 1005 739 de
1027 703 1330 741 succedaneisliber
1350 706 1394 740 est
1418 705 1631 755 compofitus.
1684 707 1802 742 Facem
1824 707 1924 742 etiam

205 754 233 801 ὃ
251 760 333 796 liber
353 758 497 806 praebuit
513 757 669 793 Arabibus
685 766 716 794 et
734 756 904 799 Ambfflis,
927 759 960 791 in
982 755 1178 799 medicinas,
1206 769 1288 806 quae
1308 757 1379 792 aliis
1400 755 1543 792 substitui
1567 756 1705 806 poffint‚
1731 757 1927 806 diligentiae

206 809 450 860 inquirentibus,
476 830 528 836 —-
561 808 700 844 Codices
721 811 828 855 graeci
855 805 926 843 sunt
950 810 983 842 in
1008 808 1084 844 bibl.
1105 808 1193 857 publ.
1216 806 1309 843 Paris.
1332 821 1380 845 nr.
1396 810 1641 845 MMCCCXH.
1657 809 1923 845 MMCCCXIX.

205 865 367 909 Excerpta
388 874 428 896 ex
454 859 529 896 eod.
555 873 602 894 nr.
618 861 850 896 MMCCVlIl.
878 858 993 894 Codex
1015 871 1148 905 graecus
1174 858 1218 894 est
1241 863 1337 895 etiam
1359 863 1392 895 in
1417 860 1565 896 biblioth.
1586 858 1702 896 caesar.
1720 859 1860 897 Wndob.
1881 858 1924 896 de

205 912 313 951 Neffel
333 921 412 960 part.
428 913 482 946 111.
505 923 576 959 pag.
593 923 642 947 22.
696 910 787 946 Alius
808 910 886 960 περὶ
910 911 976 948 τῶν
997 908 1340 959 οἱντεμβαλλομένων
1361 915 1396 949 ἔκ
1414 912 1478 949 τῶν
1493 915 1519 947 Γ
1521 913 1632 954 οιληνέ
1653 910 1696 946 est
1721 913 1754 945 in
1773 911 1924 946 biblioth.

205 964 348 1000 Vindob.
374 961 414 998 de
436 960 544 997 Ness'el
567 975 616 997 nr.
634 974 686 997 20.
712 974 783 1009 cap.
801 974 827 1006 5.
853 973 926 1008 pag.
940 973 988 1003 32.
1037 961 1127 996 Alius
1149 960 1255 997 codex
1274 962 1319 997 est
1340 966 1374 997 in
1396 962 1509 997 eadem
1534 963 1730 998 bibliotheca
1752 960 1794 997 de
1815 959 1924 998 Nesse!

204 1030 253 1053 nr.
270 1019 321 1051 26.
344 1027 418 1062 pag.
435 1015 487 1056 36.
541 1015 701 1060 Excerpta
717 1025 755 1048 ex
775 1013 870 1046 Pauli
885 1011 1060 1058 Aeginetae
1079 1013 1151 1047 libr.
1166 1015 1239 1049 Vll.
1266 1012 1306 1048 de
1324 1012 1572 1049 medicamentis
1590 1010 1796 1049 succedaneis
1816 1010 1925 1049 secun·

206 1067 286 1104 dum
311 1065 473 1102 Galenum
498 1061 571 1099 sunt
594 1067 628 1099 in
651 1063 726 1099 bibl.
744 1062 887 1099 vindob.
910 1076 960 1099 nr.
977 1071 1030 1104 28.
1056 1062 1096 1099 de
1118 1061 1225 1099 Neffel
1247 1075 1326 1112 part.
1343 1066 1396 1101 11¹.
1418 1077 1494 1114 pag.
1510 1077 1562 1111 39.
1615 1064 1682 1100 Alii
1702 1064 1831 1100 codices
1854 1062 1924 1100 duo

206 1117 279 1155 sunt
299 1122 331 1153 in
353 1116 423 1153 ead.
442 1115 517 1151 bibl.
542 1129 590 1151 nr.
604 1127 650 1158 32.
670 1127 742 1164 pag.
759 1126 813 1159 44.
840 1135 892 1143 --
917 1114 1002 1151 Cod.
1024 1116 1081 1151 lat.
1103 1119 1136 1150 in
1158 1114 1235 1150 bibl.
1258 1115 1344 1164 publ.
1367 1114 1460 1152 Paris.
1483 1129 1532 1151 nr.
1545 1116 1926 1152 MMMMMMMLVL

206 1171 321 1207 Galeni
338 1167 428 1216 epist.
445 1170 477 1203 in
496 1166 826 1202 antemballomenon
845 1165 966 1201 librum
987 1169 1019 1201 in
1041 1166 1116 1201 bibl.
1135 1167 1259 1203 Bodlei.
1280 1167 1372 1203 catal.
1391 1168 1489 1204 MSS.
1509 1167 1605 1216 Angl.
1625 1181 1672 1203 nr.
1687 1171 1777 1213 3637.
1830 1166 1924 1203 Alius

206 1221 310 1258 codex
336 1232 490 1268 graecus,
516 1221 571 1266 qui
597 1218 738 1253 multum
760 1214 919 1265 discrepat
939 1218 977 1252 ab
1001 1216 1112 1261 editis,
1136 1217 1179 1254 est
1202 1221 1235 1253 in
1258 1219 1332 1254 bibl.
1358 1220 1550 1256 coisliniana
1570 1217 1758 1255 Montfauc.
1782 1228 1863 1267 part.
1880 1219 1922 1253 11.

206 1287 281 1323 pag.
297 1279 372 1317 448.
399 1291 451 1298 —-
482 1269 592 1305 Exstat
611 1281 744 1318 graece.-
779 1268 894 1304 Galeni
914 1268 986 1304 libri
1009 1269 1146 1318 aliquot·
1158 1272 1266 1318 graeci
1288 1273 1405 1319 partim
1430 1272 1584 1306 haetenus
1606 1283 1675 1306 non
1697 1269 1773 1313 visi,
1804 1273 1924 1319 partim

208 1323 335 1361 mendis
359 1324 524 1370 repurgati
548 1331 580 1357 et
603 1319 735 1356 restituti
754 1333 831 1356 cum
855 1322 1116 1356 annotationibus
1135 1323 1183 1356 Io.
1200 1322 1282 1356 Caii.
1309 1320 1427 1357 scilicet
1451 1321 1492 1357 de
1512 1321 1645 1357 decretis
1664 1323 1874 1370 Hippocratis
1892 1329 1925 1355 et
1992 1328 1998 1333 “

208 1377 374 1421 Platoni33
403 1373 443 1409 de
464 1372 730 1414 medicamentis,
764 1384 846 1421 quae
867 1374 951 1407 inter
975 1370 1006 1408 se
1027 1382 1296 1416 commutantur3
1324 1375 1503 1409 anatomici
1526 1373 1598 1408 libri
1616 1374 1673 1408 lx.
1698 1372 1741 1408 de
1759 1369 1924 1408 musculo-

208 1441 283 1464 rum
304 1436 397 1462 motu
415 1424 488 1459 libri
509 1426 544 1460 11.
570 1423 660 1460 Bafil.
677 1435 764 1469 1544.
779 1435 811 1467 4.
838 1442 887 1449 —
916 1424 1033 1459 Latine
1055 1425 1202 1472 Georgio
1219 1424 1314 1460 Valla
1339 1428 1530 1472 interprete,
1558 1437 1634 1459 cum
1658 1423 1729 1459 aliis
1754 1422 1869 1459 Galeni
1892 1431 1926 1460 et

209 1480 303 1515 ahor.
327 1489 472 1524 graecor.
494 1475 583 1510 libris
609 1478 723 1511 Venet.
746 1481 840 1520 1498.
857 1473 920 1510 fol.
945 1495 998 1502 —
1024 1474 1118 1510 Paris.
1143 1487 1227 1522 ¹530·
1251 1482 1283 1517 8.
1310 1496 1362 1504 —
1389 1474 1483 1511 Paris.
1501 1487 1578 1521 ¹557·
1597 1482 1630 1517 8.
1656 1494 1706 1504 —
1731 1477 1923 1524 Interpretes

209 1531 301 1567 latini
322 1527 395 1565 sunt
414 1527 519 1562 Iulius
534 1528 728 1562 Martianus
743 1527 850 1566 Rota,
877 1527 926 1565 Io.
944 1527 1158 1563 Guintheriu:
1171 1536 1203 1563 et
1220 1527 1326 1563 Ioaclz.
1340 1527 1557 1564 Camerarius.

310 1616 377 1651 139.
410 1605 465 1639 De
478 1605 675 1654 simplicibus
705 1604 929 1638 medicamentis
956 1605 1000 1638 ad
1020 1605 1273 1644 paternianum,
1307 1605 1431 1641 Galerio
1457 1605 1647 1640 adtributus
1674 1604 1762 1639 liber.
1792 1605 1826 1638 in
1848 1599 1924 1639 edit.

209 1659 369 1694 Charterii
389 1665 472 1692 tom.
487 1657 572 1692 xm.
595 1667 671 1703 pag.
685 1663 760 1701 984.
797 1656 831 1689 in
853 1653 989 1704 septima
1015 1657 1183 1692 luntarum
1214 1659 1296 1692 inter
1362 1659 1449 1692 urios
1477 1654 1537 1692 fol.
1552 1668 1605 1703 79.
1666 1656 1778 1691 Latine
1797 1664 1925 1690 tantum

209 1709 327 1750 exstat,
356 1720 461 1756 neque
476 1706 516 1742 ad
532 1720 686 1755 graecum
707 1707 913 1755 alphabetum
926 1733 936 1748 ‚
963 1720 1068 1756 neque
1085 1707 1124 1743 ad
1141 1707 1278 1743 latinum
1354 1721 1390 1744 ce
1406 1706 1552 1757 scriptus.
1599 1708 1746 1744 Nomina
1759 1704 1925 1757 permulta

210 1771 364 1809 corrupta
378 1759 547 1808 leguntur,
574 1758 613 1793 ab
629 1758 781 1799 auclore,
804 1771 938 1806 graecae
960 1757 1093 1807 linguae
1114 1759 1210 1807 plane
1229 1762 1359 1807 ignaro-

311 1848 381 1879 ¹40·
406 1834 529 1871 Galeno
548 1834 724 1882 aafirn'ptus
743 1834 819 1869 liber
840 1835 879 1869 de
894 1834 1028 1880 plantis.
1078 1834 1188 1871 Exstat
1209 1837 1243 1871 in
1264 1834 1340 1871 edit.
1358 1835 1520 1870 Charterii
1540 1842 1623 1869 tom.
1637 1833 1722 1868 xm.
1738 1845 1812 1881 pag.
1828 1840 1926 1876 1004.⁴

209 1891 243 1925 in
268 1885 401 1937 septima
425 1889 593 1921 luntarum
611 1889 644 1921 in
665 1883 854 1934 spuriorum
876 1884 982 1921 classe.
1035 1886 1149 1921 Latine
1164 1897 1291 1922 tantum
1309 1885 1420 1922 exstat.
1471 1885 1525 1920 Est
1542 1882 1691 1933 synopsis
1707 1885 1868 1919 llbrorum
1883 1883 1924 1920 de

210 1939 407 1988 simplicium
430 1937 704 1973 medicamentor.
727 1934 841 1973 facult.
866 1937 906 1972 ab
931 1937 1036 1972 Arabe
1061 1936 1192 1973 medico
1221 1937 1378 1980 collecta,
1417 1935 1536 1972 deinde
1559 1935 1598 1971 ab
1620 1935 1820 1978 Iohanniu'o,
1852 1934 1924 1971 filio

211 1989 312 2032 Isaac,
330 1989 526 2038 locupletata
542 1991 805 2032 commentariis,
833 2002 851 2023 a
869 1989 1047 2028 Grumero,
1074 1987 1180 2024 iudice
1199 1989 1390 2029 Placentiae,
1410 1998 1442 2024 et
1460 1987 1500 2023 ab
1523 1988 1708 2023 Abrahamo
1729 1986 1861 2022 medico
1884 1998 1925 2023 ex

211 2043 352 2079 Arabico
375 2043 409 2075 in
430 2040 568 2076 latinum
593 2039 757 2076 translata.
809 2039 989 2083 Ambffiae,
1015 2050 1050 2074 vt
1065 2042 1128 2076 lac.
1144 2039 1182 2076 de
1199 2039 1370 2076 Foroliuio
1388 2051 1419 2075 et
1437 2039 1573 2076 Gentilis
1590 2037 1630 2074 de
1645 2038 1822 2086 fulgineo,
1845 2051 1924 2074 eum

211 2098 296 2130 inter
327 2094 431 2128 bonos
467 2101 499 2127 et
524 2096 685 2139 genuinos
714 2090 833 2126 Galeni
866 2091 965 2127 libros
997 2089 1155 2127 referunt.
1194 2111 1244 2119 --
1285 2091 1340 2126 Est
1369 2087 1478 2127 forsan
1509 2090 1639 2126 lexicon
1669 2090 1859 2124 botanicum
1888 2091 1924 2125 in

211 2145 408 2182 bibliotheca
433 2143 573 2177 Medicea
599 2153 630 2178 et
655 2141 696 2177 de
721 2142 873 2191 qualitate
900 2143 1076 2179 herbarum
1108 2152 1141 2179 et
1172 2152 1359 2179 aromatum
1384 2144 1421 2177 in
1449 2141 1644 2178 bibliotheca
1666 2139 1758 2191 publ.
1783 2140 1923 2190 Parissn.

213 2211 263 2234 nr.
285 2194 829 2232 MMMMIx‘ltxlDCCCXXXVH.

312 2283 375 2315 ¹41.
406 2270 529 2305 Galerio
542 2270 723 2317 adscriptus
741 2269 818 2305 liber
833 2270 868 2304 de
884 2271 1008 2305 virtute
1027 2277 1219 2306 centaureae.
1270 2268 1380 2305 Exstat
1403 2271 1435 2304 in
1459 2267 1534 2304 edit.
1556 2269 1718 2304 Charterii
1738 2276 1821 2304 tom.
1837 2269 1921 2304 xm.

213 2337 286 2374 pag.
305 2336 392 2359 1010.
420 2325 453 2356 in
473 2318 610 2369 septima
634 2323 798 2355 luntarum
822 2319 907 2356 class.
931 2319 1116 2369 spuriorum
1136 2320 1196 2358 fol.
1213 2333 1265 2368 92.
1316 2320 1428 2356 Exstat
1449 2322 1546 2355 latine
1570 2330 1716 2360 tantum,
1743 2330 1774 2355 et
1790 2318 1922 2367 scriptus

213 2377 258 2412 est
279 2375 318 2411 ad
336 2373 468 2409 fratrem
489 2371 604 2414 suum,
632 2374 774 2420 Papiam.
827 2372 881 2406 Est
904 2376 1051 2421 empirici
1073 2374 1163 2409 liber.
1214 2372 1331 2408 Codex
1354 2373 1397 2407 est
1420 2374 1452 2406 in
1476 2371 1625 2408 biblioth.
1639 2368 1845 2407 Escurialens.
1873 2389 1924 2399 -

214 2427 355 2463 Prodiit:
381 2425 523 2461 Galenus
537 2423 577 2460 de
590 2434 771 2461 centaurea.
799 2422 904 2473 Lugd.
917 2435 996 2471 1525.
1010 2435 1044 2470 4.
1069 2444 1120 2456 -·
1147 2427 1187 2462 ln
1209 2425 1278 2462 hoe
1299 2425 1470 2461 volumine
1489 2426 1697 2460 continentur
1708 2426 1758 2460 1ο.
1773 2424 1923 2471 Serapio-

1872 2483 1922 2510 ms
