2013 2725
231 144 292 193 234
394 145 467 182 Lib.
482 143 553 183 JV.
570 157 593 185 c.
608 143 724 181 XIII.
835 141 1101 182 PLVTARCHI
1132 143 1380 181 EDITIONES

230 241 371 331 {enslan
387 254 445 291 per
463 241 550 334 18³liil.
568 239 802 276 Melanchthon.
829 239 919 277 Bafil.
939 252 1022 287 ¹520·
1039 253 1070 285 4.
1097 258 1146 268 —-
1172 238 1389 290 Sympofiaca
1403 236 1459 276 lat]
1473 251 1533 289 per
1545 238 1633 277 Had.
1653 241 1727 278 Iun.
1749 243 1950 281 Hor-nanum.

257 309 303 330 ari
319 322 327 331 .
356 306 442 339 1547.
491 323 497 329 .

329 373 386 413 97.
414 363 539 396 Erotic.
560 370 593 396 et
617 361 653 396 de
673 364 711 398 Εἴ
733 361 821 407 apud
842 360 986 408 Delphos
1010 358 1110 395 latine
1134 362 1228 396 vertit
1245 358 1414 396 Arnoldus
1430 359 1612 403 Ferreum,
1636 358 1740 409 Lugd.
1758 361 1843 411 apud
1861 363 1950 399 Tor.

229 428 325 453 naen,
353 426 434 460 1557.
450 425 480 457 4.

333 489 393 528 98.
413 481 601 516 Amatoriae
619 481 821 515 narrationes
835 487 866 515 et
881 479 978 516 Alex.
994 477 1172 527 Aphrodis.
1187 477 1226 514 de
1243 477 1411 514 nonnullis
1432 475 1525 528 phys.
1551 478 1799 529 quaestionibus.
1827 479 1881 516 lat.
1907 482 1954 516 in·

228 544 367 583 terprete
386 534 561 569 Politiano.
590 530 678 566 Basti.
695 530 780 579 apud
800 531 969 569 Cratandr‚
988 542 1075 576 1520.
1091 543 1120 574 4.
1149 542 1227 576 1553.
1251 527 1313 566 sol.

329 614 373 647 99
388 612 418 636 et
435 613 506 635 100.
533 601 638 635 Vertit
655 602 752 634 etiam
769 600 925 634 Erasmm
941 600 1055 634 Vener.
1074 605 1153 642 1518.
1166 605 1195 639 8.
1226 596 1317 632 Basil.
1338 609 1423 643 1520.
1442 611 1471 643 4.
1490 608 1520 634 et
1536 595 1714 635 tom.Vlll.
1730 601 1818 649 Opp.
1842 595 1953 648 opusc.

229 657 266 691 de
281 654 405 689 induc-“io
419 654 560 699 principe
582 649 713 686 seorfim
737 664 870 700 quoque
891 649 1014 700 prodiit
1027 653 1207 699 Argentor.
1229 656 1316 695 1598.
1331 658 1363 691 8.

330 734 400 766 104.
425 721 476 754 De
492 720 624 753 vitanda
640 718 735 765 zficra
751 732 789 754 ex
806 731 926 766 graeco
942 720 972 753 in
988 716 1043 753 lat.
1060 717 1244 759 traductus,
1271 719 1305 763 (a
1322 717 1484 752 Bilibaldo
1499 717 1746 764 Pirklxeymero,
1773 720 1829 767 qui
1851 719 1884 753 in
1899 717 1954 754 de-

228 774 391 811 dicatione
407 769 502 807 suum
517 783 642 805 nornen
656 767 816 818 professus
831 770 905 814 ess,>
921 783 949 811 4.
977 771 1012 804 ln
1030 769 1138 805 calce:
1165 769 1368 817 Nnrenberge
1390 782 1447 816 per
1463 768 1547 803 Frid.
1566 771 1703 818 Peypus.
1726 784 1752 805 a.
1768 771 1837 805 XV.
1860 770 1906 814 (h.
1925 782 1953 806 e.

227 828 324 871 ¹515)
342 837 371 869 4.
398 844 448 850 --
475 836 553 857 cum
568 822 646 857 aliis.
666 821 740 856 ibid.
756 834 834 867 1523.
853 834 881 865 4.
901 820 979 867 (vid.
997 834 1043 856 nr.
1061 823 1130 867 79.)
1154 832 1184 857 et
1200 819 1292 857 Bafil.
1312 832 1387 867 1513.
1414 833 1445 865 4.
1468 819 1544 866 (vid.
1559 834 1608 856 nr.
1626 821 1697 870 59.)
1726 840 1773 848 ·—
1800 832 1885 867 1520.
1904 839 1954 848 -

227 879 345 929 gallice
360 878 452 912 vertit
467 875 590 910 Antan.
609 874 652 907 du
670 874 808 909 Moulin.
836 871 940 921 Lugd.
956 876 1041 918 1576.
1059 881 1088 914 8.

332 951 402 984 ¹08
432 942 483 976 De
499 941 627 986 placitis
647 940 908 986 p'zilosopborum
930 941 1004 974 libri
1023 939 1070 975 V.
1104 938 1203 973 latine
1229 939 1360 974 Budaeo
1385 941 1582 987 interprete,
1618 935 1713 973 Paris.
1742 936 1830 987 apud
1863 939 1953 974 Petit.

229 1009 308 1045 ¹503·
327 1007 356 1037 [1.
382 994 517 1039 (Mnitt.
535 993 572 1025 ll.
588 1004 662 1039 pag.
681 1003 736 1034 172
752 987 796 1038 sq.
812 1003 887 1024 cum
904 993 1007 1035 nota.)
1035 1010 1084 1016 -—
1113 993 1145 1024 it.
1164 992 1340 1036 Argentor.
1357 993 1435 1034 1516.
1453 1002 1482 1032 4.
1508 999 1538 1024 et
1559 993 1591 1023 in
1610 991 1731 1023 Budaea·
1743 991 1834 1038 Opp.
1857 989 1954 1026 Bafil.

230 1060 314 1095 1557.
336 1045 395 1081 fol.
420 1057 502 1079 tom.
519 1046 542 1079 Ι.
569 1055 642 1092 pag.
659 1053 704 1087 511
724 1039 793 1089 sqq.
823 1054 869 1089 gr.
895 1048 972 1076 curn
994 1040 1140 1076 versione
1158 1041 1282 1075 Budua·
1305 1041 1357 1077 lat.
1377 1038 1467 1075 Bafil.
1484 1039 1569 1090 apud
1585 1043 1730 1087 Heruag.
1755 1053 1829 1085 1531.
1846 1053 1875 1084 4.
1903 1060 1956 1068 —-

231 1113 363 1149 graece,
389 1096 428 1132 ad
448 1094 600 1130 Aldinatn
620 1093 692 1128 edit.
710 1093 923 1141 codicemque
948 1091 1193 1128 vetustissimum
1211 1093 1298 1127 MSt.
1323 1091 1504 1133 emendati3
1530 1091 1638 1127 addita
1660 1090 1704 1128 est
1722 1092 1811 1127 Guil.
1830 1092 1956 1128 Budaei

230 1150 454 1200 ,wei-pretatio
468 1147 578 1182 latina.
606 1143 696 1180 Paris.
712 1143 797 1192 apud
814 1147 874 1179 Iac.
890 1144 1092 1191 Bogardum.
1110 1156 1196 1189 1544.
1214 1156 1244 1187 4.
1296 1142 1415 1178 Budaei
1435 1146 1658 1191 interpretatio
1684 1145 1796 1179 iterata
1813 1144 1856 1179 est
1875 1157 1955 1180 cum

230 1207 341 1239 cerem
359 1202 440 1236 Plut.
458 1198 657 1239 moralibus,
685 1199 798 1231 Vener.
816 1207 907 1241 1509.
935 1206 1006 1231 tum
1021 1197 1054 1230 in
1068 1195 1156 1231 editt.
1172 1195 1264 1230 Basti.
1289 1206 1320 1229 et
1336 1196 1488 1242 Stephan.
1515 1216 1566 1221 -—-
1591 1196 1680 1230 Gnil.
1698 1195 1956 1243 Xylandri⁴ven

230 1255 279 1293 fio
301 1255 400 1290 latina
425 1252 533 1286 lucem
556 1248 636 1284 vidit
659 1260 735 1292 1571.
757 1259 842 1293 1579.
862 1259 947 1293 1592.
972 1257 1003 1283 et
1025 1249 1057 1282 in
1079 1246 1152 1282 edit,
1170 1260 1218 1295 gr,
1235 1246 1289 1282 lat.
1317 1244 1466 1281 francof.
1485 1249 1576 1281 1620.
1593 1256 1623 1281 et
1641 1244 1733 1282 Paris.
1755 1250 1844 1290 1624.
1869 1248 1956 1282 Her·

231 1319 337 1344 mann.
355 1303 522 1350 Cruseriur
537 1302 591 1336 lat.
609 1303 702 1335 vertit
717 1299 806 1335 Basti.
834 1311 914 1345 1573.
941 1299 1059 1346 gallice
1078 1299 1209 1337 Armet,
1244 1298 1349 1334 italice
1372 1308 1481 1333 autem
1504 1299 1610 1334 Mm.
1629 1297 1753 1333 Ληΐου.
1771 1299 1955 1342 Gandimss,

230 1362 346 1395 Vener.
363 1359 449 1398 1614.
477 1351 548 1388 vide
565 1352 724 1387 Plutarchi
740 1353 857 1392 vitam,
881 1365 898 1386 a
917 1351 1048 1399 Corstno
1066 1349 1246 1397 expositam
1264 1352 1394 1398 eiusque
1410 1350 1593 1398 praeclarae
1617 1360 1648 1384 et
1670 1353 1798 1385 criticae
1819 1349 1954 1386 editioni

232 1410 411 1462 praefixam
433 1419 504 1454 pag.
520 1405 591 1438 XXI
612 1401 654 1450 sq.
683 1403 733 1438 vbi
754 1401 793 1436 de
810 1399 1028 1451 superioribus
1044 1402 1244 1438 versionibus
1268 1412 1300 1438 et
1323 1402 1520 1438 editionibus
1545 1400 1764 1450 intelligenter
1786 1400 1954 1438 iudicatur.

231 1461 388 1511 Inscripta
412 1469 522 1494 autern
537 1455 581 1491 est
601 1455 687 1491 illius
709 1453 828 1489 editio:

332 1524 549 1576 Πλετοὶξχε,
575 1544 626 1551 -—
652 1521 824 1558 Plutarchi
839 1522 875 1557 de
889 1522 1016 1567 placitis
1022 1521 1287 1569 pbilosophorum
1313 1522 1388 1557 libri
1404 1521 1450 1557 V.
1477 1519 1578 1556 latine
1601 1519 1759 1564 reddidit,
1785 1517 1954 1565 recensuit,

232 1581 410 1622 adnotatu,
433 1577 628 1613 variantibus
643 1575 854 1616 leelionibus,
881 1572 1049 1610 dissertatt.
1075 1573 1246 1609 illustrauit
1272 1574 1418 1608 Ednard.
1438 1574 1604 1622 corfinus,
1632 1572 1750 1609 Cleric.
1773 1586 1840 1622 reg.
1863 1571 1957 1609 scho-

232 1635 340 1671 larum
365 1634 513 1681 piarum,
540 1631 574 1663 in
595 1623 705 1662 Pisana
726 1625 815 1661 acad.
831 1624 1063 1674 philosophiae
1081 1623 1256 1660 Professor.
1284 1626 1428 1661 Florent.
1451 1638 1491 1660 ex
1508 1628 1587 1673 imp.
1604 1626 1839 1674 typographio.
1866 1637 1956 1671 1750.

233 1688 310 1723 mai.
324 1696 356 1727 4.
409 1681 571 1718 Plutarchi
587 1680 686 1714 vitam
703 1680 821 1726 excipit
837 1680 868 1717 1)
883 1674 1025 1722 syllabus
1042 1676 1319 1726 philosophorum
1330 1704 1339 1720 ‚
1365 1675 1510 1726 quorum
1526 1677 1644 1725 placita
1660 1692 1678 1712 a
1694 1676 1865 1712 Plutarcho
1880 1688 1955 1724 pro-

233 1736 403 1774 feruntur,
429 1734 462 1780 2)
479 1730 593 1774 index,
619 1732 651 1765 in
665 1743 732 1780 quo
746 1727 873 1777 singula
892 1728 1054 1764 Plutarchi
1069 1728 1141 1764 ioca
1160 1729 1368 1769 exhibentur,
1394 1732 1428 1762 in
1445 1728 1559 1776 quibus
1576 1728 1632 1763 ille
1645 1726 1833 1777 philosophi
1850 1731 1955 1764 cuius-

233 1802 296 1837 que
313 1787 429 1835 placita
444 1785 653 1819 memorauit.
709 1783 804 1816 Tum
822 1777 966 1828 sequitur
985 1790 1086 1815 textus
1099 1792 1235 1828 graecus
1250 1793 1325 1814 cum
1344 1779 1472 1814 Corfini
1488 1778 1635 1814 versione
1649 1781 1701 1816 lat.
1717 1783 1871 1827 notisque
1895 1782 1956 1815 cri-

232 1843 301 1876 ticis
320 1849 416 1887 atque
433 1836 627 1884 exegeticis,
651 1834 847 1880 comparatis
871 1840 1016 1866 veterum
1039 1829 1317 1880 philosophorum
1340 1828 1518 1873 sententiis,
1545 1830 1699 1879 librisque
1721 1828 1866 1873 Eusebii‚
1894 1832 1957 1866 Ga-

232 1893 297 1931 leni
315 1901 346 1926 et
360 1890 489 1925 Stobaei
509 1889 563 1935 qui
578 1887 758 1919 maximam
773 1883 954 1918 Plutarehei
971 1885 1077 1930 operis
1096 1891 1219 1930 partem
1237 1880 1479 1932 exscripserunt.
1532 1881 1644 1918 Postea
1658 1886 1765 1918 variae
1778 1882 1935 1918 lectiones
1943 1895 1956 1927 ς
1996 1902 1997 1918 t

234 1944 375 1991 denique
393 1937 593 1986 copiosiores
608 1932 856 1976 differtationes,
884 1937 918 1968 in
935 1935 1048 1982 quibus
1064 1937 1091 1978 1)
1108 1933 1294 1969 difficiliora
1311 1933 1471 1982 quaedam
1489 1933 1650 1968 Plutarchi
1666 1934 1753 1977 loca,
1777 1933 1830 1969 vel
1844 1932 1958 1970 obscu·
1994 1958 1996 1966 t

233 1999 320 2031 riora
335 1989 613 2042 philosophorum
631 1987 750 2036 placita
766 1986 892 2020 vberius
909 1996 1120 2034 exponuntur
1136 1999 1172 2020 ac
1191 1985 1406 2023 illustrantur,
1435 1987 1466 2029 2)
1482 1985 1624 2033 plurima
1643 1995 1718 2022 vett.
1741 1983 1958 2036 philosopho-

235 2060 310 2084 rum
326 2046 452 2095 placita,
468 2057 486 2076 a
499 2041 672 2076 Plutarcho
687 2047 882 2079 memorata,
902 2050 978 2072 cum
996 2040 1218 2072 recentiorum
1235 2038 1360 2086 placitis
1377 2035 1603 2072 conferuntur.

332 2108 517 2148 Nouiffima
533 2120 634 2156 eaque
651 2108 759 2141 critica
777 2114 807 2140 et
821 2107 952 2153 egregia
969 2103 1013 2139 cst
1029 2104 1148 2144 editio,
1175 2108 1272 2140 etiam
1288 2117 1306 2139 a
1322 2106 1428 2140 nitore
1442 2103 1621 2139 litterarum
1645 2113 1780 2152 arteque
1801 2112 1958 2154 typogra-
2003 2119 2011 2138 ⁰.

234 2169 332 2218 pliica
352 2160 640 2200 commendabilis:
671 2156 839 2192 Plutarchi
864 2155 904 2191 de
928 2155 1068 2204 physicis
1090 2154 1369 2205 philosophorum
1395 2155 1552 2195 decretis,
1586 2155 1660 2190 libri
1682 2158 1722 2193 V.
1743 2156 1955 2192 Emendatio.
1988 2180 1989 2187 ,

235 2232 285 2255 res
300 2215 399 2254 edidit
414 2222 444 2250 et
459 2213 607 2248 lectionis
622 2212 808 2244 varietatem
831 2207 947 2243 adiecit
963 2209 1042 2245 Chr.
1058 2209 1149 2243 Dan.
1165 2209 1305 2243 Bestius.
1332 2206 1458 2256 Lipsiae
1477 2215 1564 2253 ¹787·
1585 2214 1615 2248 8.

338 2305 394 2330 111.
422 2293 475 2326 De
492 2291 600 2337 primo
614 2287 768 2333 frigido,
800 2298 915 2334 graece
937 2298 1013 2320 eum
1035 2288 1166 2334 interpr,
1189 2284 1287 2320 latina
1313 2285 1400 2320 Adr.
1425 2284 1576 2320 Turnebi.
1617 2279 1709 2319 Paris.
1733 2286 1766 2318 in
1789 2283 1878 2321 offic.
1901 2294 1954 2330 ty·
1984 2309 1985 2316 t

237 2357 334 2395 pogr.
349 2342 501 2379 Turnebi
518 2353 598 2386 ¹552·
613 2351 643 2383 4.
671 2337 850 2386 (exempli,
873 2336 963 2385 quod
981 2337 1024 2372 est
1044 2340 1076 2371 in
1093 2335 1166 2371 bibl.
1185 2334 1349 2377 Leidensi,
1377 2348 1454 2371 orae
1475 2337 1563 2370 varia
1584 2333 1657 2370 sunt
1674 2333 1832 2385 adscripta
1854 2344 1885 2372 et
1910 2338 1956 2372 vi»

234 2398 353 2437 dentur
370 2394 507 2437 collata,
531 2390 596 2429 vid.
611 2388 704 2426 catal.
721 2401 795 2440 pag.
812 2390 878 2429 168.
894 2402 941 2425 nr.
960 2390 1028 2435 97.)
1056 2398 1087 2425 et
1103 2390 1137 2425 in
1158 2388 1300 2426 Turmba·
1315 2388 1401 2437 OPP·
1425 2396 1505 2424 tom.
1520 2389 1559 2424 11.
1583 2400 1633 2423 nr.
1650 2387 1723 2436 Vn,

1806 2473 1866 2506 113.
1891 2472 1954 2510 114.
