2049 2720
232 140 297 179 ΕΤ
320 138 505 190 Quom
532 135 859 180 σεΝνιΝοκνΜ,
894 111 1118 175 Recensio
1146 140 1216 175 Lib.
1231 138 1298 176 JV.
1311 152 1333 175 c.
1347 139 1455 175 XIX.
1474 140 1527 186 (οι.
1541 138 1687 186 XVII.)
1715 155 1772 187 441

55 239 248 275 Martianus
271 238 376 276 Rota,
406 237 543 270 loannes
566 232 788 270 Guintlzerius.
845 231 1042 267 Emendauit
1067 234 1255 269 Guiutlierii
1275 233 1457 270 versionem
1479 236 1676 271 Charterius.
1717 256 1767 264 .-

51 292 172 326 Galeni
193 289 234 324 de
255 286 470 337 praesagitum
493 289 574 321 Geo.
594 285 693 320 Valla
714 285 888 330 interprete
909 283 1033 333 prodiit
1058 297 1135 319 cum
1159 285 1226 320 aliis
1247 285 1362 320 Galeni
1388 297 1420 321 et
1439 286 1532 321 alior.
1549 288 1763 324 Graecorum.

55 343 172 377 venet.
190 345 277 387 1498.
293 337 352 375 fol.
381 359 430 365 —
455 337 577 373 Prodiit
591 335 708 372 Leonh.
725 336 869 371 lacchino
885 338 1058 384 interprete
1073 348 1150 370 cum
1164 336 1443 385 explanationibus
1463 348 1551 382 1540.
1570 350 1599 381 4.

153 424 202 459 81.
234 416 313 466 Περὶ
343 411 526 455 οἰντιὸἇτων
559 412 694 455 Βιβλία
714 409 762 456 β’.
813 412 866 447 De
889 413 1047 449 antidotis
1071 413 1143 447 libri
1166 413 1239 447 duo.
1293 414 1404 450 Exstat
1422 417 1455 449 in
1481 412 1599 449 Aldina
1625 424 1705 462 part.
1722 417 1761 450 11.

51 465 113 504 fol.
127 471 179 513 65.
206 470 239 503 in
264 482 381 516 graeca
402 467 495 502 Basil.
520 475 598 515 part.
616 466 655 501 11.
680 477 753 512 pag.
770 475 837 508 423.
864 466 896 498 in
916 462 990 501 edit.
1006 465 1166 499 Charterii
1189 473 1269 499 tom.
1286 467 1369 501 XIII.
1389 478 1464 514 pag.
1481 467 1552 511 865.
1581 467 1612 499 in
1626 463 1761 514 septima

51 521 221 555 Imitatum
240 518 327 556 class'.
346 522 386 554 V.
403 517 462 554 fol.
480 531 536 564 99.
588 518 666 551 Non
688 518 839 551 meminit
860 514 993 564 quidem
1014 515 1321 569 norum‘fibrorum
1345 516 1384 552 de
1404 516 1557 552 antidotis
1582 519 1665 552 inter
1685 529 1760 565 pro·

49 574 140 618 prios
166 570 327 613 Galenus3
352 568 405 605 sed
431 582 501 604 non
527 571 634 616 potuit
653 564 854 610 meminisse,
881 569 958 615 quia
981 569 1039 602 viri
1063 564 1144 601 senis
1167 565 1239 601 sunt
1264 580 1364 616 opus,
1391 578 1422 603 et
1441 566 1545 615 scripti
1561 566 1648 606 fere,
1675 568 1760 616 post-

49 635 150 671 quam
164 619 235 655 suos
250 620 394 672 Reliquos
411 620 510 655 libros
526 631 642 655 omnes
658 615 832 667 scripserat.
886 620 1022 653 Enarrat
1035 615 1101 666 ipse
1117 631 1264 666 quonam
1281 618 1387 654 modo
1410 617 1508 654 suerit
1529 617 1600 653 vsus
1619 621 1651 653 in
1670 632 1760 655 com-

48 672 203 721 ponenda
217 673 358 707 theriaca
372 675 405 707 in
419 668 512 706 vsum
527 673 786 718 imperatorum,
812 670 962 717 inprimis
984 670 1092 704 Marci
1115 670 1237 705 Aurelii
1253 672 1430 712 Antonini,
1455 680 1549 719 atque
1563 671 1692 709 Seueri,
1718 669 1759 706 de

48 736 118 772 quo
133 723 207 759 vide
221 736 283 759 nos
297 721 392 770 supra
409 726 447 758 in
462 725 525 757 vita
541 722 667 756 Galeni.
719 723 832 756 PrImo
854 720 939 756 libro
962 720 1003 756 de
1024 722 1165 756 theriaca
1186 730 1314 757 tantum
1340 721 1503 770 loquitur,
1531 724 1759 768 rationemque

46 777 116 810 eius
134 774 297 824 parandae
311 772 467 810 fufiffime
481 787 519 809 ac
533 771 730 808 subtiliffime
753 775 908 821 exponit;
929 772 1032 807 altero
1050 785 1128 807 vero
1142 771 1278 807 antidoti
1293 773 1477 821 permultae
1491 773 1631 808 aliorum
1647 774 1758 809 aucto-

44 839 122 862 rum
147 836 366 876 exponuntur.
400 845 449 852 —
481 824 618 860 Codices
642 825 740 859 MSS.
750 825 856 871 graeci
878 822 950 858 sunt
968 826 1001 858 in
1016 823 1160 859 biblioth.
1175 823 1263 873 publ.
1281 825 1390 871 Paris.
1405 837 1453 860 nr.
1469 824 1696 860 MMCLXIV.
1723 825 1758 860 in

44 877 194 914 bIblioth.
211 873 363 914 Medilca.
414 878 670 925 Fragmentum,
696 885 727 911 et
747 878 781 910 in
803 887 844 910 eo
868 888 1000 910 carmen
1025 873 1248 910 Andromachi
1269 874 1308 910 de
1331 878 1471 910 theriaca
1492 873 1536 910 est
1557 877 1591 909 in
1608 875 1755 911 biblioth.

45 926 162 965 caesar.
185 930 323 965 Vindub.
339 929 491 964 Lambec.
507 930 562 963 VI.
588 940 660 975 pag.
678 938 741 969 143.
769 924 858 960 conf.
873 926 913 961 de
931 924 1048 962 Neffel.
1073 937 1153 975 part.
1170 928 1222 961 111.
1245 939 1320 975 pag.
1338 938 1383 971 53.
1443 927 1530 961 Libri
1552 925 1617 961 duo
1641 928 1757 975 integri

45 977 119 1017 sunt
134 983 166 1015 in
183 980 328 1014 biblioth.
345 982 387 1014 D.
402 981 507 1014 Marci
528 979 653 1014 Veneta
670 976 745 1013 cod.
761 977 962 1013 CCLXXXI.
987 977 1092 1021 (catal.
1106 990 1191 1024 pag.
1209 978 1289 1022 ¹36.)
1315 997 1361 1003 --
1389 976 1511 1012 Prodiit
1534 977 1649 1015 latine,
1676 991 1753 1012 cum

45 1041 117 1067 not.
133 1032 191 1066 Fr.
209 1031 357 1066 Tidicaei.
381 1031 567 1070 Thorunii,
595 1032 683 1072 1607.
698 1040 729 1072 4.
751 1049 800 1054 ——-
827 1030 931 1062 Vertit
948 1031 992 1064 lo.
1006 1029 1217 1064 &ratherius
1239 1038 1270 1063 et
1291 1028 1353 1062 Iul.
1373 1029 1565 1063 Martianus
1582 1030 1679 1063 Rota.
1702 1048 1755 1055 —-

43 1084 84 1118 In
102 1081 339 1131 compendium
354 1081 476 1118 redatsti
491 1082 529 1116 ab
546 1081 655 1116 Andr.
675 1081 806 1114 Lacuna
826 1078 1014 1127 prodierunt
1037 1083 1207 1127 Antwerp.
1231 1092 1308 1125 ¹575.
1333 1084 1402 1114 iz*
1426 1093 1503 1114 cum
1524 1079 1608 1114 libro
1630 1077 1669 1114 de
1686 1080 1755 1114 the-

43 1137 130 1170 riaca
147 1134 185 1168 ad
206 1132 365 1168 Pisonem.
394 1153 441 1160 -
470 1131 644 1168 Antidotos
659 1131 814 1178 quasdam
833 1142 996 1179 excerptas
1016 1131 1119 1166 latino
1140 1133 1284 1165 carmine
1299 1131 1405 1166 Ioach.
1423 1131 1624 1167 Camerarius
1648 1129 1755 1166 reddi·

42 1184 108 1230 dit,
132 1195 166 1221 vt
185 1186 333 1221 Galenen
348 1183 589 1225 Andromachi,
615 1184 791 1216 theriacam
808 1183 983 1225 Antiochi,
1008 1191 1068 1216 cet.

146 1269 198 1304 82·
226 1261 305 1311 Hae)
319 1260 484 1309 κυεμένων
505 1254 737 1298 διαπλάσεως.
790 1258 844 1292 De
845 1259 998 1304 foetuum
1011 1257 1216 1303 formatione
1239 1256 1371 1293 libellus.
1421 1257 1531 1292 Exstat
1552 1258 1585 1292 in
1604 1255 1680 1294 edit.
1698 1257 1754 1293 Al-

10 1324 13 1326 ’
40 1312 121 1350 dina
136 1323 217 1362 part.
239 1315 264 1348 Ι.
283 1309 344 1348 fol.
360 1319 415 1358 98.
439 1315 473 1346 in
487 1324 602 1359 graeca
616 1308 709 1345 Basil.
727 1319 806 1357 part.
821 1310 845 1344 Ι.
860 1321 933 1357 pag.
950 1320 1013 1351 2¹3·
1040 1311 1074 1343 in
1097 1307 1171 1343 edit.
1187 1309 1347 1354 Charterii
1369 1318 1452 1345 tom.
1469 1310 1509 1343 V.
1532 1321 1608 1358 pag.
1626 1317 1694 1354 285.
1720 1310 1754 1344 in

39 1362 181 1414 -septima
201 1366 369 1399 luntarum
391 1361 475 1398 claff.
495 1366 516 1398 1.
537 1360 597 1397 fol.
615 1374 680 1406 3²2·
740 1359 814 1396 Effe
834 1374 876 1395 ex
903 1359 1083 1395 nouissimis
1105 1361 1305 1408 optimisque
1328 1360 1443 1395 Galerii
1476 1361 1628 1409 operibus
1657 1357 1754 1395 refert

43 1416 159 1453 Haller
173 1418 206 1450 in
221 1415 364 1450 biblioth.
381 1425 464 1450 anat.
482 1424 563 1450 tom.
581 1417 602 1449 I.
620 1426 694 1461 pag.
714 1424 774 1448 101.
827 1412 945 1447 Foetus
971 1414 1223 1460 generationem
1247 1421 1277 1446 et
1303 1409 1541 1447 formationem
1565 1424 1640 1446 cum
1663 1411 1754 1459 plan-

42 1477 150 1503 tarum
173 1464 372 1502 formatione
395 1463 561 1515 ingeniose
586 1474 770 1512 comparat,
807 1461 1016 1512 epigeneseos
1037 1461 1179 1508 systema
1200 1465 1233 1497 in
1255 1460 1361 1498 foetus
1376 1461 1576 1499 formatione
1596 1460 1753 1498 adferens.

39 1514 171 1554 -Cdntra
185 1516 409 1567 Chryfippum
425 1517 529 1552 multa
544 1519 577 1551 iu
597 1530 638 1551 eo
654 1516 739 1550 libro
755 1526 999 1565 proponuntur.
1027 1535 1076 1541 —
1100 1515 1294 1563 interpretes
1316 1512 1386 1551 sunt
1407 1517 1455 1550 Io.
1474 1515 1660 1549 Bernartius
1672 1515 1754 1548 Feli-

36 1572 166 1605 -tianus-
214 1571 290 1604 Eius
314 1568 417 1604 versio
438 1567 558 1617 prodiit
580 1581 656 1602 curn
676 1567 747 1602 aliis
770 1566 884 1602 Galeni
907 1566 1006 1604 libris.
1040 1565 1130 1601 Basil.
1151 1577 1229 1611 1535.
1254 1563 1314 1601 fol.
1356 1587 1406 1593 —
1448 1568 1550 1600 Ianus
1569 1565 1754 1601 Carnarius.

38 1622 120 1658 Eius
136 1618 239 1656 verfio
257 1619 377 1669 prodiit
391 1633 467 1656 cum
481 1620 550 1655 aliis
563 1618 678 1654 Galerii
697 1617 789 1654 Basil.
810 1630 888 1664 1535.
907 1616 970 1655 fol.
999 1639 1050 1647 —
1075 1619 1126 1653 Io.
1146 1618 1378 1659 Guintherius,
1398 1620 1487 1653 cuius
1504 1615 1608 1652 verfio
1632 1615 1754 1665 prodiit

28 1676 122 1710 'cum
135 1672 304 1707 nonnullis
320 1672 388 1707 aliis
412 1669 505 1707 Paris.
520 1674 600 1717 1536.
618 1669 679 1708 fol.
703 1691 756 1698 —
781 1670 904 1706 Prodiit
920 1671 1052 1718 gallice:
1077 1669 1117 1705 de
1130 1669 1162 1705 la
1175 1666 1359 1706 formation
1374 1668 1430 1706 des
1442 1667 1558 1706 enfans
1581 1680 1622 1703 au
1644 1677 1755 1703 ventre

15 1760 18 1761 γ
45 1723 129 1760 dela
143 1737 243 1765 mere.
270 1721 363 1759 Paris.
384 1735 462 1769 1559.
478 1730 507 1764 8.

144 1819 186 1854 Χ.
213 1817 319 1859 Libri,
341 1816 383 1852 de
409 1828 552 1864 quorum
573 1815 771 1864 originibus,
797 1828 878 1850 num
902 1815 942 1850 ab
967 1813 1039 1865 ipso
1061 1814 1211 1858 Galerio,
1237 1814 1288 1850 vel
1312 1813 1444 1850 aliunde
1467 1813 1663 1863 repetendae
1681 1812 1755 1856 fint,

41 1882 116 1906 uon
130 1866 202 1904 satis
217 1867 362 1910 constat,
385 1869 418 1902 hi
434 1865 522 1902 sunt:

145 1942 196 1978 83.
222 1932 408 1980 ΕἷσαῪωῪὴ
422 1929 439 1976 ἢ
452 1929 580 1983 ion-4255.
634 1932 858 1971 Introduffio,
875 1932 938 1979 seu
959 1931 1102 1967 vindicus.
1156 1933 1204 1967 Ita
1224 1933 1350 1967 inuenit
1371 1932 1455 1966 Ren.
1471 1931 1658 1967 Charterius
1680 1932 1753 1964 titu-

43 1985 119 2022 111111
141 1989 175 2021 in
195 1984 461 2021 otto-codicibus
484 1986 580 2020 MSS.
604 1996 685 2032 quos
706 1981 771 2031 ipse
791 1983 949 2025 contulit,
975 1995 1184 2031 quorumque
1207 1983 1421 2019 collationem
1440 1983 1568 2018 exhibet
1582 1984 1615 2017 in
1630 1978 1751 2017 concis.

46 2047 117 2074 not.
133 2047 165 2073 et
180 2039 272 2072 variis
288 2036 373 2073 lectt.
391 2035 429 2071 ad
447 2045 528 2071 tom.
545 2036 582 2068 11.
596 2047 671 2083 pag.
687 2045 760 2079 405.
810 2034 921 2069 Exstat
936 2036 960 2068 is
973 2034 1053 2068 liber
1068 2037 1102 2069 in
1116 2034 1187 2070 edit.
1204 2047 1313 2082 graec,
1328 2034 1435 2070 Aldin.
1457 2043 1538 2082 part.
1555 2035 1612 2068 1V.
1639 2036 1673 2067 in
1696 2029 1754 2066 isa-

47 2102 127 2138 gog.
142 2087 204 2124 fol.
222 2102 245 2124 1.
270 2090 304 2123 in
319 2086 433 2136 graeca
452 2086 541 2122 Basil.
557 2096 637 2135 part.
656 2087 710 2120 IV.
727 2097 798 2133 pag.
813 2097 876 2129 37¹·
898 2087 933 2120 in
947 2084 1022 2121 edit.
1041 2087 1201 2121 Charterii
1217 2096 1296 2121 tom.
1312 2087 1350 2121 Π.
1366 2099 1439 2134 pag.
1454 2088 1528 2129 360.
1581 2085 1660 2120 Non
1685 2096 1753 2118 me-

41 2143 142 2176 -minit
156 2138 297 2176 Galenus
313 2142 381 2174 eius
395 2138 486 2181 libri,
509 2141 564 2186 qui
583 2150 679 2186 quam
699 2137 840 2185 plurima
857 2149 957 2184 eaque
973 2135 1134 2173 vtilissima
1151 2136 1190 2173 ad
1214 2135 1374 2173 sectarum
1397 2136 1569 2173 historiam
1593 2138 1751 2176 continet,

47 2205 86 2226 ac
102 2195 135 2227 in
148 2191 256 2227 tabula
270 2189 357 2226 velut
371 2193 467 2225 totius
491 2187 560 2224 fere
583 2188 765 2224 medicinae
782 2187 938 2223 vocabula
959 2190 1101 2235 exponit.
1151 2191 1241 2225 Hinc
1258 2202 1328 2224 non
1352 2188 1490 2224 creditur
1516 2185 1577 2222 esse
1601 2189 1751 2235 proprius

47 2242 182 2284 Galeni‚
207 2239 260 2278 sed
281 2241 445 2277 Herodoti
470 2242 588 2289 potius.
641 2241 782 2275 Galenus
808 2242 896 2274 enim
916 2242 951 2275 in
974 2238 1048 2276 sedt.
1063 2242 1103 2276 ΙΙ.
1136 2250 1317 2277 comment.
1342 2243 1376 2276 in
1392 2242 1448 2276 VI.
1476 2238 1624 2287 Epidem.
1646 2239 1749 2285 Hipp.

47 2302 192 2337 text.42.
214 2293 333 2329 librum
352 2291 516 2329 Herodoti
542 2295 637 2332 citat,
669 2294 721 2340 qui
747 2288 916 2339 inscriptus
940 2290 984 2325 est
1006 2291 1161 2327 medicus.
1223 2292 1351 2328 Galeno
1379 2290 1526 2327 adscribit
1554 2291 1752 2329 Charterius,

49 2347 126 2393 quia
142 2342 269 2380 concisa
287 2347 434 2380 oratione
451 2341 595 2379 vniuersa
611 2342 790 2379 medicinae
813 2352 981 2391 praecepta
1003 2343 1242 2391 compleetitur.
1293 2346 1327 2379 Si
1348 2357 1366 2378 a
1389 2342 1516 2379 Galeno
1539 2338 1670 2388 scriptus
1696 2336 1752 2379 est,

49 2393 91 2430 ad
106 2408 160 2432 eos
177 2393 281 2430 saltim
299 2409 373 2433 non
382 2397 542 2445 pertinet,
564 2407 648 2444 quos
665 2394 807 2431 Galenus
822 2389 1042 2481 πςῗέξιὲὃοσιν
1061 2392 1178 2444 scripsit
1184 2409 1194 2440 5
1221 2393 1276 2442 sed
1291 2393 1333 2441 ad
1347 2407 1402 2431 eos
1415 2423 1426 2440 ‚
1449 2404 1530 2443 quos
1544 2390 1753 2477 ad-tironsum

94 2453 164 2486 Vol.
179 2453 214 2484 V.
1662 2455 1681 2477 v
1698 2452 1755 2477 um
