2013 2725
210 160 279 201 393
332 148 402 185 Lm.
414 144 484 184 15⁷:
497 156 520 180 t.
531 141 643 180 XIX.
694 141 993 180 SINGVLORVM
1021 143 1260 182 LIBRORVM
1287 142 1463 187 GALENL

214 257 362 283 iterarunt
378 252 554 278 numerum
572 236 770 287 sequebatur.
823 236 1008 287 Respiciam
1030 237 1129 275 simul
1150 238 1190 275 ad
1213 254 1267 281 ea,
1293 253 1374 289 quae
1388 238 1532 276 Galenus
1556 236 1599 276 iu¹
1613 244 1683 291 cap.
1700 253 1748 287 37.
1768 246 1842 281 artis
1856 251 1927 283 me:

214 298 310 334 dicae
329 306 410 330 tom.
428 293 466 326 ll.
484 304 556 339 pag.
574 303 644 334 ²30·
673 300 703 325 et
721 293 753 325 in
771 288 810 324 de
823 290 911 325 libris
927 294 1067 340 propriis
1081 290 1194 327 libello
1211 289 1318 327 scribit
1334 291 1374 328 de
1395 292 1531 333 ordine,
1558 305 1660 340 quern
1681 293 1746 341 ipse
1765 299 1799 331 in
1819 297 1928 346 legen.

215 349 269 384 -dis
291 347 380 383 libris
403 341 465 379 suis
487 340 728 378 obseruandum
748 339 810 377 effe
830 342 967 377 volebat.
1018 342 1196 379 Genuinos‘
1209 345 1355 390 primum
1381 342 1508 382 dicam,
1535 341 1651 378 deinde
1674 341 1837 396 suspedlos
1859 346 1931 398 spu.

215 403 362 449 riosque.
415 395 528 430 Libros
557 391 679 435 editos,
705 406 787 442 quos
806 391 873 442 iple
893 394 997 429 oculis
1018 397 1099 430 meis
1123 393 1290 442 vsurpaui‚
1316 395 1439 432 notabo
1454 393 1550 444 figno
1573 392 1722 432 asterisci.
1923 390 1931 394 ’

321 483 378 519 IX.
404 481 560 535 Genuinis
576 478 692 515 Galeni
708 478 795 515 libris
811 476 1002 515 accensendi
1028 477 1118 515 sunt:

320 562 345 586 x.
373 548 451 598 [leel
470 545 640 597 αἱρέσεων,
668 553 737 584 τοῖς
756 544 995 596 εἰσαγομένοις.
1048 546 1208 594 Desefi‘is·
1224 546 1269 581 ad
1287 559 1355 587 eos,
1381 549 1437 594 qui
1460 547 1723 583 introducuntur.
1773 546 1884 584 Exstat
1899 546 1933 585 in

219 603 297 640 edit.
313 602 459 650 principe
473 611 612 647 operum
630 599 745 633 Galeni
763 598 880 634 Aldina
895 611 976 634 tom.
994 601 1017 633 1.
1034 596 1094 634 sol.
1110 601 1141 633 6.
1166 601 1199 634 in
1226 599 1370 634 editione
1393 612 1511 648 graeca
1525 601 1676 649 Operum
1691 597 1826 642 Galeni‚
1851 613 1934 649 quae

221 653 362 690 Basileae
383 649 523 700 prodiit„
548 656 630 695 1538.
654 660 738 686 tom.
755 651 778 683 1.
801 663 873 698 pag.
891 664 939 685 10.
969 652 1002 685 in
1024 649 1168 686 editione
1192 664 1332 698 operum
1356 652 1565 699 Hippocratis
1586 649 1833 699 graeco-latina
1856 663 1934 686 cura

221 707 337 743 Renati
353 704 512 739 Charterii
529 711 611 737 tom.
628 702 664 736 H.
683 714 756 749 pag.
775 705 848 741 236.
872 705 904 737 in
927 699 1065 749 septima
1089 701 1164 738 edit.
1187 703 1287 737 latina
1307 715 1449 750 operum
1465 704 1580 738 Vener.
1602 701 1688 750 apud
1701 703 1808 737 luntas
1828 705 1864 736 in
1878 699 1935 737 isa.

222 759 333 806 gogic.
348 753 421 791 sedi.
439 766 481 799 15.
530 755 725 798 Continetur
739 755 772 787 in
789 766 829 788 eo
844 750 1005 788 sectarum
1019 752 1236 802 dogmaticae,
1265 756 1453 802 empiricae,
1480 753 1686 789 methodicae
1703 756 1877 796 enarratio,
1897 765 1937 788 ac

221 810 482 858 principiorum,
508 805 623 853 quibus
640 806 794 852 empirica
809 817 845 839 ae
863 804 1051 839 methodica
1066 808 1195 845 nititur,
1218 803 1424 846 confutatio,
1450 819 1568 841 eorum
1588 817 1678 846 vero,
1699 817 1781 853 quae
1798 803 1939 853 dogma-

221 863 366 896 cicorum
381 855 465 893 sedla
485 865 609 896 tuetur,
635 854 790 890 laudatio.
841 857 927 890 Eum
945 856 1064 891 librum
1079 853 1230 905 scripsisse
1245 857 1407 892 Galenum
1422 859 1456 892 in
1473 855 1567 892 vsum
1584 869 1694 891 recens
1717 859 1751 891 in
1771 855 1938 892 medicina

225 913 442 950 initiatorum,
465 904 532 954 ipse
553 904 652 941 refert
670 908 706 941 in
720 908 789 941 hui.
806 905 877 942 libr.
893 919 962 953 cap.
980 919 1010 952 9.
1032 906 1071 941 ad
1087 907 1143 942 fin.
1163 921 1237 956 pag.
1252 915 1324 951 298.
1347 909 1482 943 tom.11.
1535 909 1584 942 Ex
1599 920 1657 942 ore
1674 909 1741 941 eius
1755 903 1939 948 hauserant,

222 975 308 1011 quae
323 964 356 996 in
374 962 437 995 hoc
454 957 538 992 libro
554 956 717 1004 publicata
729 955 817 1002 sunt,
844 968 875 992 et
893 958 1004 991 litteris
1019 957 1254 993 mandauerant
1269 957 1443 993 auditores.
1497 958 1654 995 Galenus.
1677 957 1853 1006 postquam
1870 960 1939 994 Ro-

224 1026 318 1051 mam
336 1009 512 1048 secundum
530 1018 670 1048 venerat„
688 1004 890 1057 διορθώσεως
904 1011 1007 1046 ἕνεκεν
1023 1007 1268 1057 inscriptionem
1287 1008 1384 1050 libro,
1408 1011 1464 1056 qui
1483 1006 1570 1044 forte
1586 1007 1646 1057 ipfi
1660 1005 1887 1052 adferebatuss*
1900 1009 1940 1044 de

215 1065 334 1115 sestis,
362 1064 404 1097 ad
418 1074 490 1100 eos,
514 1062 567 1106 qui
586 1061 851 1099 introducuntur,
877 1058 1035 1107 adposuit.
1088 1060 1228 1095 Nullum
1255 1059 1341 1095 aliud
1365 1060 1481 1096 Galeni
1505 1073 1587 1108 opus
1609 1062 1643 1094 in
1666 1073 1707 1095 eo
1728 1062 1861 1096 citatur:
1886 1072 1941 1108 ge.

226 1120 367 1154 nuinuin
383 1126 461 1149 vero
475 1109 555 1151 esse,
583 1111 700 1160 probat
713 1111 960 1151 testimonium.
984 1109 1073 1159 quod
1099 1109 1165 1160 ipse
1187 1111 1229 1146 de
1252 1112 1318 1147 hoc
1342 1110 1425 1147 libro
1445 1110 1588 1147 Galenus
1609 1111 1740 1146 exhibet
1754 1113 1790 1146 in
1806 1109 1941 1160 praefat.

225 1168 266 1205 ad
283 1168 352 1204 libr.
368 1165 408 1200 de
426 1165 512 1199 libris
527 1164 668 1212 propriis
685 1172 715 1198 et
730 1175 798 1209 cap.
815 1175 839 1198 1.
856 1161 1001 1197 eiusdem
1016 1162 1088 1197 libri
1102 1175 1178 1211 pag.
1193 1166 1242 1205 36.
1260 1173 1342 1198 tom.
1359 1165 1383 1199 1.

330 1234 455 1270 Codices
470 1232 564 1265 MSS.
583 1231 675 1264 huius
693 1228 765 1263 libri
787 1230 904 1264 Graeci
917 1228 1040 1264 exstant
1054 1231 1088 1264 in
1104 1229 1253 1264 biblioth.
1268 1230 1317 1264 D.
1334 1230 1443 1265 Mam·
1461 1228 1607 1268 Veneta,
1631 1226 1705 1264 cod.
1720 1229 1943 1265 CCLXXXII.

228 1286 339 1332 (aa-al.
356 1296 427 1333 pag.
445 1283 525 1327 136.)
542 1284 575 1315 in
595 1281 734 1317 Medc'cca
754 1279 890 1316 Baudini
908 1281 963 1315 111.
977 1293 1051 1330 pag.
1068 1292 1115 1326 52.
1140 1281 1223 1317 Plut.
1239 1281 1383 1317 LXXIV.
1404 1290 1439 1316 et
1452 1282 1487 1315 iu
1501 1280 1696 1316 bibliotheca
1714 1280 1945 1327 Vindobonenſs

229 1339 378 1375 Lzfflbec.
396 1339 417 1370 1.
446 1346 521 1383 pag.
538 1340 600 1373 181.

331 1405 470 1438 Latinus
486 1399 589 1436 codex
606 1400 677 1436 MS.
693 1398 736 1434 est
752 1402 784 1434 in
800 1399 946 1435 biblioth.
962 1399 1050 1448 publ.
1067 1400 1214 1448 Parisino
1236 1412 1285 1435 nr.
1299 1398 1778 1435 MMMMMMDCCCLXV.
1845 1406 1847 1408 ’
1908 1403 1928 1409 ‘'
1991 1387 1996 1391 Α

333 1470 513 1507 Arabicus,
537 1476 679 1502 vertente
693 1467 805 1513 Isamo
823 1468 968 1501 Homini
984 1466 1031 1501 fil.
1048 1469 1081 1501 in
1097 1466 1244 1500 biblioth.
1267 1465 1358 1513 publ.
1376 1466 1482 1513 Paris.
1509 1478 1557 1500 nr.
1570 1466 1726 1500 MXLIII.
1778 1462 1944 1512 Translata

231 1537 273 1562 ex
292 1523 384 1559 Arab.
404 1524 437 1556 in
450 1520 604 1555 Hebraic.
620 1519 701 1567 ling,
714 1532 732 1553 a
748 1520 788 1553 R.
809 1519 933 1554 Chanin
949 1520 1005 1553 hen
1021 1518 1119 1565 Istinc.
1144 1519 1179 1552 in
1193 1516 1340 1553 biblioth.
1358 1517 1398 1553 V
1396 1518 1499 1552 indob.
1516 1517 1660 1551 Lamban.
1691 1514 1765 1551 edit.
1779 1514 1902 1552 Kollar.
1919 1517 1945 1552 Ι.

231 1589 308 1626 pag.
328 1587 400 1621 ²90·
1906 1584 1909 1587 ⁴

337 1643 458 1676 Graece
477 1641 502 1674 is
525 1638 605 1675 liber
626 1634 758 1673 seorsun
780 1650 848 1672 non
869 1635 1002 1685 prodiit.
1037 1655 1089 1663 ·-
1122 1638 1245 1672 Graece
1264 1646 1295 1672 et
1315 1636 1370 1672 lat.
1393 1634 1516 1686 prodiit
1535 1648 1612 1672 cum
1629 1634 1697 1671 aliis
1720 1646 1796 1671 cura
1811 1612 1947 1672 Theod.
2010 1651 2012 1653 ·

236 1691 421 1730 Goulstoni.
446 1688 550 1726 Loud.
568 1692 658 1732 1640.
677 1700 707 1731 4.

342 1761 379 1794 In
397 1759 533 1794 latinam
553 1756 703 1804 linguam
729 1763 894 1790 verterunt
914 1755 1003 1789 hunc
1023 1754 1145 1789 librum
1171 1752 1358 1789 Ludouicus
1377 1751 1586 1795 Bellisarius‚'
1610 1752 1758 1789 medicus
1780 1754 1948 1788 Mutinen-

238 1811 294 1853 fis,
319 1813 407 1846 cuius
423 1808 527 1844 versio
542 1805 656 1843 excusa
672 1807 791 1854 legitur
806 1808 838 1840 in
855 1804 928 1843 edit.
942 1806 1041 1841 latina
1064 1818 1143 1853 opp.
1158 1806 1291 1848 Galeni‚
1317 1804 1409 1840 Basil.
1431 1804 1518 1852 apud
1535 1805 1672 1841 Froben.
1695 1814 1781 1849 1549.
1803 1801 1864 1839 fol.
1890 1801 1949 1838 sub

238 1861 410 1910 isagogicis
427 1860 513 1896 libris
529 1873 562 1908 p.
579 1872 625 1903 57.
678 1860 784 1892 Vertit
807 1861 905 1892 etiam
920 1857 1114 1904 Augustinus
1130 1859 1279 1898 Riccius‚
1308 1858 1465 1892 Horatius
1489 1857 1662 1894 Limanus,
1684 1855 1839 1891 Nicolaus
1863 1856 1951 1891 Rhe.

240 1917 353 1962 ginus,
380 1910 434 1947 seu
452 1911 490 1947 de
504 1913 610 1959 Regio
627 1908 666 1945 de
681 1910 850 1950 Calabria,
877 1910 965 1942 cuius
984 1906 1087 1942 velfio
1102 1907 1215 1942 excusa
1233 1907 1276 1942 est
1291 1910 1323 1942 in
1339 1910 1424 1955 Opp.
1442 1906 1556 1949 Galenj
1570 1907 1697 1948 latinis,
1724 1907 1849 1954 Papiae,
1872 1917 1950 1952 1515.

241 1964 304 2003 fol.
323 1975 403 2000 toni.
420 1965 443 1998 Ι.
459 1961 518 1998 fol.
537 1965 568 1998 6.
590 1982 640 1989 —
667 1963 714 1996 Ex
732 1958 881 1994 versione
895 1960 1065 1994 Laurentii
1082 1959 1200 1994 Vallae
1221 1958 1340 2006 prodiit
1360 1956 1485 1993 Parisiis
1510 1957 1596 2006 apud
1618 1959 1801 1993 Heurieum
1817 1959 1953 2006 Stepha-

242 2030 325 2053 num
342 2013 521 2055 seniorem,
549 2020 628 2057 ¹5¹8·
645 2024 674 2054 4.
691 2025 768 2047 cum
789 2009 975 2045 Alexandro
994 2008 1168 2058 Aphrodis.
1186 2009 1225 2045 de
1240 2008 1379 2045 febribus
1396 2020 1427 2045 et
1441 2011 1603 2057 Hippocr.
1621 2009 1693 2044 libr.
1710 2008 1750 2044 de
1764 2017 1878 2044 natura
1894 2011 1953 2044 hu-

243 2082 358 2108 mana,
385 2079 423 2101 ex
439 2064 515 2100 vers.
533 2064 632 2099 Andr.
647 2065 774 2099 Brentii.
792 2065 810 2083 ²²²
838 2082 890 2089 --
915 2064 964 2097 Ex
986 2060 1134 2097 versione
1150 2064 1198 2097 Io.
1215 2062 1417 2100 Gniurlzcrii,
1446 2059 1715 2102 Anda-naccum,
1735 2059 1858 2109 prodiit
1874 2073 1952 2097 cum

241 2121 311 2156 aliis
340 2118 474 2164 Galenij,
500 2115 592 2151 Basil.
621 2128 705 2161 1529.
729 2127 760 2158 4.
811 2115 915 2156 Eam,
949 2114 1085 2150 Prateoli
1109 2123 1141 2149 et
1165 2110 1225 2148 suo
1245 2111 1351 2148 fludio
1377 2111 1636 2148 emendatiorem
1661 2109 1801 2155 saetam,
1830 2115 1953 2162 recepit
2010 2150 2013 2154 ,

242 2171 442 2208 charterius.

345 2239 384 2272 In
397 2238 485 2271 hunc
495 2234 646 2270 libellum
661 2230 785 2269 scholia
800 2229 872 2267 sunt
887 2232 1051 2273 Panaam,
1080 2243 1225 2280 quorum
1246 2229 1352 2267 codex
1376 2228 1421 2264 est
1444 2231 1480 2265 in
1502 2229 1649 2265 biblioth.
1668 2229 1821 2268 Medicea
1840 2230 1954 2276 Bandiq

244 2293 278 2327 ni
292 2291 348 2326 m.
365 2301 440 2338 pag.
455 2300 512 2333 99.

348 2355 616 2443 Cotgpgpletffius
658 2353 811 2388 Arabicus
849 2350 942 2398 Haly
964 2350 1035 2385 Bm
1065 2350 1203 2386 Redwan
1236 2348 1280 2386 est
1319 2352 1355 2386 ia
1388 2349 1583 2386 bibliotheca
1615 2345 1827 2386 Escorialensi
1853 2345 1953 2385 Cafiri

246 2421 293 2445 nr.
319 2409 411 2444 DCC
565 2432 574 2441 .

1773 2453 1954 2490 commen:
