2013 2725
236 148 294 190 354
395 143 466 180 Lab.
481 142 550 180 ιν.
566 140 756 179 c.XV1H.
824 140 1322 190 ·chmN1E1>1T10Nsss

235 237 310 274 Nic.
327 237 468 274 Beraldi.
519 238 595 275 Exc.
609 235 785 274 Theodor.
801 238 937 274 Martin.
964 249 993 282 4.
1018 236 1086 275 sine
1104 238 1182 275 loco
1199 249 1230 275 et
1249 236 1311 274 die.
1335 235 1400 274 vid.
1414 235 1661 280 Mmkm.'catal.
1676 238 1764 290 spart.
1781 241 1806 279 1.
1827 242 1859 293 p}
1875 242 1947 279 106.

236 290 446 325 Probabiliter
466 291 591 326 Louan.
614 292 697 325 circa
715 301 800 335 152c,

334 367 414 402 Luc.
432 380 514 416 opus
532 367 751 416 paraliticum,
778 368 910 415 interpr.
927 366 1046 401 Eram.
1066 366 1240 413 Bellafino:
1264 380 1323 417 per
1338 369 1384 404 Io.
1400 366 1949 417 Antea..PlatonidemEBenediQm

233 428 319 453 rum.
346 418 469 455 Bonan.
486 431 568 464 1505.
584 430 614 462 4.
648 419 764 454 Maitt.
779 419 818 453 11.
835 431 908 467 pag.
926 429 994 462 174.

333 495 487 533 Λεκιανὲ
512 515 559 522 -·
586 491 763 542 Διάλογοι.
789 495 924 530 Luciam
946 495 1098 531 Deorum
1121 493 1262 543 dialogi,
1289 509 1429 533 numero
1444 509 1497 540 70.
1525 495 1697 532 vna'cum'
1714 494 1947 546 interpretat.'e

232 547 369 594 regione
391 546 509 593 latina,
533 560 694 597 nusquam
714 556 806 584 antea
821 549 867 594 Π)
884 545 1045 597 impreffi:
1071 547 1244 583 Ottomaro
1262 547 1432 596 Naclztgal
1451 558 1593 585 curante.
1617 561 1676 597 per
1699 550 1747 586 Io.
1765 550 1948 584 Schottum.

232 598 408 646 Argentor.
432 610 505 644 1515.
531 610 560 642 4.

332 676 391 710 Ex
414 676 553 712 Luciano
576 675 737 726 quaedam
767 678 832 713 iam
855 689 963 712 recens
988 675 1144 713 traducta.
1185 677 1363 713 Somnium
1391 696 1456 711 —.
1509 674 1670 713 Aduersus
1690 689 1788 723 eum,
1823 677 1878 724 qui
1903 676 1948 710 in.

234 727 304 772 quit
329 736 388 762 etc.
415 729 569 776 Nigrinus
596 750 661 765 —.
713 726 884 765 Caucasus.
920 741 977 777 per
1001 729 1124 763 Ottom.
1143 729 1342 775 Lasciuium,
1368 729 1588 776 (Nachtgall.)
1613 731 1646 764 in
1671 729 1726 764 fin.
1779 723 1948 763 Excusum

232 777 439 824 Argentorati
458 782 544 828 typis
571 800 620 808 —
646 783 693 816 10.
710 781 917 816 Knoblouch.
941 792 1017 825 ¹5¹7·
1045 791 1074 823 4.
1097 799 1147 806 -
1171 781 1249 815 Luc.
1272 779 1398 828 dialogi
1418 779 1474 818 lat.
1493 781 1532 815 ab
1553 782 1712 821 Erasino,
1739 779 1866 814 Ottom.
1882 778 1948 812 Lu.

223 827 327 874 fiinio
347 840 406 864 etc.
434 831 507 868 ibid.
525 844 604 876 1519.
622 844 651 875 4.
669 833 713 877 ⁵⁵)
765 834 816 867 De
837 833 936 867 tribus
959 833 1009 866 his
1029 829 1120 866 editt.
1153 829 1218 866 vid.
1234 831 1301 867 Am
1317 832 1407 867 Ende
1428 834 1462 866 in
1483 834 1549 866 vita
1573 830 1781 880 Nachtgalli‚
1807 832 1843 866 in
1858 831 1948 865 Stro-

232 879 304 913 belii
319 878 503 918 Miscellan.
521 882 638 918 literar.
657 882 789 918 Inhalts.
816 880 893 918 fasc.
911 883 967 917 lv.
993 882 1206 930 Noribergae.
1234 890 1318 925 178¹·
1341 892 1371 925 8.
1397 895 1471 931 pag.
1491 895 1532 927 42
1553 881 1618 932 sqq.
1643 903 1693 910 -
1720 883 1857 929 Dialogi
1881 882 1951 928 qui·

231 928 322 966 dam.
348 930 432 979 Lips.
450 941 527 978 1518.
543 946 575 978 4.
603 933 668 969 vid.
683 935 863 970 Schnitzeri
881 933 1100 969 Kirchenbibl.
1122 946 1164 968 zu
1183 932 1342 970 Neustadt
1361 947 1403 970 an
1423 933 1482 969 der
1503 932 1606 969 Aisch.
1631 931 1708 969 fasc.
1721 934 1777 966 VI.
1799 944 1831 980 p.
1847 943 1897 978 59.

334 1006 414 1043 Luc.
432 1007 592 1055 Piscator.
610 1012 744 1058 interpr.
761 1011 859 1048 Bilib.
876 1009 1116 1057 Ps’rkheymm,
1142 1008 1198 1044 lat.
1224 1009 1338 1044 Norib.
1356 1021 1435 1056 15¹7·
1451 1020 1481 1052 4.
1503 1022 1562 1057 per
1576 1007 1663 1045 Frid.
1677 1010 1818 1058 Peypus.
1833 1008 1948 1034 -’-’

230 1056 272 1094 de
292 1060 418 1094 ratione
440 1058 690 1097 conscribendae
706 1061 875 1104 historiae,
902 1074 941 1096 ex
961 1073 1080 1110 graeco
1098 1061 1132 1095 in
1147 1059 1201 1095 lat.
1220 1059 1399 1104 traductus,
1427 1074 1484 1109 per
1498 1060 1598 1096 Bilib.
1615 1060 1850 1107 Pirkheyemcr.
1873 1059 1948 1094 ibid.

229 1109 303 1146 eod.
321 1123 420 1147 anno.
449 1123 478 1154 4.
495 1112 529 1157 ¹¹)
556 1123 587 1148 et
610 1114 644 1148 in
661 1113 841 1161 Pirkheym.
862 1114 950 1162 Opp.
971 1109 1123 1149 Francof.
1147 1115 1233 1148 1610.
1258 1109 1320 1149 fol.
1342 1125 1419 1163 pag.
1435 1125 1480 1159 52.
1505 1115 1538 1148 it.
1559 1114 1593 1148 in
1616 1114 1704 1148 Penu
1725 1114 1800 1148 artis
1821 1109 1949 1147 histori-

229 1174 287 1198 cae
310 1171 389 1199 tom.
408 1163 447 1199 11.
466 1175 542 1212 pag.
561 1166 628 1210 565.
654 1163 745 1200 Bafil.
759 1178 848 1212 1579.
866 1172 897 1206 8.

330 1240 408 1275 Luc.
426 1238 598 1289 opuscula,
622 1243 758 1278 Erasmo
776 1243 926 1278 Roteroa'.
941 1251 973 1278 et
996 1241 1055 1278 Th.
1070 1242 1170 1278 Mora
1189 1243 1323 1291 interpr.
1344 1242 1486 1277 Veneriis
1509 1242 1545 1277 in
1563 1239 1692 1278 aedibus
1708 1240 1783 1277 Aldi
1797 1249 1829 1276 et
1844 1237 1949 1277 Andr.

228 1288 373 1327 Asulani.
400 1295 480 1338 1516.
502 1299 532 1335 8.
557 1292 621 1329 vid.
640 1295 762 1329 Pinelli
784 1294 878 1330 catal.
897 1295 953 1330 111.
974 1307 1024 1330 nr.
1040 1306 1134 1339 7540.
1188 1295 1226 1329 In
1248 1292 1324 1329 bibl.
1342 1296 1453 1330 Burm.
1469 1295 1508 1328 ΙΙ.
1523 1292 1585 1329 fuit
1603 1307 1651 1329 ex.
1671 1306 1749 1328 cum
1767 1293 1865 1329 MSS.
1880 1291 1950 1328 col·

229 1341 342 1378 latum.
370 1363 420 1371 —
447 1344 587 1381 Charon.
612 1345 665 1380 lat.
687 1359 727 1380 ex
747 1342 826 1380 vers.
845 1345 1031 1382 Alamanni.
1056 1345 1148 1380 Bafil.
1165 1352 1246 1389 1518.
1265 1358 1297 1389 4.
1328 1365 1378 1372 -
1405 1346 1569 1393 Fugitiui,
1597 1348 1728 1393 interpr.
1748 1345 1839 1380 Bilib.
1859 1344 1947 1378 Pirk-

229 1392 402 1435 heytnero.
424 1395 612 1443 Hagaenoae,
632 1410 671 1432 ex
688 1395 777 1432 acad.
793 1396 1055 1432 Th.Anshelmi.
1078 1409 1163 1443 1520.
1179 1410 1211 1443 4.
1235 1415 1286 1424 —
1313 1396 1431 1432 Nauis.
1448 1399 1582 1444 interpr.
1599 1397 1696 1432 Bilib.
1711 1396 1947 1443 Pirkbeymem.

228 1442 345 1480 Norib.
364 1453 445 1488 1522.
463 1459 492 1487 4»
519 1467 570 1474 —
591 1458 671 1484 orat.
686 1450 721 1484 in
740 1448 960 1491 calumniam,
985 1463 1004 1484 a
1019 1448 1084 1484 Ph.
1103 1448 1344 1483 Melanchthonc
1362 1448 1461 1484 latina
1481 1445 1576 1484 fae-ia.
1628 1451 1666 1483 In
1690 1446 1788 1484 calce.
1813 1446 1948 1495 Lipsiae,

228 1507 279 1543 ap.
300 1493 424 1529 Melch.
440 1494 643 1530 Lottherum.
672 1512 748 1540 ¹5¹5—
770 1512 800 1544 4,
828 1502 885 1545 (11.
902 1499 1032 1549 plagg.)
1055 1520 1105 1527 —
1132 1500 1274 1539 metor,
1301 1500 1538 1544 Pirkheymero
1557 1503 1740 1548 interprete.
1765 1500 1948 1547 Hagenoae

226 1557 314 1590 1520.
338 1557 369 1589 4.
396 1543 460 1580 vid.
474 1547 593 1583 Maitt.
609 1549 649 1584 Π.
668 1561 742 1597 pag.
759 1555 831 1594 598.
851 1561 924 1594 599.
951 1552 1004 1583 vbi
1025 1552 1061 1584 in
1080 1559 1161 1584 nota
1181 1549 1264 1583 duae
1286 1549 1366 1585 aliae
1390 1550 1478 1587 editt.
1499 1553 1614 1587 incerti
1636 1553 1795 1598 temporis
1815 1560 1945 1584 memo-

226 1608 356 1633 rantur:

327 1664 407 1699 Luc.
423 1662 544 1714 dialogi
561 1665 686 1715 aliquot
703 1664 907 1715 lepidiffimi‚
933 1679 1066 1715 graece,
1092 1665 1182 1703 Bafil.
1196 1680 1248 1716 ap.
1266 1666 1392 1703 Valent.
1414 1668 1551 1703 Curion.
1580 1679 1663 1714 1522.
1676 1679 1708 1711 4.
1735 1665 1799 1705 vid.
1816 1668 1947 1704 Bunaui

227 1714 320 1752 catal.
336 1717 360 1752 1.
385 1729 458 1765 pag.
473 1720 542 1760 176.
568 1737 620 1746 -—-
648 1717 877 1764 Tyrannicida
894 1729 924 1754 et
942 1718 1126 1755 Abdicatus.
1152 1732 1202 1768 gr.
1218 1730 1249 1754 et
1267 1718 1322 1753 lat.
1349 1720 1388 1753 ab
1404 1723 1542 1756 Erasmo
1560 1718 1638 1754 ibid.
1656 1730 1733 1766 ¹52²·
1750 1731 1781 1763 4.

329 1794 462 1829 Lucian.
479 1795 750 1844 Icaromenippus
762 1822 772 1837 ‚
799 1797 979 1844 Menippus
995 1798 1136 1830 vitarum
1153 1797 1282 1838 11116110,
1308 1808 1438 1844 graece,
1465 1807 1495 1838 4.
1522 1805 1553 1831 et
1567 1797 1701 1831 ciusdem
1720 1793 1845 1844 dialogi
1864 1794 1943 1832 deo·

226 1854 321 1886 rum,
349 1845 462 1891 quibus
483 1855 515 1880 et
528 1844 596 1881 duo
614 1859 702 1882 nunc
716 1849 865 1895 primum
883 1846 1002 1888 additi,
1026 1849 1082 1895 qui
1099 1847 1212 1882 luxato
1229 1846 1347 1882 ordine
1361 1858 1455 1883 antea
1469 1846 1601 1883 fuerant
1622 1846 1784 1895 impreff13
1811 1849 1942 1889 marini,

226 1891 360 1929 inferni.
394 1895 537 1937 Graece,
563 1897 649 1941 apud
673 1899 774 1931 Gilles
791 1898 832 1932 de
847 1900 1049 1934 Gourmont.
1083 1911 1161 1933 cum
1183 1896 1285 1945 praef.
1304 1899 1414 1934 Caroli
1430 1899 1584 1934 Bracheti
1607 1897 1859 1938 Aurelianensis,
1885 1900 1942 1946 qui

225 1944 348 1979 librum
371 1942 427 1980 sub
453 1944 652 1994 imprefforis
676 1946 794 1983 incude
818 1950 1024 1996 recognouit.
1050 1958 1081 1990 4.
1113 1967 1165 1974 ——
1194 1951 1322 1982 deorum
1343 1952 1478 1987 marini,
1514 1952 1635 1995 inferni
1656 1948 1789 1996 dialogi.
1815 1950 1943 1986 Louan.

226 2008 276 2045 ap.
294 1996 426 2033 Theod.
441 1999 574 2033 Martin.
601 2011 686 2045 ¹5²0·
714 2013 743 2044 4.
767 2019 816 2026 —
841 1998 1007 2048 Epistolae
1022 2010 1174 2047 graecae:
1202 2000 1338 2034 Luciani
1352 1999 1551 2043 Saturnalia,
1578 1997 1803 2042 Cronosolon‚
1821 2009 1852 2036 et
1865 2013 1940 2050 epp.

227 2047 419 2083 saturnales.
445 2049 570 2083 Louan.
592 2049 678 2097 apud
700 2049 880 2086 Theodor.
898 2052 1094 2086 Martinum.
1121 2061 1209 2095 1520.
1223 2063 1253 2096 4.
1277 2070 1328 2078 —-
1349 2051 1527 2086 Abdicatus
1545 2061 1576 2087 ct
1598 2052 1822 2098 Tyrannicida.
1845 2064 1894 2101 gr.
1907 2060 1940 2088 et

225 2097 280 2135 lat.
291 2101 471 2149 interprete
487 2101 623 2136 Erasmo
644 2101 802 2139 Roterod.
817 2115 894 2139 cum
908 2103 1031 2138 Libanii
1046 2101 1357 2146 declamatiunculis.
1379 2100 1472 2138 Bafil.
1488 2115 1571 2149 1522.
1586 2115 1618 2147 4.
1645 2102 1732 2152 apud
1747 2102 1888 2140 froben.

1830 2173 1834 2177 ’
1863 2180 1943 2219 Luc.

267 2280 320 2315 rr)
352 2278 418 2309 Hoc
447 2284 558 2310 tantum
587 2279 624 2310 de
653 2280 786 2312 versione
815 2279 864 2315 lat.
893 2280 1058 2321 intelligen-
1145 2281 1192 2321 tt)
1213 2281 1281 2312 Vid.
1303 2279 1339 2312 cl.
1363 2279 1521 2323 Pseiffert',
1550 2283 1698 2317 nostratis,
1724 2285 1862 2319 Beytriige
1884 2291 1937 2312 zur

227 2320 298 2351 dum
321 2323 369 2352 est.
1103 2324 1253 2356 Kenntnisu
1267 2324 1339 2356 alter
1352 2325 1465 2354 Biicher
1480 2324 1539 2353 und
1554 2323 1787 2357 Handsehriften.
1801 2325 1936 2367 perum.

268 2366 313 2402 ss)
344 2364 413 2396 vid.
437 2364 521 2406 supra
543 2366 574 2394 in
597 2366 701 2395 notitia
724 2366 798 2407 Opp.
824 2367 975 2401 omnium,
1009 2365 1060 2396 sub
1103 2367 1176 2400 Hos.
1192 2371 1273 2408 1786.
1291 2374 1320 2403 8.
1341 2376 1407 2409 pag.
1422 2373 1476 2405 498
1493 2366 1552 2409 sqq.

228 2406 327 2446 finem,
349 2408 399 2441 vbi
413 2407 518 2441 latinae
533 2407 675 2451 quaedam
689 2408 771 2443 veris.
786 2416 973 2443 enumeratae
988 2408 1061 2441 sunt.
