2049 2720
455 136 634 178 iosepffl
665 130 911 178 vERsrotiEs
944 136 1350 178 FRANCOGALLICAE
1402 141 1476 178 Lib.
1489 141 1560 179 W.
1574 153 1598 179 e.
1613 141 1721 179 Vm.
1773 154 1809 188 35

93 235 197 272 lirano
215 236 245 270 S.
262 235 286 270 1.
305 233 462 283 collegio.
489 256 540 264 —·
566 247 647 282 1593.
678 236 828 272 Coloniae
847 234 933 285 apud
958 237 1222 281 10.Gymnieum
1246 235 1303 272 sub
1327 238 1567 285 Monet-erote,
1594 240 1627 273 in
1649 236 1809 273 duodenis

91 285 249 335 Iosephus
272 285 401 333 prodiit.
425 307 477 314 -—
504 300 585 333 1595.
615 287 832 334 Argentorati
853 287 980 323 duobus
1003 288 1131 323 volum.
1153 292 1185 324 in
1206 301 1248 324 12.
1277 288 1471 338 prodierunt
1493 287 1553 324 los.
1572 303 1673 339 opera
1697 291 1809 324 omnia

89 351 133 374 ex
149 337 245 374 codd.
262 339 374 374 Graec.
390 338 565 374 collatione
583 338 681 374 latine
697 337 860 387 expressa,
881 353 955 374 cum
979 342 1083 382 notis,
1113 353 1276 375 annorum
1299 338 1397 381 serie,
1424 351 1455 375 et
1474 340 1579 375 indice
1601 338 1810 388 locupletissi-

91 403 160 425 mo.
181 411 233 417 —
260 389 412 425 Eiusdem
435 392 512 424 anni
535 389 713 426 editionem
731 392 952 437 Geneumfim,
967 405 985 425 a
1002 393 1113 426 Iacobo
1129 393 1251 426 Stoerio
1267 389 1400 433 facstam,
1417 402 1580 427 memorat
1596 394 1730 439 Ittigius.
1758 411 1809 419 -

90 453 179 486 1597.
202 453 290 487 1599.
315 443 528 488 Frnnrqfurti
550 442 634 491 apud
656 441 887 487 Feyerabend‚
926 445 959 477 in
981 440 1093 477 forma
1119 449 1149 483 8.
1178 442 1282 478 editus
1311 443 1500 492 perhibetur
1520 441 1685 492 Iosephus
1746 445 1808 478 Pro

89 493 268 542 posteriore
282 492 415 541 quidem
433 492 574 529 editione
590 495 695 528 Ottius
710 492 749 528 ad
771 493 955 529 Draudium
973 504 1150 542 prouocat,
1179 495 1255 529 alias
1276 494 1384 530 adhuc
1405 492 1608 530 diuersorum
1631 507 1810 535 annorum,

79 542 141 585 ,sed
164 543 278 578 dubiae
301 543 375 578 fidei
398 543 554 580 editiones
579 547 742 580 citantem.
770 565 821 572 —
848 548 929 580 1611.
959 546 1104 581 Gmmae
1120 546 1158 579 11.
1177 545 1302 581 volum.
1331 554 1360 586 8.
1389 549 1572 590 et—1617.
1598 547 1811 592 Francofurtt'

86 595 172 643 apud
191 594 398 639 Feyerabend
425 595 556 636 Vltima,
584 608 742 644 quantum
761 593 848 636 seio,
876 600 965 639 vice,
991 596 1092 632 latino
1116 594 1187 631 solo
1211 595 1374 638 sermone,
1398 597 1548 645 vulgatus
1575 597 1619 633 est
1642 595 1807 644 Iosephus.

35 652 39 655 “
86 645 414 694 Singularia'sosephi
430 661 547 695 opera,
575 649 637 682 hac
658 657 760 683 aetate
781 646 878 688 edita,
902 647 973 683 sunt
989 648 1089 683 latino
1104 646 1255 683 sermone
1269 646 1451 696 sequentia:
1479 656 1563 693 ¹548-
1591 669 1641 676 —
1669 649 1808 698 Bastleac

86 699 242 733 Gelenius
265 711 340 733 cum
366 699 493 746 reliquo
520 697 658 747 sosepho
685 702 786 734 vitam
808 702 887 740 eius,
908 715 927 735 a
950 698 982 735 se
995 701 1193 742 translatam,
1216 698 1334 734 edidit:
1362 711 1393 735 et
1408 701 1578 746 Godefrid.
1592 700 1808 734 Tillcmatmus

85 748 274 785 carthusiae
290 747 382 784 Paris
398 752 592 792 monachus,
609 750 758 786 eamdem
776 753 887 791 vitam,
904 755 1023 799 pariter
1035 766 1054 786 a
1073 749 1103 787 se
1123 751 1324 792 translatam,
1340 765 1417 787 cum
1432 749 1635 801 praefatione
1646 752 1809 786 Dominici

89 798 275 841 lemerii,
301 801 453 849 Pas-ffim
481 808 510 842 8.
537 805 622 851 typis
646 803 818 837 Michaelis
843 802 1020 843 Fezaudat,
1048 804 1193 852 imprimi
1214 806 1358 846 curauit,
1387 803 1448 839 vid.
1471 804 1634 838 Lambecii
1656 802 1694 838 ad
1719 804 1807 852 prin-

84 855 146 900 cip.
170 852 302 901 August.
325 851 459 900 epistola
481 855 528 899 [et
543 855 747 898 (Hummelii)
770 854 845 888 bibl.
869 855 982 890 libror.
1003 857 1166 890 rariorum
1187 866 1245 889 etc.
1271 867 1344 902 pag.
1360 855 1439 900 127.]
1467 875 1518 880 —
1549 867 1631 900 1550.
1657 856 1692 889 Β.
1710 857 1733 888 1.
1756 855 1806 888 hi-

83 903 193 945 storia,
215 917 273 951 per
292 905 448 939 Dauidmn
462 906 621 952 Kybcrum
637 906 800 946 translata,
823 905 1042 953 Argentorati
1063 909 1095 940 in
1114 908 1243 942 odionis
1261 905 1392 953 prodiit,
1452 905 1560 941 Editio
1587 919 1726 955 perrara.
1752 925 1803 933 —-

83 967 158 1000 1551.
184 957 212 990 E
234 953 373 1003 Iosepho
400 954 661 1004 supplementum
687 957 839 992 historiae
862 957 936 993 bibl.
953 958 991 992 ab
1011 957 1114 992 Esdra
1136 956 1175 992 ad
1193 958 1410 992 Maccabaeos
1433 957 1532 992 latine
1555 960 1666 999 vertit,
1689 968 1719 992 et
1741 955 1802 991 suis

82 1005 188 1041 bibliis
206 1005 333 1041 inseruit
350 1007 463 1052 Selnst.
482 1008 645 1052 Castellio,
674 1009 770 1057 Bcfil.
797 1006 858 1042 fol.
887 1029 933 1035 ——-
963 1019 1041 1053 1552.
1057 1008 1423 1057 Compendiosissimam
1442 1009 1515 1043 belli
1530 1008 1599 1043 Iud.
1616 1006 1803 1057 descriptio-

81 1050 171 1098 istm,
189 1071 227 1093 ex
249 1056 387 1104 iosepho
407 1058 593 1098 colledlam,
610 1058 731 1093 Colou.
750 1057 879 1094 edidisse
895 1060 1071 1105 Georgium
1089 1060 1266 1101 Vicelium,
1292 1062 1414 1107 Ittigius
1432 1059 1527 1094 docet
1545 1061 1578 1093 in
1596 1059 1722 1107 proleg.
1748 1077 1800 1086 —-

80 1113 166 1155 1562.
197 1110 440 1156 Wittenbergac
461 1109 581 1157 prodiit
596 1109 802 1145 historiarum
821 1108 946 1157 lose-phi
968 1112 1221 1158 compendium,
1243 1111 1466 1159 compleGens
1480 1112 1550 1146 ac‘ia
1569 1112 1662 1145 LXX.
1680 1113 1799 1159 Interp.

80 1159 167 1208 gesta
189 1162 352 1200 Maccab.,
384 1158 469 1196 facta
493 1159 686 1202 Herodum,
721 1159 884 1195 excidium
908 1159 1136 1205 Hierosolym.
1158 1172 1189 1196 et
1212 1160 1326 1196 decem
1351 1161 1418 1195 [ud.
1439 1164 1658 1208 captiuitates,
1684 1161 1799 1207 Sebast.

80 1211 248 1256 Miinstero
272 1214 457 1259 interprete.
483 1232 535 1239 —
561 1213 669 1246 Breuis
693 1211 824 1246 historia
848 1211 962 1259 populi
984 1212 1055 1247 Iud.
1073 1227 1090 1247 a
1117 1212 1218 1247 reditu
1243 1226 1282 1247 ex
1304 1212 1463 1256 Babylon.
1486 1211 1612 1247 excidio
1635 1226 1734 1260 vsque
1757 1211 1798 1248 ad

76 1261 233 1297 ‘vltimum
247 1262 407 1298 excidium
427 1260 683 1307 Hierosolymae
697 1274 756 1298 etc.
773 1265 905 1298 audlore
923 1264 1025 1298 Paulo
1042 1265 1162 1309 Ehem,
1189 1262 1395 1311 Kittingensi.
1421 1260 1511 1298 conf.
1529 1264 1622 1298 catal.
1638 1264 1712 1298 bibl.
1730 1266 1796 1298 Au-

76 1313 241 1362 gu'stanae.
265 1334 315 1341 —
342 1317 429 1357 1564.
456 1314 604 1349 Coloniae
619 1314 811 1363 prodierunt
826 1315 954 1349 Nicolai
970 1315 1108 1361 Asclepii
1126 1317 1262 1349 Barbati
1283 1315 1455 1362 periochae
1477 1324 1508 1348 et
1529 1325 1720 1362 argumenta
1741 1328 1795 1349 an-

76 1368 283 1414 tiquitatum,
309 1375 341 1400 et
362 1366 522 1401 librorum
545 1365 585 1401 de
602 1368 636 1401 Β.
655 1365 718 1401 iud.
745 1366 933 1401 tetrastichis
959 1364 1212 1416 comprehensa,
1237 1373 1267 1406 8.
1296 1380 1373 1401 cum
1390 1365 1538 1400 Barthol.
1555 1368 1641 1401 Steni
1660 1366 1794 1402 historia

27 1419 30 1421 ⁴
77 1415 222 1460 ducum,
246 1416 414 1459 iudicum,
440 1430 622 1466 regumque
645 1419 763 1467 populi
786 1416 957 1453 Israelitici.

176 1495 249 1530 Nec
266 1493 498 1542 praetereunda
513 1496 565 1528 hic
580 1493 624 1528 est
639 1492 772 1529 censura
790 1495 925 1533 Budaei,
952 1497 987 1529 in
1002 1491 1060 1530 suo
1075 1493 1115 1530 de
1137 1492 1199 1530 asse
1211 1495 1293 1530 libro
1307 1493 1389 1530 lata:
1411 1495 1524 1530 Libros
1540 1504 1655 1530 contra
1671 1496 1790 1542 Apion.

77 1543 287 1581 refutatorios
302 1545 402 1581 latine
420 1549 463 1580 ita
482 1543 588 1580 versos
602 1545 763 1593 legimus,
789 1556 820 1580 vt
836 1546 1054 1593 praestabilius
1068 1544 1190 1587 fuisset,
1210 1559 1396 1595 numquam
1416 1545 1508 1582 fuisse
1531 1546 1644 1583 editos.
1695 1545 1791 1581 Adeo

80 1601 222 1647 corrupti
241 1596 376 1633 fuerunt
399 1597 608 1632 librariorum
625 1601 720 1639 vitio,
747 1608 778 1632 et
795 1600 975 1646 interpretis
994 1600 1190 1646 ignorantia.

180 1681 218 1717 V
219 1683 348 1732 eifioncs
353 1684 620 1731 francogallicae.
671 1682 823 1718 Testibus
847 1685 993 1718 Fabricio
1016 1694 1047 1719 et
1067 1686 1164 1719 Cotta
1183 1683 1318 1727 Parisiis
1337 1694 1416 1729 1553.
1441 1684 1625 1729 comparuit
1649 1681 1791 1718 Histoire

78 1731 134 1768 des
150 1731 227 1768 Iuifs
244 1744 303 1768 etc.
322 1747 379 1782 par
397 1736 465 1768 Nic.
481 1737 518 1768 de
532 1736 718 1782 Herberay,
742 1737 832 1769 Sieur
846 1735 899 1770 des
917 1733 1056 1777 Effarts,
1085 1738 1140 1783 qui
1159 1745 1191 1769 et
1205 1734 1336 1770 celebris
1353 1736 1445 1775 libri,
1474 1734 1606 1770 Amadis
1626 1733 1666 1769 de
1689 1734 1792 1769 Gaule

78 1781 236 1833 inscripti,
258 1788 414 1833 interpres
433 1785 486 1821 est.
514 1806 564 1813 —-
597 1797 678 1831 1557.
701 1785 819 1822 eodem
840 1788 972 1822 auetore
993 1790 1026 1821 in
1049 1783 1319 1833 francogallicam
1338 1786 1479 1822 traducti
1495 1787 1641 1834 linguam
1656 1785 1728 1820 libri
1751 1784 1791 1820 de

77 1836 112 1873 R,
132 1837 153 1869 Ι.
171 1834 423 1884 comparuerunt
438 1840 470 1872 in
485 1835 545 1873 fol.
574 1839 725 1887 Parisiis,
752 1849 785 1873 vt
799 1840 941 1886 Ittigius;
967 1837 1136 1885 Lugduni,
1165 1839 1392 1885 vtFabriciu33
1419 1837 1515 1872 simul
1540 1837 1729 1883 vtrobique,
1756 1844 1790 1871 vt

77 1888 195 1930 Cotta,
221 1887 343 1922 dicunt.
398 1891 444 1923 Ex
459 1891 585 1923 Graeco
603 1890 685 1923 hanc
701 1891 998 1938 interpretationem
1017 1887 1233 1930 essefac‘tam,
1258 1889 1330 1924 libri
1355 1889 1462 1924 titulus
1488 1902 1564 1935 prae
1587 1887 1618 1922 se
1642 1886 1714 1922 sert.
1739 1906 1790 1913 —

80 1940 166 1983 1562.
190 1939 344 1986 Lugduni
359 1941 639 1987 francogallicam
656 1939 782 1989 iosephi
798 1940 978 1976 versionem
1001 1938 1152 1988 prodiisse
1175 1940 1296 1974 dicunt.
1349 1942 1426 1973 leem
1441 1941 1469 1973 le
1484 1941 1582 1973 Frerc
1605 1941 1637 1973 in
1664 1935 1789 1985 praefa-

78 1990 169 2023 tione
191 1988 230 2024 ad
253 1988 428 2025 editionem
456 1989 662 2026 parisiensem
686 1995 762 2025 anni
785 1998 873 2037 1569.
906 1996 966 2034 ait,
999 1990 1255 2038 francogallicae
1279 1989 1501 2037 Lugdunensis
1528 1989 1683 2024 versionis
1711 1991 1788 2024 anni

79 2042 164 2086 1562.
178 2040 376 2076 reuifionem
392 2041 622 2076 demandatam
638 2040 729 2076 fuisse
744 2043 872 2077 cuidam
892 2046 982 2084 viro,
1009 2055 1150 2090 eumque
1172 2040 1350 2090 processisse
1374 2045 1436 2076 iam
1457 2055 1557 2090 vsque
1581 2041 1619 2076 ad
1637 2044 1788 2089 quintum

79 2095 176 2139 antiq.
193 2102 224 2127 et
238 2091 278 2128 ad
293 2096 422 2127 tertium
439 2094 471 2126 B.
490 2094 512 2126 I.
530 2093 648 2127 librum
668 2107 703 2128 ea
719 2092 901 2141 diligentia,
929 2105 963 2128 vt
985 2094 1088 2128 labori
1110 2092 1166 2128 suo
1190 2096 1387 2128 immortuus
1405 2092 1456 2127 sit:
1484 2091 1556 2128 suos
1577 2095 1609 2127 in
1635 2094 1789 2127 humeros

79 2141 225 2178 laborem
241 2154 347 2179 morte
361 2146 420 2178 viri
438 2147 532 2178 huius
549 2146 716 2192 intercepti
731 2148 885 2181 reiec‘lum
899 2159 906 2181 :
933 2144 1114 2180 versionem
1128 2145 1261 2180 latinam
1280 2143 1340 2180 esse
1356 2144 1504 2179 Gelenii:
1528 2144 1650 2179 multos
1666 2156 1788 2179 naeuos

80 2202 112 2228 et
131 2194 222 2230 locos
243 2192 395 2230 obscuros
417 2193 447 2231 se
469 2193 660 2231 correxisse:
687 2208 844 2245 corrupto
870 2196 952 2231 adeo
975 2197 1126 2238 originali
1149 2210 1268 2243 graeco
1292 2195 1323 2231 se
1340 2195 1452 2236 vsum,
1481 2207 1514 2230 vt
1531 2197 1645 2230 nolens
1663 2196 1787 2237 volens,

78 2242 203 2294 saepius
218 2245 365 2281 diuinare
379 2245 409 2281 se
425 2246 563 2282 videret:
587 2246 735 2282 adiutum
752 2259 861 2283 tamen
880 2261 979 2294 opera
994 2248 1129 2283 Gilberti
1147 2246 1364 2289 Genebrardi,
1390 2249 1520 2282 {oannis
1537 2246 1732 2286 Maldonati‚
1757 2256 1788 2281 et

79 2296 207 2332 Nicolai
222 2298 320 2333 Cleri.
375 2300 465 2334 Haec
479 2308 585 2333 autem
603 2298 779 2334 parisiensis
793 2299 893 2335 editio
910 2299 951 2334 sic
964 2297 1162 2334 inscribitur:
1194 2299 1366 2334 L‘hisloire
1382 2297 1422 2332 de
1440 2300 1534 2333 Flave
1552 2296 1683 2345 Ioseph,
1708 2298 1787 2332 latin

41 2345 45 2349 ¹
79 2343 237 2395 frangois,
268 2351 411 2384 chacune
434 2349 557 2386 version
582 2348 858 2400 correspondante
883 2351 976 2386 l'une
995 2366 1013 2385 a
1036 2352 1171 2391 l’autre,
1199 2349 1301 2386 verser
1323 2365 1341 2385 a
1364 2348 1472 2384 verset.
1533 2348 1788 2384 Nonvellemcnt

30 2448 35 2449 ⁷
79 2410 178 2436 revue
198 2410 229 2436 et
249 2401 397 2451 corrige'e
418 2399 470 2438 sur
493 2401 721 2452 l’exemplaire
738 2417 816 2452 grec
839 2416 897 2453 par
918 2404 968 2490 ἒξ.
987 2405 1062 2455 leaiz
1076 2404 1102 2438 le
1117 2404 1236 2442 Frere,
1263 2402 1300 2437 de
1314 2403 1345 2437 la
1361 2402 1438 2439 Val.
1465 2398 1525 2436 fol.
1543 2402 1585 2436 Η.
1601 2399 1787 2487 νοΗὸΙςὴὲι

945 2466 953 2476 .
985 2465 1005 2490 2
1708 2463 1748 2486 au
1771 2463 1792 2486 e
