2049 2720
581 165 828 204 ED1T10Nrs
864 167 1056 206 OPERVM
1087 170 1250 208 caram
1327 174 1397 210 Lm.
1411 177 1482 213 JV.
1499 189 1522 213 c.
1538 176 1646 214 XIX.
1706 190 1767 226 475

154 264 264 301 Tomi
284 265 351 300 eius
372 264 479 312 operis
502 261 574 298 sunt
588 264 675 298 Xlll.
700 265 754 312 qui
775 276 890 298 omnes
915 267 1153 311 annumvl679.
1181 269 1213 301 in
1236 267 1332 303 titulo
1356 279 1505 307 notatum
1529 274 1699 310 exhibent:
1726 285 1775 310 to-

48 329 124 352 mus
141 318 193 352 IX.
220 319 256 351 in
278 316 357 351 duas
378 326 483 364 partes
508 312 625 350 diuisus
649 313 704 350 est.
758 314 867 349 Altera
888 328 961 363 pars
981 317 1048 350 eius
1068 320 1149 351 tomi
1164 321 1358 365 paginarum
1376 335 1549 358 numerum
1570 326 1769 372 peculiarem

47 369 155 404 habet.
207 367 345 403 Molitus
366 367 409 402 est
426 369 615 403 Charterius
637 379 709 401 eam
735 364 914 401 editionem
934 367 1032 401 molis
1057 372 1222 403 maximae
1243 371 1280 404 ab
1305 385 1392 408 anno
1409 375 1663 411 MDCXXXIX.
1716 377 1769 412 Ad

48 419 152 455 finem
171 419 328 468 perdud'ta
349 418 393 454 est
415 417 550 454 demum
573 417 644 467 post
665 426 810 452 mortem
827 419 1005 460 Charterii‚
1029 432 1116 454 anno
1135 421 1382 458 MDCLXXIX.
1435 425 1605 474 Qaedam
1622 429 1698 462 hinc
1713 428 1767 470 est.

6 462 10 468 Δ
47 470 105 505 etfi
127 484 191 506 vna
214 480 341 507 tantum
363 469 530 516 impressio
552 468 759 518 singulorum
786 479 958 504 tomorum
983 469 1043 511 est,
1067 473 1100 505 in
1120 473 1176 517 iis,
1205 472 1391 519 praesertim
1414 478 1447 510 in
1471 479 1633 526 prioribus
1654 481 1766 521 tomis,

49 519 228 558 diuerfitas.
277 524 366 558 Duas
382 521 515 561 tabulas,
538 525 601 557 aeri
621 519 747 561 incisas,
770 520 892 556 addidit
907 523 1092 557 Charterius
1109 535 1203 557 tomo
1226 527 1351 570 primo,
1381 540 1462 575 quae
1483 542 1579 568 vero,
1607 534 1764 579 quoniam

48 571 292 617 incidebantur,
318 573 491 622 postquam
513 575 596 608 tomi
618 574 717 622 primi
741 573 941 621 exemplaria
963 573 1067 608 multa
1088 583 1178 609 erant
1198 573 1382 617 diuendita,
1409 580 1442 613 in
1466 582 1635 626 permultis
1656 595 1765 618 exem.

46 623 190 673 plaribus
210 622 333 660 desunt.
386 622 527 670 (Desunt
551 627 648 659 etiam
672 627 706 658 in
729 637 806 659 meo
829 624 1030 673 exemplari,
1057 627 1090 659 in
1113 639 1178 675 quo
1204 629 1289 661 tomi
1310 630 1409 675 primi
1431 631 1539 665 titulus
1563 642 1690 668 tantum
1711 635 1767 677 ori¹

47 685 141 711 natus
162 674 206 710 est
227 675 414 724 effigiebus,
441 678 507 710 aeri
532 674 654 715 incisis,
685 677 897 724 Hippocratis
925 687 956 711 et
976 675 1121 722 Gale-ni.)
1174 679 1308 713 Tomus
1330 682 1474 727 primus,
1508 685 1563 730 qui
1587 686 1652 718 iam
1675 698 1763 720 anno

46 727 296 763 MDCXXXIX.
319 726 422 762 editus
446 726 508 768 est,
536 727 644 775 aliqua
668 727 764 762 habet
786 730 938 775 propria,
972 741 1054 777 quae
1074 731 1107 764 in
1131 728 1249 764 eodem
1272 740 1388 774 tomo,
1414 732 1465 766 vbi
1485 732 1587 769 editus
1610 734 1654 770 est
1675 749 1763 772 anno

45 778 294 815 MDCLXXIX.
321 776 454 819 desunt,
478 782 512 814 in
536 792 642 827 eoque
664 778 825 827 quaedam
849 776 940 822 sunt,
973 793 1054 828 quae
1076 783 1109 814 in
1132 784 1240 829 priore
1262 781 1405 817 editione
1425 783 1656 822 desiderantur.
1709 789 1762 822 Sic

45 832 213 877 antiquior
234 829 334 866 editio
358 830 479 866 duabus
501 829 620 865 schedis
643 830 780 878 gaudet,
813 844 895 880 quae
914 833 948 866 in
974 831 1091 867 vlrima
1113 831 1349 875 desiderantur,
1376 837 1410 869 in
1432 835 1574 872 editione
1595 849 1673 873 vero
1695 841 1763 874 eius

44 882 131 916 tomi
146 884 223 917 anni
240 882 487 918 MDCLXXIX.
502 880 616 917 scheda
632 881 687 923 est,
702 895 784 931 quae
800 884 831 917 in
847 882 990 918 editione
1006 887 1083 918 anni
1102 885 1356 921 MDCXXXIX.
1372 899 1441 921 non
1455 891 1621 935 reperitur.
1644 890 1762 937 Magni

45 942 155 967 tamen
183 936 345 968 momenti
368 935 453 969 hanc
477 933 713 973 diuet-litatem,
751 947 833 981 quae
860 936 944 968 inter
971 934 1150 969 editionem
1181 939 1263 970 tomi
1295 939 1393 984 primi
1419 942 1493 973 anni
1510 940 1760 978 MDCXXXIX.

44 986 164 1018 etanni
179 985 427 1020 MDCLxxix.
446 984 630 1026 intercedit,
653 997 722 1019 non
738 982 818 1026 esse,
845 995 958 1020 monet
973 986 1011 1019 de
1031 987 1163 1021 thli'ers
1186 988 1218 1021 in
1243 987 1376 1036 epistola
1395 987 1435 1024 de
1455 989 1596 1026 editione
1617 1005 1758 1040 operum

44 1036 256 1083 Hippocratis
276 1046 306 1071 et
324 1036 452 1078 Galeni,
477 1049 532 1083 per
549 1038 714 1071 Renatum
730 1037 936 1071 Charterium
954 1034 1084 1079 emissa,
1115 1051 1196 1086 quae
1211 1039 1328 1087 legitur
1348 1043 1400 1074 in:
1428 1042 1598 1077 Memoires
1614 1044 1652 1078 de
1672 1044 1760 1079 Gou-

43 1086 106 1126 lin,
139 1098 170 1122 et
191 1087 312 1134 prodiit
334 1090 431 1122 etiam
450 1085 599 1123 seorfim:
626 1089 739 1122 Lettrc
758 1089 795 1121 de
815 1089 883 1125 Mr.
903 1088 943 1122 V
941 1089 1038 1123 illiers
1049 1089 1117 1135 sur
1136 1091 1158 1124 Γ
1169 1092 1284 1125 edition
1302 1103 1436 1138 grec-que
1453 1100 1482 1127 et
1496 1094 1593 1128 latine
1607 1095 1659 1128 des
1674 1096 1759 1130 Θεα-

43 1149 116 1172 vrci·
132 1139 163 1171 d’
174 1139 371 1184 Hippocrate
385 1146 414 1173 et
428 1141 465 1173 dc
479 1140 598 1174 Galen&
610 1137 805 1183 publie'epnr
819 1140 899 1173 Ren.
916 1139 1076 1174 Clzartier.
1104 1138 1123 1173 ci
1144 1142 1251 1176 Paris.
1279 1146 1369 1185 1776.
1388 1155 1418 1185 4.
1471 1144 1675 1181 Medicinam
1700 1160 1758 1194 per

41 1190 191 1224 XXXIX.
204 1204 306 1225 annos
325 1193 390 1225 iam
412 1202 597 1225 exercuerat
610 1191 816 1230 CharteriuS,
844 1202 948 1237 quum
965 1203 1053 1225 anno
1071 1192 1325 1228 MDCXXXIX.
1347 1196 1491 1240 primam
1516 1208 1655 1243 operum
1673 1199 1760 1246 Hip-¹

41 1244 182 1289 pocratis
199 1251 230 1278 et
246 1241 362 1276 Galeni
374 1250 500 1290 partem
521 1244 699 1283 emitteret,
723 1240 930 1288 edideratque
953 1243 1016 1275 iam
1033 1255 1121 1276 anno
1139 1245 1314 1277 MDCVH.
1341 1247 1610 1293 paranymphum
1633 1250 1665 1282 in
1686 1257 1760 1296 gra-⁴

41 1294 121 1327 tiam
145 1295 288 1341 quinque
309 1292 437 1327 laureae
456 1290 714 1328 candidatorum.
772 1293 850 1327 Non
869 1293 1043 1334 Retraham,
1065 1289 1120 1327 sed
1142 1295 1252 1341 potius
1274 1296 1422 1330 Ioannem
1437 1295 1659 1341 chartei-ium,
1687 1300 1758 1335 Pal-

41 1342 122 1379 ladii
141 1342 297 1394 synopfin
321 1342 363 1379 de
385 1343 527 1383 febu‘bus
547 1341 697 1386 edidiss'e,
723 1357 741 1378 a
764 1344 890 1377 Rmato
909 1343 1075 1379 charterio
1097 1344 1239 1380 indicem
1262 1347 1295 1381 in
1320 1346 1483 1383 Galerium
1504 1347 1568 1384 effe
1591 1349 1755 1399 composi-

41 1404 131 1436 tum,
169 1398 223 1445 qui
247 1406 278 1430 et
305 1395 413 1430 lucem
441 1395 575 1438 viderit,
609 1398 681 1439 (nos
704 1397 791 1430 hunc
814 1393 954 1429 indicem
980 1407 1151 1444 nunquam
1176 1396 1342 1441 vidimus‚)
1375 1396 1474 1433 refert
1497 1399 1755 1447 idemflVilliers.

41 1448 198 1483 Ceterum
220 1447 504 1483 Ren.Charterius
526 1446 566 1482 ad
596 1445 721 1482 edenda
751 1447 832 1481 haec
863 1447 1075 1495 Hippocratis
1103 1458 1135 1482 et
1159 1447 1274 1483 Galeni
1304 1461 1403 1497 opera
1434 1448 1557 1486 sumtus
1588 1453 1753 1502 impendit

40 1509 178 1543 50,000.
198 1498 428 1546 imperialium.
485 1498 694 1546 Exemplaria
716 1499 842 1546 opem,
875 1510 958 1545 quae
980 1495 1073 1532 fiscus
1096 1502 1200 1546 regius
1225 1499 1280 1534 fibi
1300 1504 1504 1549 mancipauit
1528 1502 1600 1552 post
1621 1504 1750 1542 obitum

41 1550 219 1591 charterii,
243 1551 282 1585 ab
305 1562 344 1585 eo
366 1548 529 1585 diuendita
552 1548 641 1592 sunt,
667 1548 846 1584 cumidem
866 1548 957 1585 fiscus
971 1548 1203 1586 Tournefortii
1219 1550 1399 1594 elementa,
1425 1553 1483 1601 ipfi
1506 1568 1640 1603 quoque
1659 1569 1751 1592 man.

40 1601 143 1649 cipata
167 1600 239 1649 post
262 1598 363 1637 fadias
383 1599 540 1648 impensas
566 1614 730 1643 100‚000.
755 1600 995 1648 imperialium,
1025 1615 1112 1636 anno
1128 1604 1350 1639 MDCXCIV.
1372 1617 1440 1639 non
1462 1605 1666 1650 diuenderet,
1698 1605 1752 1643 sed

39 1647 239 1688 dono'daret
261 1652 363 1689 doffls
386 1654 460 1688 viris
483 1653 627 1700 aliisque.
677 1657 833 1688 Ceterum
858 1653 961 1687 multa
982 1650 1072 1698 sunt,
1099 1667 1181 1702 quae
1197 1654 1307 1689 laudat
1325 1654 1452 1691 Villiers
1468 1658 1503 1692 in
1517 1659 1580 1693 hac
1597 1658 1750 1699 editione,

38 1705 188 1753 inprimis
205 1702 364 1740 versiones
380 1702 505 1744 latinas,
527 1718 544 1738 a
562 1706 732 1740 Charterio
757 1702 826 1739 fere
849 1717 965 1739 omnes
989 1704 1194 1747 emendatas,
1221 1716 1396 1755 optatque,
1422 1717 1456 1743 vt
1480 1721 1517 1743 ea
1538 1711 1750 1758 Hippocratis

39 1764 71 1791 et
85 1755 199 1792 Galeni
213 1755 324 1798 editio,
348 1758 460 1791 iterato
474 1755 586 1792 labore
604 1755 643 1791 ad
661 1769 784 1790 nouam
807 1753 985 1791 editionem
1007 1754 1177 1805 impenso,
1204 1758 1369 1804 vulgatior
1389 1758 1454 1793 fiat.
1478 1779 1528 1786 -—
1558 1762 1612 1796 De
1626 1761 1750 1807 labore,

40 1820 138 1856 quem
154 1808 338 1842 Charterius
354 1809 550 1854 Hippocrati
565 1808 733 1855 impendit,
757 1807 821 1841 dixi
839 1810 905 1842 iam
925 1811 959 1842 in
977 1807 1050 1842 libr.
1069 1810 1106 1843 Π.
1131 1809 1223 1842 huius
1241 1809 1471 1853 bibliothecae,
1498 1824 1569 1859 cap.
1587 1825 1633 1855 23.
1652 1814 1682 1860 §.
1696 1825 1748 1854 30.

39 1866 122 1901 tom.
138 1859 176 1892 11.
199 1871 273 1906 pag.
289 1861 360 1902 605.
374 1860 453 1894 606.
503 1860 620 1906 Neque
644 1856 771 1893 felicior
791 1856 854 1892 fuit
873 1860 1058 1893 Charterius
1082 1860 1113 1893 in
1131 1859 1257 1894 Galeno
1279 1859 1425 1903 edendo,
1452 1875 1549 1909 quam
1566 1866 1599 1898 In
1617 1866 1748 1913 Hippo-

41 1919 146 1947 crate,
172 1909 242 1945 imo
263 1911 372 1943 minus
395 1908 501 1943 adhuc
521 1907 618 1950 felix,
640 1908 727 1956 quod
748 1912 781 1942 in
795 1909 922 1944 Galeno
939 1908 1066 1944 edendo
1081 1908 1183 1957 longe
1202 1910 1298 1957 plura
1312 1922 1401 1946 erant
1416 1913 1620 1959 praestanda,
1647 1929 1748 1963 quam

40 1961 74 1996 in
89 1962 302 2009 Hippocrate.
355 1958 551 2007 Negandum
569 1959 700 2011 quidem
723 1972 792 1993 non
807 1959 868 2004 est,
891 1959 1037 1994 habitum
1059 1971 1229 1996 externum
1252 1963 1347 1996 huius
1370 1962 1535 2005 editionis,
1563 1964 1621 2000 nifi
1643 1964 1746 2015 splen-

41 2010 173 2053 didum,
194 2020 303 2046 tamen
326 2020 358 2045 et
377 2010 476 2046 talem
496 2009 575 2052 effe,
602 2014 656 2059 qui
679 2011 813 2053 oculos,
840 2009 1055 2046 delicatorum
1070 2014 1190 2054 etiam,
1215 2025 1284 2049 non
1305 2012 1410 2049 laedat
1418 2028 1428 2056 3
1455 2015 1552 2051 libros
1568 2017 1684 2052 Galeni
1706 2031 1746 2055 eo

16 2096 20 2099 ,
41 2062 155 2098 ordine
177 2059 240 2098 effe
260 2059 449 2110 dispositos,
497 2074 542 2097 uo
564 2060 659 2097 facile
685 2060 801 2110 poffint
823 2076 840 2096 a
863 2061 1042 2110 legentium
1064 2076 1195 2112 quoque
1216 2066 1365 2111 reperiri3
1393 2074 1516 2101 textum
1540 2066 1600 2102 esse
1621 2068 1748 2118 expres-

40 2111 114 2150 sum
138 2111 316 2150 secundum
334 2075 545 2149 Bafileenilem
569 2126 721 2161 graecam
741 2113 918 2148 editionem
942 2112 1076 2158 (Aldina
1098 2113 1156 2162 ipfi
1182 2113 1308 2161 defuit)
1329 2126 1357 2151 et
1376 2116 1508 2165 quidem
1530 2119 1643 2155 multis
1664 2122 1747 2156 locis

21 2170 202 2202 ‘mutatum
223 2177 263 2200 ex
283 2164 381 2200 codd.
396 2166 469 2199 MS.
486 2164 698 2200 bibliothecae
722 2164 811 2213 publ.
829 2165 1000 2205 parisinae,
1031 2175 1061 2200 et
1085 2165 1222 2201 aliarum
1249 2167 1538 2211 bibliothecarum3
1564 2171 1747 2208 versionem

42 2219 272 2254 corrediorem
286 2213 436 2256 edidisse,
461 2229 531 2251 non
550 2216 683 2265 quidem
701 2220 874 2258 omnium,
902 2225 1009 2252 tamen
1033 2217 1178 2265 plurium
1203 2217 1363 2253 librorum
1386 2220 1501 2256 Galeni
1520 2223 1745 2266 Charterium3

9 2269 16 2292 ¹
43 2266 259 2317 addidisseque
280 2269 313 2301 iu
328 2266 464 2302 concisis
484 2270 569 2303 notis
593 2281 629 2304 ae
650 2269 742 2302 variis
758 2268 968 2309 lersiionibus,
994 2281 1076 2317 quae
1091 2272 1189 2305 tomis
1206 2282 1275 2304 non
1290 2270 1420 2319 quidem
1438 2275 1609 2314 omnibus,
1634 2286 1745 2310 tamen

44 2319 193 2367 plurimis
219 2318 343 2354 additae
372 2317 460 2358 sunt,
496 2321 613 2354 muitas
636 2320 792 2355 lectiones
814 2332 853 2353 ex
873 2317 1095 2367 manuscriptis
1116 2320 1300 2364 codicibus,
1334 2321 1448 2357 editori
1472 2337 1607 2372 operum
1631 2325 1745 2360 Galeni

47 2370 130 2405 olim
153 2368 216 2406 vsu'i
238 2368 376 2406 futuras:
412 2367 465 2404 sed
491 2373 589 2407 etiam
612 2384 681 2405 non
703 2369 891 2417 negandum
916 2369 978 2412 est,
1006 2372 1110 2406 multa
1131 2370 1192 2407 esse
1213 2370 1299 2408 facita
1323 2387 1341 2408 a
1363 2375 1534 2410 Charterio
1556 2373 1746 2412 oscitanier:

46 2429 192 2467 textum,
224 2420 425 2467 mulionem,
466 2423 580 2460 omnia
606 2420 669 2462 effe
696 2424 804 2462 minus
827 2419 966 2458 studiose
993 2424 1157 2468 correcta,
1195 2435 1294 2472 quam
1313 2437 1376 2474 par
1397 2425 1461 2465 est,
1501 2438 1641 2476 eumque
1662 2437 1692 2461 et
1714 2430 1747 2463 in

907 2475 999 2509 Ooo
1026 2485 1045 2507 2
1636 2491 1745 2515 emen-
