2049 2720
77 135 393 183 vastamur-425
519 130 758 171 RECENTES
789 131 1092 172 CELEBRIORES
1147 132 1220 170 Lib.
1235 134 1303 172 IV.
1317 146 1339 171 c.
1354 133 1464 173 XVI.
1482 135 1538 184 (ol.
1554 135 1675 184 XIV.)
1729 147 1788 183 305

74 242 138 279 que
155 230 332 276 Tychonis
356 237 388 265 et
409 228 540 265 Heuelii
563 227 716 264 industria
736 238 866 277 quoque
887 225 1014 265 factum
1036 226 1098 270 est,
1124 236 1156 263 vt
1177 228 1280 278 longe
1301 230 1396 279 plura
1415 228 1512 266 hodie
1526 229 1628 267 sidera
1642 244 1791 268 numere·

72 294 146 318 mus
168 292 199 317 et
220 281 323 328 longe
346 284 524 329 accuratius
548 278 722 316 noscamus
743 293 843 329 quam
866 279 1020 329 astrologi
1043 290 1173 316 veteres.

174 339 267 376 Idem
282 342 409 385 Tyclio
430 351 556 390 praeter
577 342 638 377 alia
660 340 798 390 globum
815 339 989 377 coelestem
1008 353 1045 375 ex
1068 339 1233 376 orichalco
1247 338 1392 376 condidit
1409 340 1568 378 diametro
1585 340 1635 377 sex
1654 342 1790 391 pedum·

72 394 108 429 in
133 394 224 428 cuius
248 394 430 428 horizontis
456 394 578 429 ambitu
607 396 685 429 haec
707 392 803 427 verba
828 394 931 427 aureis
952 391 1062 427 litteris
1084 389 1220 438 insculpi
1241 394 1385 427 curauit:
1426 407 1506 428 anno
1528 407 1545 428 a
1571 395 1695 440 Christo
1718 403 1793 429 nato

71 445 385 482 MDLXXXIII.
410 452 565 493 regnante
586 447 617 480 in
641 446 751 479 Dania
771 444 933 478 Friderico
951 445 1003 478 II.
1030 445 1107 478 hunc
1134 442 1247 489 coelesti
1275 445 1429 480 machinae
1451 447 1636 492 corformem
1652 448 1793 493 globum,

72 501 105 534 in
120 508 181 545 qno
202 495 295 542 qffixa
317 495 452 530 offanae*
454 496 608 543 sphaerae
619 496 729 544 fidcra
752 496 878 530 coelitus
902 498 1030 543 organis
1052 495 1243 542 deprehensa
1255 495 1329 542 suis
1348 508 1484 544 quaeque
1504 499 1577 532 locis
1597 498 1641 531 ad
1659 499 1794 544 amuffim

47 586 54 587 t
70 547 321 595 repraqsentare,
345 550 581 595 errantiumque
595 548 762 595 stellarum
782 559 840 593 per
859 547 931 582 baec
958 549 1158 593 apparentias
1175 546 1391 592 pei-uestigare
1414 551 1567 589 decreuit,
1594 550 1674 584 coelo
1698 553 1796 585 terri-

68 603 159 649 genis
182 601 235 645 qui
256 600 409 633 rationem
428 611 493 633 eam
509 601 636 645 capiunt
659 599 828 634 nucham‘co
852 611 940 644 opere
957 598 1121 646 patcfaHo
1157 597 1235 633 TY
1238 599 1267 634 C
1275 600 1314 633 H
1327 598 1359 634 Ο
1384 600 1416 634 B
1424 600 1457 634 R
1468 600 1503 634 A
1508 601 1590 635 HE
1614 601 1655 635 O.
1674 602 1713 636 F.
1729 602 1796 650 fibi

69 661 100 689 et
146 649 251 695 asteris
275 650 315 684 F.
335 649 373 683 F.
701 672 703 675 -

120 665 143 699 p
172 703 210 736 ln
229 698 468 750 praegrandem
491 698 662 749 sphaeram
691 699 879 750 duplicem,
916 701 1151 738 Ptolemaicam
1179 700 1336 743 alteram,
1366 699 1501 737 alteram
1518 704 1795 752 Copernicanam‚

71 770 89 792 a
104 753 264 791 Guilelmo
285 753 385 787 Blaeu
399 752 631 795 constructam,
653 753 718 801 legi
733 751 866 803 possunt
880 756 1116 803 epigrammata
1132 753 1205 788 bina
1217 752 1371 800 Cast-raris
1386 753 1511 789 Barlaei
1526 764 1610 790 tom.
1626 756 1666 791 Π.
1683 769 1794 805 poem.

96 821 112 842 a
139 833 146 842 .
163 812 233 849 284.
277 804 304 847 lf
347 805 474 840 Fabric.

71 820 93 856 p
114 819 136 856 g
175 857 230 905 [ln
248 804 396 890 bsibljioth.
411 853 557 891 Leidenfi
582 852 654 891 sunt
671 855 739 892 duo
758 855 870 905 globi,
897 854 1042 891 coelestis
1059 865 1090 891 et
1105 854 1278 897 terrestris,
1306 858 1457 892 varietate
1475 856 1629 893 colorum
1645 857 1795 902 distineri,

73 911 241 947 maximae
261 906 409 950 formae,
443 920 500 956 per
525 908 614 944 Guil.
632 908 784 951 BIaeuw,
820 920 850 942 et
871 906 940 943 duo
965 907 1035 949 alii,
1070 909 1209 943 minoris
1228 905 1376 949 formae,
1411 921 1469 955 per
1490 908 1581 945 Guil.
1599 910 1795 957 Ianffimium

75 963 225 997 Blaeuw:
251 958 319 994 duo
341 959 395 993 alii
419 961 578 1007 recogniti
602 969 697 1008 atque
720 961 879 995 auetiores
902 957 981 994 faeti
1002 972 1059 1006 per
1075 961 1269 994 Lotharium
1287 959 1454 994 Zumbach
1469 959 1508 995 de
1522 959 1697 997 Koesfeld:
1726 964 1795 998 Pla-

72 1013 296 1051 netolabium‚
323 1008 499 1046 necessario
521 1009 676 1059 adparatu
704 1011 917 1052 inssrudlum,
945 1013 1116 1046 inuentore
1141 1009 1259 1046 eodem
1281 1011 1468 1045 Zumbach:
1496 1013 1644 1059 inprimis
1660 1011 1795 1061 sphaera

73 1064 291 1104 automatica‚
318 1059 340 1095 s.
355 1061 526 1097 armillaris
542 1063 787 1110 Copernicana,
814 1076 872 1111 per
889 1061 1067 1098 Thrafium
1091 1061 1265 1103 adornata,
1293 1075 1395 1110 quam
1418 1060 1593 1111 dispersam
1620 1074 1650 1099 et
1672 1066 1796 1115 collap-

73 1115 144 1153 sam
165 1119 198 1151 in
220 1112 372 1150 ordinem
398 1113 521 1161 redegit
543 1123 574 1148 et
593 1116 684 1149 auxit
705 1115 858 1149 Barnara'
877 1115 1035 1163 Cloefius,
1067 1115 1156 1148 cuius
1177 1115 1320 1161 figuram
1346 1122 1377 1148 et
1397 1112 1650 1163 descriptionem
1670 1126 1700 1151 et
1723 1119 1796 1153 reli-

75 1180 218 1218 quorum
239 1165 418 1214 globorum
440 1167 593 1199 n0titiam
616 1164 680 1199 vid.
696 1168 729 1200 in
743 1165 846 1200 Catal.
865 1165 944 1200 bibl.
962 1164 1112 1212 Lugdun.
1127 1167 1195 1200 Bat.
1217 1177 1290 1212 pag.
1307 1176 1373 1209 499
1388 1162 1432 1213 sq.
1462 1167 1582 1212 Harl]

184 1227 326 1275 Sphaera
340 1224 470 1261 mobilis
489 1222 634 1273 insignis,
659 1224 766 1260 oblata
788 1227 857 1274 regi
876 1223 1002 1260 Galliae
1016 1222 1187 1259 Ludouico
1203 1225 1288 1259 XIV.
1314 1238 1332 1258 a
1348 1226 1534 1261 Martinoto
1551 1237 1580 1262 et
1597 1228 1700 1272 Hayo
1716 1229 1798 1265 cele-

73 1280 183 1315 bratur
209 1282 244 1313 in
271 1276 531 1325 ephemeridibus
557 1274 782 1312 Parifienfibus
805 1291 832 1312 a.
851 1288 934 1319 1701.
958 1287 1034 1325 pag.
1052 1278 1124 1320 364.
1150 1286 1182 1312 et
1201 1277 1235 1310 in
1251 1275 1493 1312 Dombenfibus
1515 1276 1582 1314 siue
1599 1278 1798 1317 Triuultinis

74 1329 219 1368 eiusdem
241 1330 318 1365 anni
335 1341 413 1377 pag·
431 1336 498 1373 358.
517 1338 548 1363 et
563 1342 590 1363 a.
606 1341 692 1372 1707.
711 1342 784 1378 pag.
803 1338 844 1372 82
859 1324 905 1377 sq.

173 1390 300 1427 Globos
321 1387 473 1424 coelestes
493 1399 524 1424 et
545 1388 705 1424 terrestres
733 1387 943 1424 admirandae
969 1385 1206 1436 magnitudinis
1228 1400 1266 1422 ac
1291 1386 1468 1424 structurae
1484 1388 1563 1424 vidit
1585 1403 1694 1426 recens
1712 1403 1798 1429 aetas

75 1442 292 1490 Angliconum
314 1443 373 1486 ⁰⁰),
417 1443 546 1475 comitis
574 1439 614 1475 de
634 1440 778 1477 castello
798 1441 932 1481 Maine‚
971 1440 1247 1486 Gottorpiensem‚
1280 1440 1413 1475 auctore
1428 1443 1477 1485 W)
1501 1440 1631 1477 Adamo
1649 1443 1797 1484 Oleario‚

75 1493 375 1540 Norimbergensem
397 1490 534 1527 Erhardi
548 1491 707 1540 Weigelii
721 1495 762 1537 ⁴⁶¹)
779 1492 823 1537 rr)
843 1489 1070 1538 Augustanum
1087 1489 1320 1539 Christophori
1333 1490 1478 1526 Trefleri
1502 1503 1533 1527 et
1555 1493 1740 1531 parisienses
1755 1500 1798 1542 Π)

75 1546 241 1581 Vincentii
256 1543 447 1585 coronent,
473 1543 633 1579 diametro
657 1542 843 1591 quindecim
871 1542 1011 1591 pedum,
1039 1542 1166 1578 oblatos
1189 1545 1257 1589 regi
1281 1543 1407 1578 Galliae
1430 1557 1449 1578 a
1471 1543 1637 1580 Cardinali
1653 1545 1796 1583 Essraeo.

75 1600 243 1634 Praetereo
266 1593 503 1645 planisphaeria
520 1593 703 1640 Pardyeffi,
730 1593 847 1630 Caffini
863 1596 896 1639 ²⁶)
914 1594 1004 1629 Fabri
1023 1598 1076 1641 ¹⁴⁵⁴)
1088 1622 1098 1637 ‚
1128 1591 1267 1629 lnsulani
1283 1597 1326 1638 ¹³⁰)
1344 1604 1403 1630 etc.

176 1657 229 1691 De
247 1655 386 1701 Georgii
404 1653 622 1700 Christopltori
638 1655 825 1694 Eimmnrti,
853 1652 1032 1688 astronomi
1049 1651 1351 1700 Norimbergenfis,
1378 1650 1512 1701 sphaera
1528 1655 1682 1691 armillari
1699 1658 1798 1692 trium

77 1704 145 1744 fere
165 1705 287 1756 pedum
309 1704 494 1749 altitudine,
518 1715 585 1742 tota
602 1719 642 1741 ex
660 1705 845 1750 orichalco,
868 1702 1046 1740 secundum
1066 1703 1268 1753 hypothesin
1283 1706 1460 1753 Copernici
1475 1707 1518 1740 ita
1534 1705 1740 1756 composita,
1767 1719 1801 1744 vt

1130 1797 1140 1802 ,
1682 1773 1797 1796 omnes

119 1827 168 1861 oo)
193 1823 371 1857 Vincentius
386 1822 532 1855 Coronelli
550 1824 677 1865 epitome
699 1822 915 1865 cosmographi·
958 1832 1024 1864 pag.
1041 1830 1084 1858 1¹5
1099 1821 1140 1864 sq.
1162 1828 1190 1852 et
1205 1820 1270 1863 pag.
1289 1826 1337 1856 36.
1360 1821 1395 1851 de
1416 1823 1485 1853 edit.
1504 1823 1580 1864 Opp.
1602 1826 1799 1860 mathematic.

79 1877 112 1898 «a
130 1867 181 1897 lib.
197 1869 248 1897 ΙΙΙ.
270 1868 332 1897 aaa
348 1866 430 1896 erud.
448 1871 531 1903 1694.
552 1866 649 1896 mense
664 1867 742 1896 Iulio
764 1878 791 1907 p.
808 1876 869 1903 333.
958 1867 1109 1896 Schoneri.
1135 1865 1242 1896 Norib.
1263 1869 1332 1900 1561.
1348 1865 1419 1905 fol.)
1442 1874 1504 1895 tum
1527 1866 1630 1903 globus
1655 1871 1796 1900 terrestris

117 1913 174 1950 pp)
201 1909 300 1940 Olear.
319 1909 458 1939 Perfische
474 1909 748 1940 Reise-Beschreib.
763 1920 827 1949 pag.
845 1912 914 1939 626.
960 1915 988 1938 et
1009 1907 1140 1937 coelestis
1162 1907 1347 1937 Blaeuorum.
1384 1908 1443 1938 vid.
1464 1908 1500 1938 de
1514 1909 1610 1939 Murr
1632 1913 1797 1943 Memorab.

79 1954 127 1985 Io.
145 1952 226 1983 Dan.
245 1952 353 1982 Maior
367 1954 398 1981 in
421 1955 506 1989 genio
529 1959 642 1981 errante
657 1954 685 1981 F.
702 1953 730 1980 b.
747 1950 804 1992 seq.
827 1952 916 1981 Mor·
959 1950 1097 1980 biblioth.
1120 1949 1329 1987 Noribergens.
1351 1957 1421 1979 tom.
1437 1952 1459 1980 I.
1480 1962 1508 1991 p.
1525 1961 1538 1986 ς
1555 1951 1571 1980 s
1588 1976 1595 1982 .
1637 1955 1672 1983 In
1694 1955 1796 1986 eadem

80 1995 152 2037 hosii
176 2002 310 2036 poemata
333 2005 361 2035 p.
377 2002 438 2030 514.
461 2002 490 2025 et
507 1994 636 2034 Georgii
652 1992 776 2032 Pasa-liii
797 1996 917 2023 inuenta
960 1993 1033 2023 vrbe
1052 1993 1087 2022 ab
1110 1992 1265 2022 heredibus
1279 1994 1486 2022 Hommanian.
1508 2001 1537 2023 et
1557 2005 1572 2024 a
1587 1996 1622 2024 iia
1638 1998 1798 2028 artificibus

80 2040 229 2078 nouantiq.
244 2048 306 2078 pag.
324 2045 371 2073 ςςς
388 2035 429 2077 sq.
962 2038 1008 2075 [vt
1023 2035 1176 2072 Klingero]
1191 2035 1385 2066 conficiuntur
1406 2035 1487 2073 globi
1506 2038 1632 2067 maiores
1655 2041 1796 2070 minores-

124 2081 180 2122 qq)
198 2079 325 2120 Weigel.
335 2079 401 2109 idea
412 2078 532 2109 Mathes.
541 2078 693 2109 vniuersae
708 2087 780 2120 p.75
789 2077 827 2119 sq.
845 2085 918 2113 etsi.
961 2088 1028 2119 que.
1074 2077 1162 2108 Globi
1176 2087 1192 2106 a
1208 2078 1378 2117 Lowitzio,
1402 2078 1479 2108 Prof.
1517 2080 1666 2121 quondam
1682 2084 1797 2113 Gottin-

123 2129 172 2158 rr)
201 2121 336 2155 Iit-bibl.
367 2122 446 2163 publ.
473 2121 687 2162 Noribergensi
710 2122 813 2151 vilitnr
834 2132 916 2162 prae·
962 2121 1052 2161 gens-i,
1074 2121 1247 2156 construeti,
1275 2131 1409 2158 magnam
1439 2122 1516 2151 nae'ki
1545 2122 1612 2153 sunt
1641 2126 1797 2156 auctorita·

83 2166 199 2206 grandis
221 2165 323 2203 globus
353 2166 493 2196 terrestris
524 2159 664 2195 diametri
690 2166 780 2194 trium
810 2164 917 2204 pedum
960 2173 1029 2195 tem.
1079 2165 1122 2193 Ita
1149 2165 1180 2193 in
1212 2162 1276 2193 aliis
1290 2163 1426 2194 biblioth.
1448 2165 1546 2205 paffim
1569 2166 1797 2207 conspiciuntur,

84 2209 346 2247 norffiergwfium,
369 2218 385 2237 a
403 2206 615 2239 Io.Scl10nero
627 2228 637 2242 ,
657 2209 755 2248 primo
769 2208 918 2241 Gymnafii
961 2215 989 2238 et
1013 2218 1029 2236 a
1048 2208 1138 2236 variis
1166 2206 1325 2236 artificibus
1346 2206 1473 2238 confecti
1491 2207 1558 2238 sunt
1579 2208 1661 2247 globi
1691 2211 1797 2242 diuersi

86 2254 179 2282 norici
209 2251 371 2292 professore
407 2250 589 2287 matheseos,
628 2250 805 2287 Bambergae
836 2260 917 2285 1520.
961 2251 1105 2285 ambitus,
1128 2249 1337 2287 magnitudini·
1357 2258 1387 2281 et
1407 2252 1506 2290 pretii.
1529 2251 1623 2282 Harl.
1758 2278 1767 2291 4

84 2295 244 2337 perfeetum
272 2295 324 2333 (ab
351 2293 456 2324 eodem
482 2295 631 2324 Schonero
651 2293 723 2323 editi
741 2292 804 2322 sunt
830 2292 920 2324 Globi
1005 2300 1049 2328 ες)
1070 2292 1274 2334 Ephemerides
1290 2293 1376 2323 Paris.
1391 2303 1416 2322 a.
1436 2302 1514 2329 t704.
1534 2305 1599 2334 pag.
1620 2304 1697 2332 ¹040
1713 2294 1753 2338 sq.

77 2337 227 2380 stelliferi,
249 2337 306 2367 flue
330 2336 467 2378 sphaerae
490 2336 636 2367 stellarum
659 2338 783 2366 fixarum
805 2335 869 2366 vsus
893 2344 922 2367 et
1004 2340 1044 2371 tt)
1065 2336 1249 2377 Ephemerid.
1272 2335 1359 2366 Paris.
1385 2340 1458 2370 1681.
1481 2346 1544 2378 pag.
1558 2345 1621 2373 252.

86 2380 291 2421 explicationes
313 2381 422 2410 Norib.
449 2389 530 2416 1533.
551 2391 580 2416 4.
609 2380 672 2410 vid.
689 2379 834 2411 Weidler.
855 2380 920 2410 hist.
1005 2383 1060 2415 uu)
1080 2379 1120 2408 id.
1137 2389 1162 2408 a.
1182 2387 1266 2416 1702.
1287 2389 1352 2420 pag.
1369 2383 1432 2414 263.

56 2464 59 2467 ,
86 2432 114 2464 p-
131 2432 186 2460 337
205 2422 244 2463 sq.
266 2422 409 2455 Scheibel.
429 2424 534 2455 astron.
548 2422 786 2465 Bibliographie,
809 2430 884 2464 part.
897 2425 922 2454 1.
1007 2425 1063 2459 vv)
1085 2422 1124 2452 id.
1142 2431 1228 2461 1700.
1249 2431 1314 2464 pag.
1331 2432 1395 2458 140.

129 2473 196 2506 Vnt.
213 2473 251 2507 V.
1024 2467 1104 2515 Qq
