2049 2720
52 106 170 139 voi-IX*-
185 109 364 155 euml-42
673 105 738 143 DE
763 106 921 158 QVIBVS
948 107 1112 144 SVIDAS.
1378 105 1453 144 Lib.
1470 107 1512 145 V.
1528 120 1553 144 c.
1564 107 1645 147 XL.
1697 121 1761 156 492

147 203 359 241 memborum
371 199 483 238 sutura
497 199 704 251 praedicunt,
730 201 826 237 veluti
845 214 947 249 quum
963 199 1044 237 saliit
1069 200 1184 238 oculus
1205 201 1317 239 dexter
1337 202 1388 238 vel
1410 201 1547 242 sinister,
1573 203 1624 239 vel
1647 206 1760 241 hume-

148 267 201 290 rus
229 254 282 290 vel
306 252 435 297 femur,
461 254 514 290 vel
535 267 638 304 quum
659 267 715 303 pes
733 256 875 302 pruriuit
897 254 949 289 vel
969 256 1055 289 auris
1078 256 1205 298 tinniit,
1237 256 1303 291 hoc
1329 253 1379 290 vel
1410 253 1491 291 illud
1513 258 1657 291 eueniet.
1705 258 1759 293 De

148 307 214 342 hoc
236 305 447 342 diuinationis
466 319 585 355 genere
611 304 732 355 scripsit
757 306 959 352 Pofidonius.

43 356 150 402 01en,
173 358 343 403 Dymaeus
358 357 412 393 vel
434 358 670 406 Hyperboreus
686 356 741 393 vel
757 358 895 402 Lycius,
919 367 1018 405 poeta
1032 360 1153 407 «apicus,
1209 355 1269 393 Sed
1291 361 1398 407 potius
1427 357 1471 395 est
1500 360 1621 406 Lycius
1639 373 1657 396 e
1675 361 1761 398 Xan:

146 411 223 452 tho,
246 418 280 444 vt
304 408 527 445 Callimachus
549 408 706 452 declarat,
732 419 764 444 et
779 407 993 454 (Alexander)
1016 409 1205 454 Polyhissor
1220 412 1252 444 in
1283 410 1417 446 historia
1438 413 1568 455 Lyciae.

45 460 253 511 Olophyxis,
278 463 390 496 ciuitas
409 462 573 496 Thraciae
595 463 682 496 iuxta
711 470 863 496 montem
894 462 1025 503 Athon,
1055 464 1151 496 cuius
1177 462 1256 495 ciuis
1274 458 1337 497 fuit
1363 462 1556 499 Herodotus
1581 463 1763 514 <Olophyxj

144 513 200 562 qui
219 513 257 547 de
282 512 441 560 Nymphis
466 520 495 548 et
508 512 696 559 sacrificiis,
724 521 756 547 vt
771 515 877 552 aiunt,
903 508 1032 559 scripsit.

42 564 240 613 Olympias,
272 575 456 607 certamen,
496 574 610 613 quarto
633 577 766 613 quoque
790 577 876 601 anuo
898 566 1009 611 peragi
1034 560 1186 604 sol-itum3
1214 562 1257 598 ob
1280 561 1386 607 diem,
1421 568 1475 614 qui
1497 576 1610 614 quarto
1630 580 1761 618 quoque

144 628 233 651 anno
256 628 295 650 ex
324 613 376 651 sex
405 618 494 651 horis
516 616 691 664 colligitur.
750 617 858 651 Prima
877 625 987 650 autem
1010 615 1184 662 Olympias
1207 613 1321 649 incidit
1343 618 1376 651 in
1399 626 1535 652 aetatem
1556 619 1760 660 Salomonis,

144 680 212 716 quo
237 675 386 715 tempore
405 669 495 702 Iouis
518 665 636 703 festum
652 666 779 714 publica
804 665 1021 703 sollemnitate
1045 666 1242 701 celebratum
1266 665 1320 702 est.

40 717 330 768 Olympiodorus,
368 715 581 766 philosophus
622 718 860 753 Alexandrinus
893 717 1132 753 celeberrimus.
1194 715 1243 751 Ad
1279 718 1369 752 hunc
1397 717 1595 754 audiendum
1618 721 1762 763 Procius,

144 771 285 814 Lycius,
317 768 540 805 Aristotelicae
555 767 722 806 doctrinae
742 768 913 806 discendae
934 768 1039 806 caussa
1057 768 1088 805 se
1109 768 1255 804 contulit.
1308 770 1418 815 Qum
1447 780 1558 805 autem
1584 770 1763 820 Olympio-

144 821 266 857 dorum
286 819 428 863 audiret,
460 822 569 856 virum
593 821 824 870 eloquentem,⁹
848 824 955 870 etqui
973 831 1110 870 propter
1131 820 1262 868 linguae
1296 815 1533 858 volubilitatem
1565 831 1596 857 et
1623 823 1763 859 celerita-

142 883 210 909 tem
225 874 263 908 ,in
284 871 422 908 dicendo
444 887 463 908 a
488 875 595 921 paucis
617 872 814 908 auditoribus
837 873 1096 920 intelligebatur,
1123 871 1165 906 fic
1187 872 1225 906 ab
1243 883 1284 906 eo
1306 868 1370 906 fuit
1393 871 1604 920 adprobatus,
1626 885 1660 910 vt
1682 875 1766 912 filio.

145 924 230 965 lam,
251 934 282 960 et
298 921 399 972 ipsam
416 923 642 973 philosophice
658 924 855 966 institutam,
886 923 944 972 ipsi
965 922 1168 973 despondere
1191 922 1339 958 voluerit.
1370 922 1461 960 cons.
1491 924 1615 960 Kiisseri
1643 937 1712 965 not.
1737 938 1764 972 3.

148 987 232 1011 tom.
247 978 286 1010 IL
306 989 379 1024 pag.
395 979 469 1019 683.

46 1026 103 1076 [if]
122 1027 317 1075 Olympus,
339 1025 528 1063 Gener-osae
551 1026 767 1079 (Γενερῶσης)
790 1025 909 1070 frater,
934 1028 990 1075 qui
1014 1040 1054 1062 ex
1075 1026 1191 1063 Cilicia
1213 1024 1445 1062 Alexandriam
1465 1029 1553 1063 venit
1581 1026 1621 1063 ad
1651 1027 1763 1064 colen-

151 1077 232 1113 dum
256 1077 462 1126 Serapidem:
488 1081 538 1114 vir
559 1082 695 1128 ingenio
718 1078 922 1119 admirabili,
951 1091 1092 1126 corpore
1120 1091 1245 1123 magno
1270 1088 1302 1113 et
1325 1089 1484 1126 procero,
1517 1076 1599 1113 facie
1629 1079 1764 1116 honesta

145 1139 180 1165 et
199 1129 341 1168 liberali,
367 1127 464 1166 suada
495 1131 686 1166 incredibili.
745 1133 855 1180 Qare
883 1129 1073 1166 constitutus
1103 1125 1377 1178 ἱεξοὸιὸοἱσκοιλος
1410 1127 1577 1164 sacrorum
1609 1131 1764 1179 magister

148 1179 236 1228 apud
257 1181 512 1222 Alexandrinos,
541 1185 596 1231 qui
616 1192 697 1217 >tunc
717 1191 862 1218 torrente
885 1179 975 1230 quafi
997 1183 1079 1230 reip.
1103 1183 1137 1217 in
1159 1181 1296 1216 deterius
1316 1179 1532 1229 rapiebantur.
1576 1180 1652 1223 Ille,
1679 1195 1761 1230 quos

142 1234 266 1281 potuit,
292 1244 498 1282 congregans
517 1235 649 1282 antiqua
675 1232 814 1269 instituta
835 1245 891 1269 eos
920 1231 1096 1274 edocebat,
1123 1241 1154 1268 et
1178 1234 1391 1268 comitantem
1420 1233 1499 1271 hos,
1521 1234 1577 1280 qui
1597 1245 1634 1268 ea
1658 1231 1765 1269 obser.

150 1292 279 1323 vatent,
312 1282 553 1321 demonstrabat
575 1282 774 1320 felicitatem.
827 1286 953 1320 Amicis
977 1296 1056 1319 vero
1073 1281 1251 1333 praedixit,
1282 1280 1473 1331 Serapidem
1490 1283 1688 1320 relicturum
1703 1283 1766 1321 effe

146 1335 327 1384 templum,
354 1335 443 1384 quod
461 1345 496 1371 et
515 1333 641 1372 fat‘lum
665 1335 720 1371 est.

44 1385 237 1437 Olympus,
262 1387 415 1423 Maeonis
430 1388 463 1423 F.
480 1386 617 1433 Mysus,
644 1389 780 1432 tibicen,
803 1395 901 1436 poeta
914 1385 1057 1422 'melicus
1081 1394 1112 1421 et
1134 1385 1314 1434 elegiacus,
1347 1387 1464 1423 auc'tor
1486 1384 1646 1431 nimicae,
1681 1400 1766 1437 quae

150 1435 333 1486 pulsatione
354 1438 540 1488 peragitur,
566 1441 712 1488 itemque
733 1442 819 1481 eius,
847 1451 931 1488 quae
951 1446 1048 1473 cantu
1067 1437 1218 1473 tibiarum
1242 1435 1383 1473 conflat:
1417 1436 1593 1488 discipulus
1623 1448 1654 1474 et
1681 1453 1768 1475 arna-

150 1487 214 1526 fius
228 1487 401 1534 Marsyae,
427 1493 482 1538 qui
496 1503 615 1539 genere
635 1489 699 1526 -fuit
720 1491 874 1534 Satyrus,
900 1489 1030 1525 auditor
1049 1501 1128 1524 vero
1150 1499 1181 1524 et
1204 1487 1290 1523 filius
1306 1489 1508 1537 Hyagnidis.
1536 1492 1626 1526 Vixit
1649 1490 1769 1537 Olym·

149 1554 213 1591 pus
236 1551 312 1578 ante
334 1542 456 1578 bellum
473 1545 678 1582 Troianum,
704 1556 724 1577 a
741 1555 807 1591 quo
831 1551 863 1577 et
876 1553 974 1577 mons
995 1543 1031 1575 in
1055 1538 1165 1585 My-fia
1185 1552 1312 1575 nomen
1333 1543 1468 1588 accepit.

46 1590 242 1636 Onesimus,
290 1595 435 1641 Cyprius
459 1594 511 1629 vel
542 1595 736 1641 Spartanus,
772 1592 945 1628 histor-icus
972 1602 1004 1627 et
1023 1589 1164 1639 sophista
1196 1591 1395 1638 temporibus
1423 1590 1646 1631 Constantini,
1687 1594 1768 1640 imp.

148 1643 278 1693 Scripsit
287 1643 431 1691 statuum
454 1644 640 1693 divisiones,⁴
667 1652 767 1680 artem
788 1644 964 1679 iudicialem
986 1645 1033 1677 ad
1053 1641 1220 1692 Apſsncm,
1247 1643 1286 1676 de
1317 1649 1389 1676 arte
1416 1644 1666 1685 contradicendi,
1693 1655 1770 1690 pra-¹

149 1696 394 1744 gymtasmata,
419 1696 677 1738 declamationes,
701 1698 835 1730 encomia
855 1704 887 1730 et
909 1694 971 1729 alia
992 1694 1143 1742 plurima.

50 1745 270 1787 Oneficritus,
292 1747 512 1795 Xenophonte
534 1757 624 1782 tanto
657 1744 795 1782 inferior
819 1744 1004 1788 habendus,
1032 1754 1155 1793 quanto
1184 1745 1377 1794 exemplum
1402 1745 1594 1793 archetypo?

50 1800 192 1836 Onetor.
240 1800 368 1833 Contra
387 1799 476 1833 hunc
498 1797 737 1833 Demosthenes
757 1795 882 1845 scripsit
904 1798 1069 1832 orationes
1092 1795 1132 1831 de
1157 1795 1296 1838 indicio,
1324 1792 1448 1844 ἐξέλῃς
1468 1794 1534 1830 fine
1562 1795 1600 1830 dc
1624 1797 1666 1832 vi.
1698 1796 1770 1833 Fuit

150 1859 263 1884 autem
283 1861 365 1884 vnus
390 1861 430 1884 ex
455 1850 623 1897 chomgis,
650 1851 740 1883 cuius
772 1851 869 1884 etiam
897 1845 1051 1883 Isocrates
1083 1849 1118 1881 in
1142 1848 1297 1881 oratione
1325 1847 1366 1882 de
1391 1847 1605 1882 retributione
1631 1850 1772 1883 mentio-

151 1914 230 1936 nem
256 1897 345 1936 facit.

52 1948 269 1998 onosander‚
295 1947 514 2001 philosophus
533 1950 735 2000 platonicus,
757 1948 878 1998 scripfit
904 1947 1031 1984 Tan'ica
1045 1947 1111 1984 fiae
1124 1947 1167 1984 de
1181 1950 1251 1985 acie
1265 1947 1469 1992 instruenda3
1492 1947 1772 1995 &strategemati-

155 2005 234 2043 bus,·
269 2005 505 2038 commentarios
528 2006 559 2037 in
576 2004 677 2037 libros
703 2002 852 2037 Platonis
872 2002 909 2036 de
935 2013 1001 2048 rep.

56 2054 213 2103 Ophdio,
229 2058 386 2097 comicus,
404 2066 444 2088 ex
460 2056 551 2088 cuius
569 2052 686 2088 fabulis
703 2051 785 2095 sunt,
802 2051 878 2088 teste
896 2055 1077 2094 Athenaeo,
1092 2053 1310 2094 Δευκαλίων,
1335 2046 1601 2100 Kerameia-xeos,
1627 2052 1772 2091 Κένταυ·

161 2121 231 2155 ρος,
259 2104 424 2156 Σάτυροι,
451 2103 570 2151 Μέσοᾳ
582 2133 590 2147 ,
616 2102 854 2155 Movtirqoma
870 2106 1025 2140 Meminit
1043 2103 1130 2138 illius
1147 2105 1230 2139 libro
1251 2102 1392 2139 secundo
1407 2101 1651 2151 Dipnosophiss.

45 2152 105 2195 ⁸⁵ss
128 2155 287 2207 ’φήμεξε,
312 2170 330 2191 ο
353 2160 457 2192 breuis
474 2159 541 2191 aeui
557 2158 657 2192 homo.
710 2158 757 2191 Ita
779 2158 925 2191 Socrates
949 2153 1035 2205 apud
1059 2155 1221 2203 Aristoph.
1247 2157 1281 2190 in
1303 2154 1448 2190 Nubibus
1477 2152 1517 2188 ad
1547 2152 1769 2201 Strepfiadem.

161 2209 261 2258 Qod
281 2206 345 2258 ipse
365 2213 512 2244 animum
534 2207 574 2243 ad
595 2221 644 2243 res
666 2207 789 2243 diu²nas
810 2211 971 2243 intent-um
1000 2206 1150 2245 haberet,
1178 2206 1249 2246 vel,
1276 2209 1351 2254 quia
1380 2207 1526 2239 Socrates
1558 2205 1669 2239 Sileno
1684 2204 1771 2241 fimi.

162 2261 203 2296 lis
225 2259 288 2296 esse
321 2260 504 2302 dicebatur3
543 2258 641 2294 fimus
677 2263 764 2295 en‘m
788 2270 818 2297 et
841 2260 952 2295 caluus
978 2269 1061 2294 erat:
1103 2256 1188 2306 apud
1219 2257 1392 2293 Pindarum
1422 2258 1543 2304 quippe
1575 2256 1702 2291 Silenus
1731 2255 1796 2292 ad.

160 2313 369 2362 Olympum:
391 2312 418 2349 ὦ
435 2308 558 2349 rainone
580 2308 744 2361 ἒφῆμ.-ξε,
771 2308 882 2355 νήπιε,
909 2306 1035 2358 βάζεις
1056 2306 1235 2359 χρήματά
1255 2326 1310 2360 μοι
1332 2310 1597 2358 munel-avium,
1624 2319 1642 2341 0
1666 2308 1771 2355 miser,

163 2368 325 2408 mortalis,
353 2364 489 2412 stulte,
516 2365 629 2398 verbis⁴
646 2363 822 2411 magnifiais
843 2375 916 2410 opes
938 2371 1012 2398 tuas
1041 2364 1115 2397 mim
1136 2361 1246 2396 ιαὲῗιυ.
1294 2372 1302 2375 ”

106 2421 175 2454 Vot.
203 2423 259 2454 VI.
1071 2415 1153 2450 Rrr
1588 2412 1774 2461 oppianus,
