2049 2720
31 172 37 176 ·
75 169 463 203 νο1.111.11.;961’29ἵ«-ῧ8
506 171 741 206 SCRIPTOR.
775 171 974 206 RECENT.
1008 173 1067 207 DE
1101 173 1358 209 PROVERBHS
1408 174 1561 211 Lih.lV.
1575 174 1679 208 ι.ΧΙ.
1732 184 1784 218 119

177 265 350 310 [fabricius
373 262 547 299 subiecerat
569 268 720 300 notitiam
744 264 813 299 satis
835 265 999 313 amplam,
1036 263 1229 313 scriptorum
1255 270 1493 310 recentiorum,
1528 270 1583 316 qui
1608 268 1782 315 prouerhia

75 314 279 363 collegerunt
295 325 389 364 atque
407 318 607 365 interpretati
630 315 713 352 sunt.
766 319 931 364 Qoniam
953 330 1031 351 vero
1051 317 1234 352 admodum
1257 321 1350 365 pauci
1376 320 1547 366 prouerbia
1569 332 1683 367 graeca
1706 332 1783 352 con-

30 371 34 374 ’
72 364 235 415 gefferunt
249 379 280 402 et
302 366 539 415 exposuerunt,
565 368 696 416 reliquis
719 371 752 402 in
775 366 859 409 alio,
887 383 904 403 a
927 368 1038 403 nostro
1063 369 1206 404 instituto
1224 369 1352 412 alieno,
1377 368 1506 405 versatis
1530 383 1648 418 genere
1672 380 1701 403 et
1723 367 1782 403 ser-

72 431 193 460 mone,
222 432 363 467 quorum
381 422 512 461 notitia,
539 418 714 454 necessario
731 419 980 467 amplificanda,
1007 421 1095 468 plus,
1123 434 1219 469 quam
1235 421 1454 457 commodum
1469 435 1505 456 ac
1524 435 1577 469 par
1593 419 1678 460 elset,
1701 431 1782 455 tem-

70 472 162 518 poris
190 482 221 506 et
249 473 377 506 chartae
404 469 602 506 absumeret:
642 483 820 519 paucorum
853 471 1085 508 tantummodo
1113 485 1294 521 eorumque
1326 472 1592 509 memorabilium
1624 471 1784 519 laudeque

71 520 270 568 dignorum,
297 524 353 568 qui
380 534 496 568 graeca
512 522 683 569 prouerbia
701 523 945 571 explicuerunt,
973 527 1108 558 nomina
1134 525 1184 558 hic
1207 535 1351 572 repetere
1369 525 1482 560 malui.
1516 545 1564 551 -—-
1605 523 1781 571 Catalogus

69 570 267 620 scriptorum
295 571 334 607 de
357 572 480 621 adagiis
503 574 672 610 exhibetur
694 575 726 608 in
745 576 850 609 Nouis
876 575 1034 610 litterariis
1059 578 1156 609 maris
1179 576 1334 620 Balthici‚
1361 591 1388 610 a.
1409 589 1496 619 ¹702·
1518 588 1593 623 pag.
1611 588 1642 621 51
1660 573 1704 624 sq.
1731 594 1781 600 —-

70 623 119 659 10.
135 625 238 659 Hmr.
257 625 388 659 Bartets
402 624 484 672 disp.
501 623 540 659 de
555 626 810 673 prouerbiorum
824 624 978 662 fontibus.
1008 628 1227 675 Wittebergae
1244 639 1324 674 .725.
1354 629 1466 674 Harl]

172 692 280 726 Hadr.
295 691 478 726 Barlandm
502 690 643 728 confecit
665 695 832 740 epitomen
853 693 1029 730 chiliadum
1053 697 1198 738 Erasini,
1226 695 1348 730 Colon.
1369 707 1450 738 1524.
1475 701 1503 735 8.
1531 731 1534 734 Α
1563 691 1654 728 Idem
1676 688 1784 726 versus

11 789 14 791 Β
68 741 288 790 prouerbiales
303 756 320 778 e
338 744 479 791 Virgilio
498 743 641 793 collegit,
656 743 746 793 quod
761 744 884 780 facium
900 755 930 780 et
945 748 982 781 ab
999 749 1213 790 Hieronymo
1229 747 1360 788 Clocio‚
1380 748 1451 782 Val.
1468 749 1631 782 Rotmaro
1652 754 1709 779 etc.
1725 742 1781 789 [if]

171 812 221 844 Io.
238 810 405 844 Antonius
418 811 586 846 Berlncius
602 811 703 846 edidit
717 811 832 859 adagia
847 810 960 848 seletsta
976 827 1090 861 graeca
1109 824 1139 848 et
1153 814 1252 849 latina
1268 812 1324 849 sub
1342 814 1439 850 titulis
1454 826 1574 862 magna
1588 825 1664 847 cura
1679 808 1781 858 dispo-

68 858 152 904 fitis,
179 864 302 900 Geneu,
321 864 403 903 1632.
421 870 450 902 8.
504 863 585 896 Vide
599 863 796 908 Morhofium
811 866 835 899 1.
852 866 1004 912 polyhill.
1021 878 1094 913 pag.
1112 878 1175 910 253.
1684 882 1687 884 ·
1703 859 1708 865 ¹

168 930 216 964 lo.
238 928 423 963 Alexander
442 929 640 973 Brafficanm
658 932 827 979 prouerbia
845 932 914 980 poll
930 935 1101 967 Erasmum
1118 931 1240 980 scripsit
1255 931 1320 967 flue
1335 930 1511 976 symmic'la
1527 929 1781 979 prouerbiorum

8 1003 11 1004 ν
69 977 153 1014 edita
171 978 262 1015 Paris.
278 992 360 1024 1530.
378 979 465 1027 apud
482 982 701 1023 wechelum‚
728 993 758 1017 et
779 983 888 1030 postea
903 986 1030 1018 Erasmi
1052 983 1253 1024 chiliadibus‚
1277 986 1309 1018 in
1324 984 1417 1019 locos
1430 994 1625 1018 communes
1641 978 1780 1027 digestis,

68 1029 230 1067 adiuudta.
282 1029 364 1064 Vide
382 1044 463 1078 quae
478 1031 516 1065 ad
535 1031 750 1067 ssrafficaiium
769 1035 920 1068 Erasmus
943 1036 997 1069 lib.
1016 1036 1130 1069 XXVI.
1145 1035 1232 1082 epist.
1248 1037 1299 1077 63.

170 1099 303 1144 lsancus
322 1098 527 1143 Cnfizubonus
539 1097 658 1133 librum
676 1098 715 1134 de
731 1113 844 1148 proue1
853 1101 910 1135 biis
924 1104 1090 1150 promittit
1103 1104 1138 1137 in
1153 1103 1394 1138 commentario
1411 1099 1450 1135 ad
1465 1101 1669 1136 Athenaeum
1685 1109 1715 1145 p.
1733 1108 1777 1130 10.

67 1161 98 1196 et
116 1152 147 1185 in
165 1148 306 1196 epIslolis
325 1147 386 1183 suis
407 1162 475 1183 non
491 1163 554 1184 vno
578 1151 610 1183 in
625 1150 711 1185 loco.

169 1218 336 1255 Gilbaertus
354 1215 532 1261 Cognatas.
585 1215 668 1251 Vide
681 1215 775 1265 supra
793 1217 823 1264 ᾧ.
842 1229 869 1259 3.
885 1219 916 1251 in
934 1217 1092 1253 Zenobio.

173 1284 254 1320 Tho.
275 1283 392 1317 Draxe
406 1285 437 1317 in
452 1282 648 1318 bibliotheca
670 1281 721 1318 sua
742 1281 948 1325 scholastica,
975 1283 1079 1318 Lond.
1105 1287 1189 1320 1616.
1216 1292 1246 1325 8.
1275 1284 1392 1324 latina,
1414 1295 1546 1332 graeca,
1573 1279 1688 1329 gallica
1707 1275 1779 1313 ada-

21 1337 24 1341 ’
67 1338 122 1385 gia
135 1345 166 1371 et
189 1333 294 1371 versus
317 1336 494 1383 gnomicos
515 1347 552 1368 ac
572 1334 793 1383 prouerbiales
813 1332 869 1369 sub
895 1335 996 1370 titulis
1018 1345 1089 1383 apte
1112 1334 1278 1384 disposuit.
1305 1337 1358 1382 [lf]

167 1404 217 1438 Io.
233 1402 373 1450 Drufius
388 1400 487 1437 edidit
510 1403 761 1449 prouerbiorum
783 1403 1011 1438 hebraicorum
1035 1417 1052 1438 e
1076 1404 1256 1439 Salomone
1281 1400 1466 1451 praesertim
1494 1414 1531 1435 ac
1552 1396 1691 1435 Siracide
1713 1395 1780 1431 col·

64 1455 165 1491 leff'tas
181 1451 289 1488 claff'es
306 1452 401 1495 duas,
427 1466 502 1487 cum
520 1456 615 1488 notis.
642 1455 778 1501 franeq.
804 1466 895 1499 1590.
917 1467 949 1498 4.
1004 1453 1148 1489 Recusus
1171 1454 1216 1490 est
1237 1455 1318 1489 liber
1341 1457 1392 1489 hic
1412 1452 1572 1501 perutilis,
1601 1449 1639 1485 ad
1656 1448 1779 1484 calcem

11 1506 22 1509 ⁴
58 1499 236 1556 'adparatus
260 1502 338 1539 sacri
359 1503 586 1547 Waltoniani,
612 1503 783 1553 separatim
808 1505 924 1552 praelis
946 1507 1062 1540 iterum
1087 1506 1248 1541 commiffi
1270 1508 1390 1554 Tiguri
1420 1507 1453 1538 in
1473 1503 1568 1538 folio.
1635 1500 1782 1535 Habetur

63 1568 226 1607 praeterea
242 1558 277 1592 in
292 1567 385 1592 tomo
401 1556 567 1603 postremo
585 1559 771 1591 criticorum
789 1554 968 1599 sacrorum,
985 1560 1039 1605 qui
1053 1560 1087 1591 in
1101 1559 1217 1606 Anglia
1232 1561 1377 1605 primum
1394 1556 1467 1591 editi
1487 1552 1601 1589 deiude
1619 1555 1650 1586 in
1667 1551 1781 1598 Belgio

66 1621 97 1646 et
110 1611 285 1645 Germania
300 1611 416 1643 iterum
432 1607 632 1656 prodierunt.
684 1607 802 1643 Eidem
820 1604 937 1643 Dr'ufio
959 1607 1114 1644 debemus
1135 1611 1415 1659 apophthegmata
1438 1607 1664 1642 Hebraeorum
1687 1613 1781 1651 atque

62 1662 208 1699 Arabum
226 1660 321 1697 latine
337 1658 460 1694 reddita
477 1673 553 1694 curn
572 1658 709 1694 scholiis.
737 1662 872 1709 Franeq.
895 1672 978 1706 1591.
995 1672 1027 1704 4.

172 1728 354 1778 Dcflderius
372 1728 540 1768 Erasmus,
562 1723 691 1760 summa
707 1740 784 1762 cum
807 1726 904 1763 laude
921 1730 955 1761 in
974 1728 1040 1762 hoe
1060 1740 1180 1775 genere
1202 1726 1359 1763 scribendi
1381 1723 1538 1767 versatus,
1573 1727 1606 1759 in
1631 1725 1737 1771 prima
1753 1721 1787 1764 ⁰),

66 1778 207 1815 editione
223 1781 297 1813 anni
316 1791 406 1823 1500.
422 1775 516 1812 Paris.
535 1777 620 1824 apud
638 1780 682 1812 lo.
701 1779 886 1827 Philippum
903 1780 1108 1814 Germanum
1122 1778 1240 1827 -adagia
1255 1778 1323 1814 fere
1342 1780 1529 1825 oc‘iingenta
1547 1777 1691 1814 exhibet,
1713 1774 1781 1820 qui·

59 1831 124 1878 ,bus
146 1832 179 1865 in
201 1828 343 1865 editione
365 1832 440 1863 anni
465 1831 551 1873 1506.
575 1828 734 1864 accedunt
757 1831 932 1878 prouerbia
955 1829 1026 1877 plus
1050 1834 1160 1866 minus
1180 1833 1305 1878 viginti.
1359 1833 1394 1865 In
1418 1829 1559 1864 editione
1573 1826 1692 1862 Aldina
1705 1824 1780 1858 anni

65 1879 154 1927 1508.
171 1880 230 1916 fol.
244 1883 321 1916 >iam
337 1890 559 1928 congeruntur
577 1880 731 1916 chiliades
750 1891 831 1922 tres,
858 1881 1060 1929 totidemque
1077 1884 1252 1917 centuriae.
1304 1881 1411 1916 Exstat
1427 1891 1456 1915 et
1473 1879 1569 1914 editio
1587 1876 1691 1924 [ssafil.
1706 1885 1782 1920 1515.

64 1944 150 1978 1520.
172 1944 253 1976 1539.
281 1933 462 1978 Hagenoae
487 1932 580 1976 1519.]
609 1933 888 1978 Argentoratenfis
908 1947 938 1968 a.
955 1945 1033 1975 15¹7·
1059 1935 1109 1977 [et
1141 1933 1222 1967 aliae
1250 1932 1400 1976 multae]
1466 1926 1727 1965 Luculentissima
1750 1934 1780 1960 et

65 1979 321 2020 emendatiffima
336 1981 436 2016 editio
458 1981 501 2015 est
518 1982 682 2027 postrema
697 1985 917 2024 frobeniana,
933 1984 1117 2031 'complexa
1140 1996 1316 2017 numerum
1340 1982 1534 2030 adagiorum
1556 1994 1633 2028 4¹5¹·
1687 1980 1781 2013 Haec

59 2032 178 2071 ‘recusa
192 2028 312 2068 deinde
330 2031 401 2074 sunt
417 2035 500 2067 inter
518 2033 645 2067 Erasmi
663 2046 762 2081 opera
779 2044 872 2069 tomo
889 2033 1043 2073 secundo,
1067 2033 1205 2068 Bafileae
1229 2049 1256 2068 a.
1272 2046 1358 2077 1540.
1375 2031 1435 2069 fol.
1488 2035 1528 2068 Et
1549 2046 1624 2066 cum
1642 2030 1780 2065 Henrici

59 2087 218 2134 ‘Stephani
235 2085 500 2120 annotationibus
517 2082 556 2117 ad
574 2083 732 2132 quaedam
746 2085 820 2120 loca
839 2093 920 2130 ¹558-
936 2097 1010 2130 ¹57¹·
1024 2083 1082 2123 fol,
1136 2086 1288 2133 Denique
1304 2095 1432 2120 mutato
1449 2085 1589 2119 auctoris
1614 2081 1728 2119 ordine
1751 2089 1781 2114 et

59 2135 187 2186 'digesta
201 2138 236 2171 in
250 2136 342 2171 locos
358 2147 565 2176 communeS,
592 2134 707 2171 additis
723 2138 902 2185 prouerbiis
917 2137 1072 2180 aliorum,
1087 2135 1221 2172 Adriani
1235 2139 1331 2180 Iunii,
1360 2139 1405 2171 lo.
1418 2136 1510 2171 Alex.
1524 2134 1719 2219 Brafficanxih
1734 2133 1781 2190 19-

60 2195 67 2200 ·
597 2194 604 2200 ·
1305 2204 1309 2206 -
1724 2196 1782 2233 pn,

79 2306 84 2309 ¹
105 2273 144 2308 ,0)
166 2270 251 2302 Conf.
267 2269 309 2301 A.
327 2267 545 2301 Clzevillt'crium
567 2270 603 2300 de
625 2271 739 2308 origine
761 2278 897 2312 typogra-
951 2273 1095 2302 Kirchen-
1120 2272 1180 2301 und
1204 2271 1266 2302 Gel.
1282 2271 1462 2302 Geschichte.
1490 2267 1675 2306 Nordlingae
1697 2275 1779 2315 1772.

68 2316 155 2356 phiae
177 2313 261 2343 Paris.
281 2324 344 2354 pag.
361 2322 424 2348 254.
453 2313 574 2344 Fabric.
633 2314 671 2344 E.
689 2314 720 2344 C.
737 2313 797 2344 Am
813 2315 898 2345 Ende
951 2321 974 2347 8.
998 2326 1061 2356 pag.
1080 2325 1131 2351 399
1143 2315 1203 2356 sqq.
1235 2316 1287 2344 vbi
1307 2325 1427 2355 quoque
1447 2314 1483 2343 de
1503 2311 1695 2342 controuersia
1718 2319 1777 2346 agt-

69 2357 197 2387 Vcrsuch
215 2359 295 2386 einer
313 2357 474 2386 Nachricht
489 2366 548 2386 von
568 2357 622 2386 den
639 2358 729 2386 ersten
746 2358 896 2395 Ausgaben
948 2365 1013 2393 tur,
1037 2368 1110 2398 quae
1126 2360 1201 2387 inter
1217 2360 1364 2387 tirannum
1380 2366 1408 2386 et
1423 2356 1599 2390 Polydorum
1609 2352 1778 2391 Virgilium,

59 2400 122 2428 ‘der
143 2400 363 2439 Sprt'ichw'orter
385 2400 512 2428 Erasini:
547 2401 578 2428 in
598 2399 624 2429 I.
647 2399 684 2429 G.
707 2398 896 2429 Sclzethornz'i
947 2411 1007 2431 non
1023 2402 1081 2431 fine
1095 2402 1261 2433 animorum
1276 2402 1462 2431 contentione
1476 2400 1582 2438 agitata
1598 2398 1646 2429 est.
1665 2395 1757 2428 Harl.

70 2442 234 2481 Sammluug
259 2440 306 2473 fm-
329 2441 375 2472 die
398 2441 585 2480 (terebrante,
620 2441 822 2474 vornehmlieh
842 2453 896 2474 zur
944 2458 948 2461 ·
