2013 2725
188 50 250 87 288
303 45 374 80 Lib.
388 43 459 81 JV.
478 55 502 80 c.
517 43 691 79 XXXIX.
901 43 1158 79 HERODIANI
1183 44 1428 82 EDITIONES

196 153 270 190 pag.
289 153 352 187 ¹50·
373 137 458 188 seqq.
512 138 761 187 Autographum
788 135 939 173 Politiani
962 148 1085 174 mstum
1109 138 1207 174 exslat
1222 138 1404 177 Florentiae
1421 143 1454 176 in
1475 141 1552 178 bibl.
1570 144 1764 178 Rinucciana
1779 144 1819 187 ³).
1857 144 1911 179 In.

195 204 282 229 certa
305 202 413 227 autem
435 200 466 226 et
489 203 600 237 parum
626 189 770 225 cred1bili
796 186 884 224 fama
907 191 998 225 aiunt
1018 190 1170 240 quidam,
1197 191 1396 227 Politianum
1422 193 1584 240 Gregorio
1607 196 1795 240 Tiplzernati
1816 191 1909 229 surri-

197 243 300 295 puisse
323 244 414 279 illam
436 240 639 277 versionem:
677 255 707 276 v.
733 242 797 274 Iac.
821 241 964 288 Thomas.
985 241 1025 277 de
1049 241 1159 290 plagio
1181 242 1320 278 litterato
1343 245 1371 288 §.
1388 247 1456 289 526.
1479 257 1551 294 pag.
1567 257 1629 291 235.
1652 246 1704 280 alii
1727 258 1824 287 eum,
1862 257 1911 280 ar-

195 307 321 346 guunt,
349 298 380 329 in
404 291 627 329 conuertendo
649 291 842 327 Herodiano
864 293 1036 328 Onmibrmi
1055 294 1218 329 Vicentini
1238 294 1368 343 vesligia
1391 295 1538 343 pressisse.
1565 310 1595 332 v.
1621 298 1778 344 Frcytag.
1800 295 1909 345 adpar.
1964 295 1973 304 ⁴

195 349 293 385 litter.
311 350 333 382 1.
358 359 433 394 pag.
448 348 523 388 670.
551 363 601 370 —-
653 343 713 378 Illa
738 353 846 379 autem
872 345 1021 379 Politiani
1043 343 1145 380 verfio
1170 347 1313 392 primum
1327 344 1471 394 adspexit
1487 347 1595 383 lucem
1613 349 1730 382 Romae
1744 359 1832 393 1493.
1847 345 1910 385 fol.

195 400 237 436 de
258 412 322 448 qua
349 396 423 432 vide
447 396 587 442 Foffittm
616 396 650 429 in
674 395 764 430 catal.
786 394 882 430 codd.
909 393 986 430 saec.
1002 398 1073 431 XV.
1095 394 1278 445 impressor.
1303 399 1337 432 in
1361 397 1435 433 bibl.
1457 399 1760 447 Magliabechiana,
1794 398 1860 434 vol.
1882 402 1910 434 1.

196 452 261 487 col,
278 452 354 494 766.
372 446 417 497 sq.
447 448 595 495 aliosque
615 460 633 481 a
654 446 694 481 cl.
715 448 862 483 Panzero
884 449 917 481 in
942 450 979 481 A.
1002 449 1046 483 T.
1070 447 1135 482 vol.
1159 449 1199 483 11.
1222 461 1296 497 pag.
1319 461 1386 494 510.
1407 451 1532 485 citatos.
1586 450 1669 486 Edit.
1691 465 1718 488 a.
1739 461 1826 495 1493.
1849 447 1886 484 fo
1903 477 1911 485 .

194 502 264 539 fine
287 502 352 538 loci
377 510 475 541 nota,
501 512 540 534 ex
566 498 658 534 catal.
678 498 756 534 bibl.
783 497 910 533 Tellier
931 512 962 547 p.
982 510 1055 544 274.
1077 497 1183 535 adfert
1208 500 1342 535 Panzcr
1364 503 1403 535 V.
1424 502 1462 536 C.
1479 504 1511 536 in
1528 504 1566 537 A.
1582 503 1627 537 Τ.
1650 502 1718 537 vol.
1736 503 1792 538 lV.
1814 514 1846 549 p.
1862 512 1911 546 59.

196 568 247 592 nr.
265 568 332 601 510.
386 550 528 602 Qando
559 559 669 586 autem
699 551 915 585 Mttarellms
939 552 972 585 in
1000 549 1177 598 adpendice
1206 550 1245 586 ad
1277 551 1374 589 codd.
1401 562 1517 589 msstos
1541 555 1574 588 S.
1599 553 1773 588 Michaelis
1797 556 1912 587 Venet-

197 607 261 643 col.
282 618 348 652 ¹92·
367 602 410 652 sq.
434 603 599 651 duplicem
623 611 786 637 memorat
809 600 986 637 editionem
1009 603 1206 643 Romanam,
1238 602 1372 638 alteram
1391 603 1456 639 sine
1471 619 1497 639 a.
1515 603 1580 640 etl.
1607 615 1702 644 nota,
1728 604 1865 640 alteram
1881 617 1911 638 a.

198 671 284 704 1493.
309 659 361 692 cui
380 653 548 704 praecedat
572 660 681 688 textus
702 665 855 700 graecus,
882 666 958 688 cum
982 651 1022 688 de
1044 652 1168 702 duplici
1193 653 1269 690 edit.
1286 657 1457 697 Romana.
1483 666 1554 691 tum
1572 657 1720 706 inprimis
1736 654 1777 690 de
1799 653 1914 690 addito

198 720 287 746 textu
310 719 450 757 graeco,
476 717 507 742 et
530 718 610 740 num
635 707 687 739 hic
709 703 749 739 ad
774 704 865 740 illam
886 707 1043 753 pertineat
1063 705 1135 740 edit.
1160 718 1353 749 romanam,
1389 720 1509 755 magna
1530 707 1676 755 quaestio
1697 717 1728 742 et
1752 719 1831 742 vero
1855 705 1915 742 du-

198 763 310 797 bitatio
339 762 450 795 oritur.
503 761 541 793 In
564 755 641 791 bibl.
665 755 798 805 quidem
821 755 909 803 publ.
925 757 1115 806 Erlangcifi
1133 757 1178 792 est
1197 758 1352 794 versionis
1374 757 1428 793 lat.
1450 758 1522 794 edit.
1537 759 1704 806 exemplar
1717 757 1784 793 fine
1797 758 1821 794 l.
1836 767 1913 793 eta.

199 811 252 849 sed
279 826 316 847 ea
339 810 379 846 de
401 823 435 846 re
457 808 602 857 pluribus
629 809 681 855 egi
706 810 739 842 in
764 806 942 842 introdufr.
967 806 990 841 l.
1006 820 1031 841 c.
1054 821 1129 856 pag.
1145 810 1217 851 264.
1241 807 1285 856 sq.
1317 807 1400 844 adde
1425 810 1576 845 Clenimt.
1598 809 1672 844 bibl.
1693 807 1836 844 curiense
1853 819 1914 844 etc.
1964 801 1966 826 ἶ

198 876 282 901 tom.
298 865 352 898 IX.
377 873 451 910 pag.
469 871 535 902 433.
562 855 649 906 seqq.
684 859 735 893 vbi
764 857 804 895 de
829 856 972 906 pluribus
997 857 1084 895 editt.
1103 862 1278 908 antiquior.
1307 858 1503 902 Herodiani,
1526 859 1656 904 histor„
1678 858 1779 897 fusius
1794 857 1916 896 differi·
1961 875 1964 878 ⁴

199 927 263 952 tur.
315 915 352 949 ln
373 922 492 961 quanta
518 923 595 945 vero
617 908 716 944 laude
745 920 775 944 et
794 911 896 957 gratia
917 907 1016 945 suerit
1039 910 1187 946 Politiani
1210 909 1334 952 versio,
1358 924 1397 946 ex
1413 924 1474 950 eo.
1496 911 1584 959 quod
1601 909 1789 960 frequenter
1803 915 1915 948 iterata

197 968 243 1004 est
264 976 331 1002 tam
358 962 552 1012 separatim,
580 974 681 1008 quam
706 963 788 996 inter
810 971 916 996 cetera
939 961 1090 996 Politiani
1114 975 1233 1010 opera,
1267 972 1298 999 et
1322 975 1399 999 cum
1423 973 1512 998 textu
1534 976 1674 1011 graeco,
1707 961 1803 999 facile
1823 961 1916 999 intel-

198 1021 310 1067 ligitur
325 1018 360 1062 λ’).
413 1012 554 1049 Seorsim
581 1014 679 1061 igitur
704 1013 837 1058 repetita
860 1012 904 1047 est
927 1015 1012 1061 typis
1034 1014 1200 1048 Bononiae
1224 1025 1312 1059 1493.
1338 1026 1369 1049 et
1389 1013 1522 1062 quidem
1546 1015 1594 1049 bis
1616 1013 1732 1050 eodem
1750 1027 1858 1052 anno,
1881 1016 1917 1048 in
1951 1026 1954 1030 ·
1986 1040 1988 1042 -

188 1073 253 1160 ζοΙ.
276 1071 362 1117 typis
384 1067 535 1102 Platonis
559 1066 596 1100 de
618 1064 810 1106 Bouneima,
849 1074 880 1099 et
904 1066 939 1099 in
969 1067 1136 1112 quaternis
1166 1067 1252 1114 typis
1276 1067 1446 1102 Bazalcrii
1472 1067 1509 1101 de
1527 1067 1722 1102 Bazaleriis.
1745 1065 1809 1102 vid.
1830 1064 1916 1114 thff:

211 1150 219 1158 .
234 1136 262 1159 c.
286 1132 358 1157 tum

298 1186 423 1224 Eadem
446 1183 567 1226 versio,
594 1186 645 1219 cui
665 1182 822 1219 accedunt
842 1184 929 1218 Sexti
946 1185 1024 1219 Aur.
1043 1184 1199 1226 Vit‘toris.
1224 1184 1390 1232 Eutropii,
1416 1183 1574 1226 etPaulli,
1594 1182 1737 1227 diaconi,
1753 1183 1916 1227 historiae,
1941 1167 1947 1175 '⁷

198 1243 341 1279 Florent.
365 1251 466 1287 opera
489 1248 520 1272 et
544 1234 653 1272 sumtu
677 1235 757 1271 Phil.
781 1238 893 1271 luntae
913 1247 996 1280 1517.
1019 1233 1119 1270 mens.
1135 1237 1258 1271 Martio
1276 1248 1352 1280 ¹517-
1371 1243 1402 1276 8.
1454 1235 1596 1283 Qando
1613 1238 1645 1271 in
1662 1236 1753 1272 catal.
1766 1235 1915 1272 biblioth.

197 1294 356 1331 Menken.
375 1293 399 1325 I.
430 1302 501 1337 pag.
519 1300 587 1335 139.
614 1287 731 1322 dicitur
751 1300 890 1335 graecus
912 1294 1023 1322 textus
1042 1285 1188 1326 additus,
1229 1299 1326 1334 penes
1351 1284 1579 1322 confectorem
1609 1287 1694 1322 illius
1715 1288 1856 1336 catalogi
1879 1286 1916 1328 fit

197 1345 297 1386 fides,
326 1355 425 1390 quam
443 1339 573 1389 quidem
591 1338 683 1374 valde
697 1339 854 1374 lubricam
877 1337 1074 1387 dubiamque
1096 1336 1179 1381 ess'e,
1213 1338 1337 1374 ostendi
1359 1341 1392 1373 in
1416 1337 1539 1374 lntrod.
1558 1349 1617 1373 etc.
1635 1339 1658 1374 l.
1674 1352 1703 1375 c.
1729 1353 1762 1387 p.
1778 1341 1848 1385 265.
1869 1336 1914 1387 sq.

199 1400 308 1433 immo
330 1392 447 1429 falsitas
476 1393 522 1427 rei
541 1389 757 1426 demonstrari
778 1389 881 1437 potest
903 1402 920 1424 e
942 1388 1077 1439 praefat.
1103 1392 1238 1424 Antonii
1263 1391 1411 1425 Francini
1436 1388 1660 1429 Varduenfis,
1704 1393 1792 1425 cuius
1813 1393 1916 1427 maxi.

199 1462 290 1486 mam
316 1458 442 1495 parem
463 1441 572 1479 recudi
593 1440 670 1477 fecit
690 1444 828 1478 Bandin.
850 1444 883 1476 in
904 1441 1011 1477 annal.
1035 1443 1154 1476 luntar.
1177 1450 1308 1490 typogr.
1325 1443 1363 1476 11.
1385 1454 1459 1489 pag.
1484 1454 1546 1485 117.
1565 1438 1627 1490 seq.
1649 1439 1732 1477 adde
1752 1442 1844 1478 catal.
1869 1443 1916 1476 Pi.

200 1501 278 1537 nelli
297 1500 336 1533 Π.
362 1509 436 1544 pag.
454 1506 502 1539 37.
524 1507 574 1530 nr.
592 1496 674 1537 2516.
700 1514 751 1521 —-
803 1494 925 1530 Latina
947 1494 1044 1528 etiam
1071 1491 1173 1527 versio
1197 1502 1323 1527 tantum
1346 1493 1445 1528 exstat
1472 1494 1507 1527 in
1539 1489 1686 1539 scriptor.
1709 1492 1819 1530 histor.
1841 1505 1916 1541 aug.

199 1554 238 1589 ab
262 1549 396 1597 Erasmo
420 1545 522 1582 editis.
550 1544 642 1580 Basil.
659 1552 742 1590 1518-
758 1555 788 1579 et
805 1547 836 1578 in
855 1543 1011 1578 similibus
1027 1543 1098 1578 aliis
1113 1542 1382 1584 collationibus,
1409 1553 1443 1579 vt
1457 1545 1561 1578 Henr.
1576 1545 1731 1592 Stephan.
1744 1547 1780 1582 in
1793 1544 1860 1584 vol.
1876 1545 1916 1582 Π.

201 1606 289 1652 1568.
316 1609 345 1643 8.
373 1596 553 1635 secundum
574 1597 746 1632 Maittoire
768 1598 804 1630 A.
819 1596 864 1630 T.
884 1596 938 1629 111.
961 1607 1035 1643 pag.
1053 1597 1130 1640 469.
1163 1592 1219 1631 sed
1244 1594 1317 1631 vide
1340 1592 1531 1646 infra-inter
1552 1593 1625 1631 edd.
1643 1607 1692 1644 gr.

301 1668 482 1716 Separatim
503 1663 653 1714 deinceps
678 1662 798 1712 prodiit
819 1661 923 1698 verfio

271 1740 273 1744 '
304 1734 513 1785 Argentorati
531 1743 609 1778 ¹513·
626 1743 657 1776 4.
684 1744 723 1767 ex
747 1728 877 1766 aedibus
898 1729 1130 1766 Schu-rerianis.
1157 1728 1191 1772 4}

1778 1780 1920 1819 Colmar
1938 1797 1943 1801 ·

245 1899 279 1940 a)
300 1898 470 1930 Verfionem
492 1894 654 1927 Herodiani
675 1893 845 1924 Pontianus
866 1895 895 1924 in
920 1891 1039 1935 epistola
1081 1892 1126 1923 lae
1139 1893 1244 1923 Saxon.
1259 1889 1348 1922 latine
1363 1893 1394 1922 in
1409 1901 1437 1928 4.
1454 1891 1500 1922 edi
1516 1901 1542 1923 a.
1555 1896 1636 1929 1718.
1654 1891 1769 1932 coepit,
1790 1888 1915 1924 se'etJV.
1965 1896 1967 1898 '
2007 1920 2012 1932 Δ

202 1945 240 1975 ad
257 1943 398 1974 Andream
418 1941 646 1977 Magnanimum,
669 1937 866 1967 lucubrationi
890 1936 932 1966 illi
957 1947 1039 1977 prae·
1081 1947 1146 1978 pag.
1165 1940 1227 1970 156.
1244 1935 1301 1976 seq.
1324 1934 1482 1965 nonnullos
1500 1936 1530 1964 in
1547 1933 1681 1964 Pontiani
1703 1937 1918 1975 interpretatio-

205 1990 273 2023 fixa,
303 1987 437 2017 testatur,
472 1983 607 2011 diGtatam
633 1992 647 2011 a
671 1980 696 2009 se
719 1979 848 2020 pauculis
880 1980 981 2009 diebus
1003 1980 1038 2008 sic
1083 1989 1117 2008 ne
1139 1978 1220 2008 velut
1235 1980 1368 2018 corporis
1391 1978 1560 2018 pulcerrimi
1579 1987 1708 2012 naeuos,
1737 1980 1917 2019 nimiamque
1964 1979 1966 1982 ’

205 2028 417 2060 deambulante.
475 2025 636 2054 Innocentii
661 2025 739 2053 vm.
774 2021 912 2063 epistolae
942 2022 1040 2058 binae,
1081 2021 1237 2051 omittendi
1252 2020 1398 2050 licentiam
1415 2020 1629 2061 reprehendere
1643 2019 1833 2052 nondubitat.
1863 2023 1918 2051 Cas

202 2075 312 2114 quibus
326 2080 354 2100 et
374 2069 518 2100 Pontiano
534 2075 563 2097 et
576 2074 698 2107 patrono
716 2068 787 2100 eius,
809 2066 966 2094 Laurentio
976 2067 1037 2094 Me-
1081 2065 1236 2102 ssigauerat
1259 2065 1346 2093 etiam
1370 2062 1455 2092 simili
1479 2065 1598 2092 nomine
1616 2061 1790 2093 Pontianum
1806 2066 1842 2093 H.
1858 2067 1918 2094 Ste-
1998 2053 2013 2086 ;}

204 2117 274 2149 dici,
296 2115 401 2153 gratias
417 2122 471 2152 pro
482 2109 670 2142 Heroffianog
693 2116 749 2138 tam
766 2107 865 2148 pulcre
882 2107 976 2138 latinis
990 2107 1039 2136 da·
1082 2108 1203 2148 phanuS.
1250 2105 1455 2136 Nihilominus
1478 2106 1504 2136 I.
1517 2104 1610 2135 chr.
1626 2105 1785 2135 Boeclcnts
1800 2110 1916 2143 a.1644.
1958 2113 1964 2138 ξ
2006 2118 2013 2122 -

206 2168 237 2190 to
259 2159 395 2192 auribus,
416 2156 493 2193 agit,
522 2152 657 2191 leguntur
678 2153 754 2181 inter
777 2150 914 2180 Pontiani
935 2152 1038 2192 episto·
1083 2156 1107 2181 8.
1131 2148 1234 2179 maluit
1253 2148 1454 2178 Herodianum
1470 2148 1539 2177 dare
1555 2158 1620 2176 cum
1636 2146 1771 2178 Pontiani
1787 2150 1916 2180 versione

205 2202 266 2238 ias,
291 2202 459 2233 VI11.2.3.
490 2196 581 2226 Fabr.
1084 2193 1207 2227 sincera,
1246 2192 1362 2221 reieffis
1399 2193 1436 2221 H.
1459 2190 1598 2231 Stephani
1633 2189 1916 2231 interpolationibus.

251 2246 281 2282 t)
304 2242 424 2274 Fabric.
450 2239 524 2269 infra
548 2241 577 2267 in
598 2235 657 2266 vol.
672 2237 720 2267 IX.
741 2246 804 2277 pag.
825 2240 895 2271 405.
919 2235 1042 2270 addidit,
1086 2235 1195 2269 Cuius,
1227 2236 1340 2275 inquit,
1368 2232 1493 2273 cerglicra
1515 2242 1607 2273 quam
1628 2233 1747 2272 nonsit
1771 2243 1869 2275 aequa
1888 2237 1917 2266 et
1954 2255 1955 2259 ,

207 2297 281 2328 quae
305 2287 360 2315 huc
385 2284 535 2312 reducam:
568 2302 586 2315 ‚,
597 2282 741 2318 interpres
758 2281 937 2315 germanicus
953 2281 982 2308 in
999 2279 1041 2306 bi·
1085 2277 1220 2314 erudita,
1242 2286 1302 2307 uon
1317 2285 1374 2307 vno
1381 2274 1545 2317 specimine
1560 2274 1802 2318 qstendimussuo
1814 2278 1917 2315 loco.“⁸
1931 2280 1938 2288 '
1954 2287 1956 2294 ’

208 2330 353 2361 bnoiheca
371 2326 522 2356 nonissima
534 2322 603 2354 obss'.
621 2330 647 2352 et
663 2323 858 2352 reccnssenuni
870 2344 878 2357 ‚
900 2332 973 2362 quae
985 2323 1042 2350 Ha.
