2013 2725
178 86 240 128 756
291 81 364 118 Lib.
377 77 423 115 V.
438 91 462 115 c.
472 77 612 114 XLIII.
877 77 1038 116 LIBANII
1066 76 1258 115 CODICES

183 185 216 211 vt
236 174 345 224 postea
368 171 557 208 videbimus
613 171 662 204 Ex
685 169 742 205 illo
759 168 872 206 codice
895 169 980 205 haud
1005 184 1119 220 paruas
1140 171 1271 206 lacunas
1296 173 1328 208 in
1348 184 1471 208 nouem
1508 169 1689 220 opusculis,
1729 182 1819 208 antea
1843 173 1909 206 iam

185 226 298 266 editis,
326 223 505 273 suppleuit,
533 234 563 257 et
581 219 756 257 secundam
774 223 805 257 in
829 223 980 263 icarium,
1006 224 1105 266 (tom.
1122 224 1160 258 ll.
1174 236 1250 272 pag.
1265 234 1328 266 134.
1348 220 1407 272 sq.)
1431 226 1554 272 primus
1580 225 1612 258 in
1638 223 1746 259 lucem
1777 222 1914 270 protulit
1972 247 1978 249 -

188 279 318 315 Reiske.
371 276 469 309 Caret
493 284 600 308 autem
632 272 685 308 ille
719 271 823 308 codex
855 273 1056 309 orationibus
1079 273 1204 323 aliquot
1229 279 1311 310 tomi
1336 276 1376 310 ΙΙ.
1400 275 1609 316 Motelliani‚
1635 287 1754 322 nempe
1778 276 1831 310 ΙΙΙ.
1853 276 1910 309 Vl.
1965 291 1975 320 g

189 331 280 365 Vlll.
302 327 387 362 XXI.
412 326 561 361 XXVlll.
581 326 713 361 XXXV.
737 334 767 359 et
799 322 1018 372 ecphrafibus,
1046 327 1130 360 tomi
1160 335 1268 360 autem
1301 328 1399 375 primi
1427 339 1530 374 paene
1560 327 1723 363 omnibus,
1745 345 1796 352 -—
1821 325 1913 359 Alter

191 379 268 417 cod.
294 376 505 426 Augustanus
525 378 670 411 continet
691 385 819 411 tautum
839 388 888 411 or.
913 375 1052 411 Patrocli
1075 375 1115 411 ad
1138 375 1327 418 Achillem,
1352 376 1500 413 Menelai
1521 376 1562 412 ad
1579 378 1748 413 Troianos
1770 389 1830 425 pro
1848 376 1914 410 He-

192 431 267 467 lena
290 440 320 465 et
342 425 460 473 Vlyffis
483 425 522 462 ad
545 426 680 475 eosdem
703 427 796 475 super
816 426 941 465 eadem.
993 426 1055 462 Sed
1079 426 1121 462 de
1144 429 1194 462 his
1216 441 1276 463 nec
1302 441 1372 464 non
1393 427 1433 463 de
1458 428 1557 463 tribus
1581 429 1749 462 Bouaria:
1770 431 1803 461 in
1821 426 1913 463 catal.
1975 457 1978 460 .

193 480 287 518 codd.
295 492 402 528 graec.
413 481 522 514 Bauar.
531 480 704 513 CLXXIV.
721 480 769 520 (in
781 492 846 527 quo
864 477 936 514 sunt
944 478 998 514 XI.
1007 475 1176 526 opuscc.in
1185 480 1233 514 his
1242 488 1334 515 antea
1350 476 1783 527 ἱυεόίῑυηι,ἦφιλο’πολος.)
1796 478 1913 514 CCXI.
1979 520 1982 522 v

193 537 228 568 in
251 544 318 581 quo
338 533 547 567 continentur
564 531 663 565 XVII.
686 528 798 578 opusc.
821 532 856 565 in
874 531 923 565 his
939 532 999 564 tria
1013 539 1106 565 antea
1122 542 1192 565 non
1214 530 1391 580 publicata,
1416 545 1446 566 n.
1471 531 1504 575 ι)
1525 530 1784 571 Demosthenes,
1812 532 1846 570 2)
1858 536 1915 576 φι-

192 581 368 634 λάργυρος
397 578 558 631 ἐρασθεὶς
592 578 754 631 ἑταίρας.
805 583 837 626 3)
868 577 1063 630 ε’·γροὶψκτᾶ
1092 596 1146 620 τις
1168 578 1224 620 τὸν
1254 584 1366 622 {otu-ri?
1392 579 1669 633 προβελεύσοις.)
1716 592 1747 616 et
1767 581 1915 616 chul.

192 637 273 683 (qui
302 634 536 682 complet-”titur
559 633 656 668 XXV.
681 629 792 680 opusc.
817 633 981 678 Libanii,)
1008 642 1040 667 et
1067 630 1107 668 de
1136 632 1210 672 cod.
1237 634 1510 680 Gueffevhytano‚
1552 636 1608 683 qui
1638 634 1771 667 XXXV.
1803 628 1913 678 opusc.
1980 646 1986 650 *

193 701 212 722 a
226 686 385 722 Morellio
409 685 473 720 iani
495 683 645 732 euulgata
669 684 855 730 continet)
879 683 1027 734 pluribus
1047 686 1114 733 egit
1135 683 1319 723 dot‘lissima
1339 686 1468 721 Reiskia
1494 687 1527 720 in
1550 682 1654 734 praef.
1684 683 1723 720 ad
1743 687 1766 722 1.
1782 681 1848 719 vol.
1862 680 1912 720 ed.

196 752 213 773 a
231 741 350 774 marito
367 734 425 771 suo
439 746 578 771 curatae.

300 789 340 824 V
337 787 506 822 indobonaa
528 789 561 822 in
583 785 657 824 bibl.
680 783 846 823 Caesarea.
897 786 1027 821 Libonis·
1042 785 1237 823 declamatio
1255 786 1415 836 quaedam
1433 801 1509 823 cum
1531 789 1666 836 antiquis
1683 789 1804 835 graecis
1823 782 1914 820 scho-

192 839 253 879 liis,
272 854 298 875 v.
319 840 460 874 Lambee.
483 848 660 874 comment.
685 837 725 872 de
745 837 820 873 bibl.
841 834 956 872 caesar.
978 837 1045 872 vol.
1062 838 1118 872 lv.
1143 851 1216 886 pag.
1236 849 1309 884 504.
1329 842 1362 874 in
1388 838 1612 874 additamento
1630 842 1672 874 ΙΙ.
1692 840 1733 872 V.
1753 835 1914 873 declama·
1965 849 1972 852 ·

193 894 320 933 tiones,
346 892 393 935 (n.
410 886 584 924 secundum
600 887 752 923 ordinem
773 891 807 923 in
822 887 871 924 ed.
886 887 1024 923 Morell.
1039 889 1062 924 1.
1085 890 1117 934 a)
1132 903 1162 925 n.
1179 901 1224 934 37.
1249 891 1286 934 b)
1301 890 1373 939 post
1387 904 1420 926 n.
1439 902 1485 937 43.
1510 903 1583 940 pag.
1601 901 1669 935 912.
1695 888 1782 924 filius
1811 884 1915 922 serua-

192 945 238 976 vit
255 951 378 989 patrem
394 941 579 990 ἒμπξησμὲ
599 941 778 988 Ὑενομέιιε,
804 937 972 989 praemissa
998 939 1212 993 προθεωςίορ,
1238 943 1270 986 c)
1285 955 1334 978 nr.
1354 954 1402 977 10.
1418 941 1453 988 d')
1470 956 1519 978 nr.
1534 944 1556 977 1.
1573 943 1604 987 e)
1620 954 1671 976 nr.
1688 943 1726 986 6)
1751 941 1783 975 in
1801 937 1914 974 codice

194 995 263 1029 ΧΙΙ.
291 1007 321 1028 v.
339 994 496 1034 Lamban,
511 992 578 1028 vol.
598 993 652 1030 vl.
680 1002 770 1040 parte
787 995 810 1026 1.
833 990 896 1027 col.
914 1003 988 1026 100.
1015 1011 1067 1018 —-
1099 991 1287 1028 Secundum
1319 993 1488 1041 Nfflium
1511 996 1543 1030 in
1564 992 1655 1028 catal.
1671 990 1767 1029 codd.
1787 987 1914 1027 Caesar.

193 1054 277 1094 part.
292 1046 346 1082 ΙΙΙ,
372 1057 445 1092 pag.
464 1055 519 1088 49,
542 1046 575 1078 in
597 1041 669 1081 cod,
688 1043 842 1078 LXXXII.
864 1043 989 1078 Libanii
1012 1042 1286 1088 declamationes3
1312 1066 1364 1073 —
1388 1057 1463 1093 pag.
1477 1057 1520 1090 53,
1543 1047 1576 1080 in
1599 1042 1672 1080 cod.
1697 1044 1812 1077 XClll.
1842 1054 1913 1077 ora-

195 1100 299 1131 tiones
316 1097 430 1130 XLIll.
451 1107 591 1143 quarum
607 1094 781 1143 pleraeque
798 1105 868 1129 tum
888 1091 980 1129 fuiffe
994 1093 1148 1131 dicuntur
1161 1095 1310 1132 ineditae.
1318 1116 1376 1126 --—
1402 1109 1434 1145 p.
1452 1109 1523 1140 107.
1540 1098 1573 1131 iu
1587 1093 1660 1131 cod.
1676 1094 1913 1130 chxxvm.

194 1147 342 1182 Demoss.
361 1159 409 1181 or.
424 1147 620 1191 Olynthiaca
636 1146 674 1180 ΙΙ.
695 1158 772 1180 cum
796 1145 922 1180 Libanii
945 1158 1155 1192 argumento.
1178 1167 1230 1174 -—
1254 1160 1328 1196 pag.
1344 1159 1407 1191 114.
1428 1150 1463 1183 in
1484 1147 1557 1183 cod.
1576 1147 1724 1184 CCVlll,
1742 1144 1913 1180 declamat.

194 1200 229 1233 in
253 1212 316 1247 qua
338 1196 504 1246 parafitus‚
537 1210 641 1232 coena
669 1195 852 1236 fraudatus,
880 1194 911 1231 se
939 1195 1043 1245 ipsum
1071 1197 1194 1234 defert:
1215 1219 1267 1226 —-
1291 1207 1441 1250 pag.118.
1460 1202 1495 1235 in
1521 1197 1594 1234 cod.
1620 1198 1765 1234 CCXIX.
1794 1207 1915 1231 mono·

194 1248 268 1285 diae
292 1252 325 1284 in
343 1249 520 1287 lulianum.
546 1250 625 1295 imp.
642 1259 674 1283 et
696 1250 825 1284 ruinam
842 1248 1072 1284 Nicomediae:
1097 1269 1148 1277 —-
1175 1263 1250 1298 pag.
1271 1263 1338 1287 120.
1364 1253 1398 1286 in
1417 1251 1490 1288 cod.
1513 1251 1660 1286 CCXXI.
1678 1248 1818 1284 declam.
1841 1259 1915 1281 mo.

195 1299 262 1335 rofi
287 1303 406 1350 patris,
432 1299 540 1335 filium
561 1298 759 1340 abdicantis,
785 1298 874 1348 quod
895 1297 1051 1349 prolapso
1071 1311 1163 1348 patre
1182 1299 1300 1337 risisset.
1321 1321 1374 1329 —
1407 1315 1482 1351 pag.
1498 1314 1558 1337 121.
1580 1304 1613 1336 in
1639 1299 1713 1335 eod.
1733 1298 1912 1335 ccxxlu.

196 1350 393 1388 declamatio
427 1349 467 1386 de
490 1353 580 1386 auari
603 1349 693 1386 filio:
719 1370 768 1378 —·
794 1363 871 1400 pag.
887 1363 950 1395 134-
971 1354 1005 1386 in
1023 1352 1097 1389 cod.
1112 1354 1245 1388 CCCV.
1267 1353 1420 1402 epistolae
1437 1365 1468 1389 et
1485 1352 1749 1388 declamationes.

303 1428 528 1475 Heidelbergae
550 1425 739 1475 quondam,
764 1425 841 1462 telle
863 1427 1017 1475 Sylburg.
1043 1431 1074 1463 in
1099 1427 1190 1464 catal.
1216 1427 1313 1467 codd.
1334 1442 1384 1466 nr.
1399 1430 1530 1466 CXXII.
1554 1431 1638 1464 XIV.
1661 1426 1912 1462 declamationes

195 1480 464 1515 m.CC1X.X111.
484 1477 667 1514 declamatt.
686 1489 717 1512 et
725 1477 806 1513 LIX.
820 1478 908 1524 epist.
924 1492 972 1513 nr.
981 1481 1167 1516 CCLXXV.
1178 1483 1248 1516 XV.
1265 1480 1401 1517 declam.
1414 1492 1443 1516 et
1453 1483 1523 1516 CC.
1539 1478 1912 1524 episs.nr.CCLXXV11,

196 1533 252 1567 1V.
267 1539 586 1581 progymnasmata3
607 1549 658 1558 -
685 1542 735 1566 nr.
746 1530 976 1566 CCLXXVlll.
991 1531 1115 1566 Libanii
1133 1531 1302 1582 quaedam.
1324 1553 1374 1561 —
1400 1546 1450 1568 nr.
1467 1531 1794 1568 CCLXXXLLXHI.
1817 1538 1912 1564 oratt.

301 1606 420 1654 Gieffiue
442 1608 475 1641 in
497 1604 571 1641 bibl.
593 1604 681 1641 acad.
705 1602 777 1641 sunt
797 1607 967 1642 Steinlzeilii
987 1604 1062 1643 obss.
1089 1618 1206 1644 msstae
1227 1607 1266 1644 ad
1291 1611 1471 1645 Libanium.

301 1685 418 1718 Leidae
439 1684 470 1716 in
486 1681 558 1716 bibl.
582 1681 730 1730 publica,
759 1685 839 1718 inter
859 1682 956 1717 libros
978 1697 995 1717 a
1010 1685 1088 1718 Bon.
1113 1684 1275 1720 Vulcanio
1298 1684 1439 1733 legatos,
1465 1683 1588 1719 Libanii
1612 1683 1652 1719 ad
1668 1683 1837 1717 Troianos
1850 1692 1911 1728 pro

197 1733 346 1777 Helena,
380 1733 616 1780 delegatione,
645 1733 685 1768 de
705 1736 834 1773 amicis,
859 1733 1019 1782 ecphrasss
1034 1738 1125 1770 veris.
1153 1736 1263 1780 (catal.
1283 1750 1352 1783 pag.
1370 1748 1436 1778 343.
1459 1735 1506 1780 2.)
1529 1757 1579 1763 —
1603 1738 1685 1769 iuter
1711 1732 1807 1768 codd.
1828 1731 1912 1777 Vos-

185 1789 311 1837 fanos,
339 1800 380 1821 an
402 1783 547 1819 ducenda
569 1783 605 1819 fit
626 1788 728 1819 vxor?
749 1787 829 1831 (cat.
852 1799 883 1833 p,
901 1790 975 1830 395).
994 1800 1041 1821 nr.
1062 1788 1167 1832 Vlll.)
1181 1808 1231 1814 —-
1249 1787 1373 1836 aliquid
1393 1789 1515 1822 Libanii
1532 1792 1607 1830 (cat.
1633 1798 1704 1834 pag.
1721 1796 1792 1827 401.
1813 1796 1862 1817 nr.
1877 1794 1910 1825 4.

300 1863 437 1897 11Ιαίνίΐὶ
459 1863 490 1895 in
513 1859 588 1895 bibl.
611 1863 718 1906 regia.
746 1859 819 1896 cod.
837 1863 948 1897 XLIX.
969 1863 1163 1899 Declamatt.
1187 1865 1252 1898 XL.
1277 1866 1308 1898 in
1333 1865 1444 1912 quibus
1473 1860 1545 1898 sunt
1573 1860 1715 1911 septem,
1748 1872 1824 1910 quas
1847 1862 1912 1895 ine-

196 1914 277 1950 ditas
296 1914 404 1948 habuit
423 1914 543 1946 [rim-te
565 1922 593 1946 et
610 1909 743 1958 copiose
758 1925 874 1947 omnes
896 1911 1035 1949 recenset
1053 1917 1084 1949 in
1107 1925 1168 1951 cat.
1188 1915 1285 1950 codd.
1301 1929 1350 1963 gr.
1370 1930 1397 1963 p.
1415 1917 1572 1959 164-168.
1595 1910 1761 1949 Praemiffa
1776 1910 1820 1947 esl
1843 1913 1909 1946 vita

196 1966 320 2000 Libanii
336 1978 374 1999 ex
393 1965 542 2011 Eunapio
568 1982 616 1989 —-
652 1962 700 1997 llli
719 1962 824 1997 codici
840 1964 1016 2000 litterarum
1040 1964 1168 2009 forma,
1207 1977 1309 2001 aetate
1326 1979 1356 2002 et
1371 1970 1456 2002 vitiis
1473 1967 1514 2001 est
1536 1968 1675 2000 omnino
1697 1964 1808 1998 similis
1834 1962 1908 1998 cod.

196 2017 263 2051 Lll.
287 2015 414 2050 easdem
439 2016 606 2049 continens
625 2015 745 2048 Libanii
769 2013 951 2051 declamatt.
967 2028 1021 2051 aut
1041 2019 1118 2052 XLI.
1142 2031 1166 2052 v·
1188 2021 1288 2056 lriarr,
1306 2032 1336 2066 p.
1355 2021 1422 2063 176.
1448 2016 1493 2066 sq.
1515 2038 1566 2044 ——
1594 2019 1628 2052 ln
1645 2015 1716 2052 cod.
1735 2016 1909 2050 LXXXVI.

196 2065 270 2102 sunt
285 2068 355 2105 VH,
379 2065 519 2100 declam.
542 2075 603 2099 tres
626 2078 702 2100 vero
718 2065 818 2107 aliae,
844 2069 876 2101 in
893 2067 988 2102 titulo
1015 2071 1220 2109 nominatae,
1245 2067 1357 2104 absunt
1374 2072 1551 2105 volumine.
1571 2083 1602 2104 v.
1622 2071 1732 2103 Iriart.
1751 2079 1822 2114 pag.
1840 2076 1909 2110 354.

194 2117 262 2167 sqq.
285 2138 332 2145 ——
359 2120 396 2152 In
419 2117 491 2152 cod.
512 2116 660 2151 XCVlll.
686 2118 809 2160 (Irim-t.
827 2130 901 2165 pag.
916 2120 1002 2163 387.)
1028 2119 1201 2156 declamm.
1220 2124 1364 2169 quinque
1384 2123 1610 2168 etetltopoeia.
1627 2140 1678 2146 ·-—
1706 2122 1738 2153 ln
1762 2117 1910 2152 biblioth.

195 2169 350 2205 Escorial.
370 2168 461 2214 (telle
482 2169 600 2202 Pluma
622 2170 725 2203 initin.
750 2181 806 2215 per
832 2171 967 2218 Hispan.
991 2184 1062 2219 pag.
1081 2178 1167 2212 180.)
1191 2169 1262 2207 sunt
1286 2175 1317 2206 iu
1340 2172 1454 2208 decc-m
1479 2167 1572 2207 codd.
1603 2172 1726 2206 multae
1754 2168 1907 2217 epistolae

194 2231 226 2256 et
248 2234 369 2268 magna
391 2220 528 2255 aliarum
551 2219 826 2254 declamationum
857 2220 1111 2270 libellorumque
1140 2226 1254 2272 copia:
1283 2226 1315 2258 in
1344 2226 1410 2266 his,
1445 2237 1587 2272 quorum
1616 2222 1724 2257 titulus
1750 2219 1906 2261 adfertur,

192 2272 357 2320 (plurimis
380 2275 466 2306 enim
489 2284 558 2305 non
582 2270 705 2305 additus
726 2270 803 2313 est.)
826 2270 941 2308 diserte
962 2276 1192 2318 nominantur,
1218 2275 1381 2310 Monodia
1402 2289 1461 2323 pro
1479 2275 1624 2317 iuliano,
1647 2278 1726 2322 imp.
1743 2269 1906 2307 Monodia

190 2325 233 2360 ob
256 2322 417 2373 templum
441 2322 602 2371 Apollinis
625 2324 700 2370 igne
728 2319 958 2366 consumtum,
991 2327 1194 2375 epitaphium
1215 2326 1254 2362 ad
1280 2330 1362 2376 imp.
1382 2326 1568 2370 lulianum3
1600 2325 1641 2362 ad
1659 2319 1905 2375 proconsulem,

1736 2376 1907 2410 Montium
