2049 2720
75 147 202 179 Vol-m·
229 148 403 183 ramma
520 144 788 186 ORATIONES
824 149 890 187 ET
919 148 1316 188 DISSERTATIONES
1393 153 1466 188 Lib.
1478 150 1548 189 IV.
1561 164 1584 188 c.
1597 151 1688 188 XII.
1741 163 1795 196 12⁶2

176 245 294 280 XXXI.
321 242 409 292 (14.)
441 239 605 284 ‘rollande
622 244 663 281 ad
687 244 840 281 Rhodios
863 247 970 281 oratio
993 242 1217 288 disertissima‚
1243 246 1362 282 Photio
1383 248 1592 282 vehementer
1616 256 1647 281 et
1668 259 1708 281 ex
1729 258 1798 282 me-

73 299 138 334 tito
156 294 304 338 laudata,
329 294 475 345 pluribus
495 300 694 346 argumentis
715 295 895 333 dissuadens
915 295 1086 333 sordidum
1111 308 1143 333 et
1165 299 1332 346 ingratum
1348 298 1484 334 illorum
1500 303 1537 344 “)
1561 303 1605 345 (et
1624 299 1798 333 Athenien·

73 347 160 385 fiam
174 361 250 398 pag.
266 349 355 393 346.)
380 360 532 389 morem,
558 361 626 398 quo
648 348 786 385 statuam
807 347 831 384 sl
851 352 903 385 cui
923 362 1035 385 recens
1058 348 1288 394 decernerent,
1314 363 1383 386 non
1399 351 1564 400 ponebant
1579 363 1723 391 nouam,
1743 345 1798 383 sed

72 403 191 436 veteris
218 399 354 436 alicuius
384 397 488 435 deleta
515 399 743 449 inscriptione,
788 399 868 436 iuss'u
899 403 1058 450 praetoris
1086 414 1213 437 nomen
1238 414 1366 438 nouum
1397 399 1619 451 insculpebant
1647 413 1720 448 pag.
1736 410 1802 443 312.

74 449 216 495 Confer,
229 449 254 487 si
272 450 389 499 placet,
405 452 609 489 Edmundum
624 454 803 500 Figrelium
819 451 860 488 de
879 453 985 489 statuis
1002 465 1073 500 cap.
1093 459 1143 494 28.
1159 466 1192 501 p.
1211 462 1270 499 238
1287 451 1330 503 sq.
1356 456 1404 490 Ex
1420 456 1483 489 hac
1499 455 1647 489 oratione
1662 449 1797 490 conflat.

72 501 226 541 Rhodios
249 502 309 538 illo
334 513 483 552 tempore
504 502 651 540 formam
672 506 751 552 reip.
775 504 973 554 popularem
994 502 1138 540 habuisse
1160 517 1235 553 pag.
1250 512 1319 548 328.
1350 503 1406 541 sub
1424 505 1564 553 stratego
1579 501 1632 540 seu
1650 512 1800 552 praetore

73 567 153 606 pag.
171 566 234 598 312.
256 565 326 600 332.
350 564 417 598 337.
439 566 513 599 340.
535 567 596 602 351.
618 567 683 601 353.
711 566 742 591 et
761 556 961 592 tributariam
988 554 1120 592 tenuisse
1141 558 1291 598 Cariam,
1317 568 1506 605 partemque
1529 558 1647 602 Lyciae
1669 566 1700 590 et
1721 555 1800 589 aliae

72 616 242 656 praeterea
258 607 401 641 ciuitates
416 618 492 656 pag.
506 619 572 653 341.
598 609 759 644 Romanis
779 607 962 644 libertatem
977 607 1187 646 Rhodiorum
1210 611 1289 658 reip.
1312 608 1565 658 relinquentibus
1589 620 1663 656 pag.
1678 617 1739 649 344
1752 602 1800 652 sq.

72 659 102 694 E
125 656 254 707 legibus
277 656 491 693 Rhodiorum
516 672 590 708 pag.
606 667 676 703 348.
703 670 990 696 commemoratur
1010 662 1109 702 haec,
1136 658 1226 709 quod
1247 661 1390 696 carnifici
1412 672 1598 709 numquam
1620 659 1732 694 liceret
1754 659 1802 691 in-

72 707 166 759 gredi
190 711 365 745 ciuitatem.
425 707 691 747 Dissertationem
713 709 804 748 suam
830 711 870 748 de
889 726 949 759 eo,
983 711 1073 762 quod
1095 711 1220 748 malam
1248 710 1521 749 consuetudinem
1542 724 1611 747 non
1633 707 1730 759 poffit
1748 706 1801 743 de·

72 759 209 797 fondere
229 759 422 796 diuturnitas
443 766 620 812 temporis,
647 765 723 799 citat
745 777 819 813 pag.
835 776 902 809 354.
929 766 1056 800 Fabric.
1116 765 1223 800 Hmr.
1245 764 1286 800 V
1283 764 1357 812 ales}
1381 765 1401 801 l.
1420 778 1447 799 c.
1469 776 1546 813 pag.
1562 775 1611 808 57.
1634 763 1803 803 omnium,

69 815 138 855 ait,
171 813 290 849 Dionis
315 815 521 856 orationum,
548 825 582 850 vt
607 814 816 864 longissima,
850 818 894 851 ita
919 819 1017 852 etiam
1043 814 1304 852 excellentiffima
1326 815 1370 852 est
1393 815 1566 853 Rhodiaca.
1638 812 1800 849 Mirabilis

70 866 108 901 in
127 877 164 900 ea
175 873 257 900 tum
279 861 449 908 subtilitas,
476 876 547 902 tum
562 869 608 902 vis
625 878 656 903 et
671 869 767 917 copia
782 877 1076 916 argumentorum,
1103 877 1136 903 vt
1148 867 1412 905 Demosthenem
1425 870 1461 904 in
1474 869 1534 903 hac
1548 875 1638 917 parte
1654 861 1802 914 aequass'e

72 918 194 952 merito
215 914 362 953 videatur
379 917 459 953 Dio.
485 917 584 954 Harl.

173 992 304 1031 XXXH·
330 995 404 1038 (ῖς.)
429 992 517 1044 necis
539 991 787 1046 'Azegoevcl‘qs‘ae'ss
814 995 854 1031 ad
870 996 1036 1045 populum
1054 995 1334 1038 Alexandrinum,
1352 998 1451 1036 ,cuius
1472 993 1633 1035 indolem,
1658 994 1725 1029 veri
1740 994 1801 1027 im·

72 1045 250 1094 patientem
273 1054 305 1079 et
327 1043 367 1079 ad
392 1058 512 1093 nugas,
546 1047 731 1096 voluptates
753 1057 785 1082 et
802 1044 987 1083 scommata
1002 1061 1156 1096 pronam,
1180 1047 1327 1097 pluribus
1349 1048 1451 1082 verbis
1474 1046 1678 1096 perstringit,
1703 1054 1801 1093 atque

72 1097 223 1145 inprimis
243 1098 362 1144 carpit,
394 1095 487 1143 quod
509 1094 720 1147 spediaculis,
753 1096 972 1134 saltationibus
995 1109 1026 1134 et
1050 1097 1174 1134 lasciuis
1196 1099 1341 1135 cantibus
1361 1098 1460 1134 veluti
1482 1099 1561 1134 ebrii
1586 1108 1617 1132 et
1638 1101 1671 1132 111
1694 1096 1798 1132 stadio

71 1146 229 1183 indecore
259 1144 290 1182 se
320 1156 469 1194 gererent
496 1158 526 1183 et
557 1148 744 1184 immodicis
773 1147 983 1196 indulgerent
1010 1149 1209 1186 clamoribus
1236 1149 1469 1199 plausibusqne.
1541 1148 1664 1184 Vrbem
1696 1146 1801 1196 ipsam

71 1211 150 1249 pag.
165 1211 232 1244 372.
257 1197 369 1234 laudat
392 1199 442 1233 his
464 1199 586 1235 verbis:
610 1199 628 1244 ἡ
648 1198 721 1250 ’γοὶς
740 1197 843 1238 πόλις
866 1199 953 1250 ὑμῶν
975 1201 1027 1251 τῷ
1047 1201 1191 1248 μεγέθει
1215 1199 1274 1248 ηαξ
1298 1202 1349 1253 τῷ
1366 1199 1463 1252 τόπῳ
1479 1201 1618 1249 πλεῗςογ
1636 1196 1709 1237 ἴσον
1730 1196 1801 1237 διοι-

69 1251 169 1302 φέςει
190 1250 256 1289 τῶν
276 1247 342 1287 tim*
364 1245 421 1287 τόν
446 1246 548 1294 ἥλιον.
590 1248 682 1291 “Hn
705 1248 778 1301 yde
792 1253 972 1299 Αἴγυπτος
991 1252 1098 1300 ὑμῶν,
1125 1253 1308 1297 τηλικὲτον
1328 1253 1442 1295 ἔθνος,
1470 1252 1572 1300 σῶμοι
1587 1252 1648 1294 τῆς
1666 1246 1802 1289 mines&

71 1304 138 1345 ἔςι,
163 1302 301 1350 μᾶλλον
324 1297 358 1340 δὲ
382 1301 572 1352 προσθήκη.
625 1305 691 1339 Sub
706 1306 790 1339 Tito
809 1301 963 1353 scripfiss'e
983 1306 1068 1339 hanc
1089 1308 1292 1344 orationem,
1316 1304 1452 1353 colligas
1467 1317 1504 1339 ex
1520 1316 1552 1351 p.
1572 1310 1643 1345 380.
1671 1303 1722 1337 vbi
1741 1314 1800 1349 op·

71 1355 166 1403 ponit
185 1351 243 1392 τὸν
265 1353 314 1391 νῦν
337 1349 500 1403 ἄρχοντα
525 1350 667 1394 venida
689 1353 747 1403 ηαξ
772 1351 870 1402 λέγω
886 1357 1113 1405 προσέχοντα
1134 1357 1277 1398 Neroni,
1306 1358 1360 1405 qui
1381 1355 1518 1391 muficus
1542 1353 1637 1390 scitus
1664 1364 1694 1389 et
1716 1354 1800 1389 auri-

71 1415 168 1454 gator
192 1407 337 1454 optimus
357 1406 457 1441 videri
479 1406 630 1450 volebat,
653 1399 761 1457 'atque
783 1397 1034 1455 perfedlissimus
1055 1406 1197 1444 saltator.
1261 1409 1312 1444 De
1337 1407 1457 1443 eodem
1481 1408 1615 1442 Nerone
1639 1419 1714 1454 pag.
1730 1411 1800 1448 383.

71 1460 118 1492 vti
137 1455 178 1492 de
197 1457 300 1492 altero
326 1469 356 1503 p.
372 1469 427 1503 39¹
444 1454 489 1507 sq.
541 1461 580 1494 In
602 1460 665 1494 hae
689 1460 837 1495 oratione
857 1472 932 1508 pag.
950 1472 1011 1505 392
1027 1457 1072 1508 sq.
1098 1459 1165 1495 Dio
1182 1459 1319 1495 celebrat
1334 1458 1568 1507 Theophilum
1597 1458 1655 1505 [if]
1684 1470 1798 1506 quem-

73 1507 163 1550 dam,
184 1510 292 1544 virum
311 1506 510 1558 sapientem,
534 1512 589 1559 qui
610 1509 912 1547 Alexandrinorum
934 1511 1100 1546 stultitiam
1115 1514 1274 1560 pertinaci
1293 1511 1378 1547 vltus
1401 1509 1507 1546 fuerat
1528 1510 1666 1546 silentio.

172 1585 321 1622 XXXIII.
342 1587 422 1632 (16.)
448 1583 620 1637 Ταξσικός
640 1589 777 1638 πρῶτος
794 1587 834 1623 ad
850 1585 1043 1626 Tarsenses,
1070 1602 1088 1623 a
1109 1587 1224 1638 quibus
1246 1590 1419 1623 inuitatum
1444 1585 1475 1623 se
1495 1586 1534 1622 ad
1552 1584 1726 1621 dicendum
1745 1585 1801 1625 ait,

72 1635 237 1674 didiurum
260 1650 315 1678 ea,
342 1651 425 1687 quae
446 1638 504 1687 ipfi
526 1637 664 1675 forraffis
687 1639 774 1676 male
793 1639 856 1675 sint
876 1640 991 1676 laturi:
1016 1652 1123 1688 neque
1144 1642 1234 1675 enim
1256 1639 1464 1675 adulaturum
1485 1639 1564 1680 illis,
1590 1650 1643 1673 aut
1664 1637 1802 1672 celebra-

71 1699 183 1725 turum
212 1698 343 1724 externa
372 1702 489 1725 eorum
525 1691 632 1736 bona,
673 1705 755 1741 quae
776 1689 845 1727 fine
867 1693 985 1727 virtute
1012 1693 1137 1726 ciuium
1163 1702 1194 1726 et
1219 1691 1377 1727 modestia
1397 1690 1517 1726 nullius
1541 1689 1602 1725 sint
1626 1689 1800 1724 momenti.

70 1742 242 1788 Praecipue
261 1743 406 1786 exagitat
429 1741 548 1777 molles
571 1745 701 1779 narium
726 1742 894 1793 strepitus,
920 1755 1003 1793 quos
1024 1746 1059 1777 in
1081 1741 1250 1792 loquendo
1273 1753 1304 1778 et
1325 1743 1474 1779 canendo
1495 1739 1709 1791 frequentaffe
1727 1739 1801 1774 illos

72 1801 104 1827 et
122 1789 277 1827 indecore
300 1789 472 1828 adfeetass‘e
491 1791 601 1830 refert.

174 1869 321 1904 XXXIV.
347 1871 424 1914 (17.)
452 1866 622 1921 Ταξσικὲς·
641 1865 810 1922 δεύτερος,
837 1868 878 1906 ad
896 1868 947 1919 θ’)
968 1867 1143 1906 Tarsenses
1166 1869 1321 1912 eosdem,
1345 1873 1488 1920 praetori
1512 1869 1571 1905 suo
1593 1867 1741 1907 infestos,
1769 1874 1801 1901 et

71 1917 240 1961 Mallotis,
265 1919 470 1964 solentibus,
503 1921 724 1957 Adanenfibus
749 1933 847 1972 atque
871 1920 1108 1970 Aegaeenfibus
1139 1920 1272 1964 exos08‚
1306 1936 1411 1970 neque
1437 1925 1520 1956 inter
1547 1920 1578 1956 se
1605 1917 1797 1955 concordes.

70 1972 194 2017 Pagina
211 1982 280 2013 423.
306 1968 373 2016 ἐγώ
398 1967 431 2009 δὲ
453 1971 511 2010 τᾶν
535 1970 714 2020 σύμβελον
731 1984 790 2008 etc.
844 1974 919 2019 Ego
939 1985 1016 2007 vero
1036 1975 1169 2015 bonnm,
1194 1976 1318 2021 inquit,
1331 1974 1514 2020 senatorem
1543 1974 1657 2021 quique
1679 1971 1799 2017 digmu-

61 2021 108 2070 fit
127 2022 266 2068 praeeffi
288 2025 427 2062 ciuitati,
461 2032 606 2069 oportere
625 2027 674 2059 aio
696 2027 798 2059 omnia
811 2025 951 2072 ſsmplici
970 2025 1074 2058 animo
1099 2026 1258 2071 excipere,
1292 2037 1369 2071 quae
1392 2025 1528 2070 difficilia
1552 2037 1585 2058 ac
1606 2022 1730 2068 molesta
1752 2033 1799 2055 oc-

65 2074 220 2115 currunt,
246 2075 381 2108 maxime
402 2072 516 2109 auten?
532 2077 670 2110 tonuitia
692 2083 722 2110 et
738 2076 840 2121 plebis
859 2081 961 2117 iram,
986 2081 1016 2109 et
1033 2076 1161 2114 similem
1183 2076 1236 2123 ‘sffss
1249 2079 1492 2123 promontoriis,
1517 2084 1650 2121 portum
1673 2073 1795 2119 efficien-

69 2125 174 2165 tibus,
212 2136 292 2171 quae
314 2137 433 2161 omnem
446 2127 560 2174 pelagi
586 2129 745 2173 excipiunt
767 2129 848 2172 vim,
889 2129 1043 2162 interiora
1065 2134 1168 2164 autem
1190 2130 1317 2163 immota
1341 2135 1371 2163 et
1393 2129 1567 2175 tranquilla
1590 2126 1800 2174 conseruent:

1746 2184 1792 2210 ita

112 2262 156 2295 ec)
176 2261 220 2290 De
237 2261 400 2291 Corinthiis
420 2262 490 2293 vide
510 2262 587 2293 infra
603 2271 676 2294 orat.
691 2264 841 2297 XXXVII.
958 2265 1099 2294 concione
1121 2264 1211 2294 verba
1231 2263 1346 2300 facere,
1380 2274 1483 2294 verum
1506 2264 1594 2292 etiam
1617 2252 1739 2303 publicis
1764 2261 1792 2290 se

114 2302 171 2340 dd)
194 2302 381 2333 Obseruantia
403 2305 525 2335 illorum
546 2314 714 2347 temporum
732 2308 771 2337 est
786 2305 905 2337 consue·
957 2307 1120 2337 immiscere
1139 2307 1287 2337 interdum
1304 2310 1444 2345 negotiis,
1466 2314 1494 2336 et
1509 2305 1587 2347 quod
1607 2315 1621 2333 e
1637 2314 1667 2333 re
1683 2304 1794 2332 ciuium

73 2345 163 2381 mdo,
186 2356 238 2386 per
253 2357 340 2386 quam
363 2347 447 2377 licuit
469 2348 663 2390 philosophis,
687 2349 733 2379 vel
758 2350 904 2390 sophistis,
957 2350 1119 2379 iudicarent
1141 2350 1270 2380 suadere.
1322 2353 1392 2380 Sunt
1414 2352 1475 2379 eius
1497 2348 1659 2385 argumenti
1680 2345 1795 2385 aliquot

73 2397 139 2416 eum
153 2390 182 2417 in
203 2387 329 2429 aliquam
346 2392 527 2420 Graecorum
546 2393 648 2422 vrbem
665 2392 821 2429 venissent,
843 2404 905 2422 non
958 2402 974 2421 e
989 2395 1114 2422 Dioneis
1130 2396 1291 2424 orationes
1327 2393 1362 2423 Is.
1377 2392 1496 2423 Casaub.
1513 2401 1576 2433 pag.
1593 2394 1636 2426 65.
1653 2389 1688 2420 ad
1703 2391 1793 2420 Dion·

73 2427 169 2460 solum
191 2431 231 2473 'de
259 2434 312 2470 iis,
345 2444 419 2475 quae
441 2436 476 2464 ad
498 2444 594 2465 mores
618 2437 816 2476 pertinerent,
847 2446 904 2478 pro
957 2435 1104 2471 Chrysen.
