2049 2720
462 94 654 130 CODICES
678 93 1002 130 EPISTOLARVM
1028 93 1190 130 LIBANH
1341 92 1414 130 Lib.
1436 93 1478 131 V.
1494 106 1520 132 t.
1536 93 1680 132 XLIII.
1731 100 1787 139 78¹

169 185 347 224 conuersae
369 198 401 224 et
421 189 601 224 Cracouiae
622 187 766 237 primum
793 186 916 226 editae,
941 188 1013 222 heic
1034 196 1143 221 autem
1167 190 1291 235 integra
1315 186 1563 237 propemodum
1587 191 1734 225 centuria
1749 201 1790 225 ex

173 241 247 278 MS,
271 241 393 278 austae.
445 239 627 276 Amsselod.
650 238 738 289 apud
761 236 1169 286 lansonio·waesbergios
1195 247 1288 282 1738.
1309 237 1368 277 fol.

120 339 220 389 Qod
247 340 385 386 Woffius
409 342 441 374 in
465 339 595 386 prfflfat.
619 340 659 376 de
679 340 775 377 codd.
797 351 885 377 msst.
908 339 1025 385 quibus
1050 350 1082 375 et
1111 338 1176 389 ipse
1202 351 1233 376 et
1255 354 1333 377 vero
1365 340 1600 392 Rossgaardius
1631 340 1702 377 vsus
1730 341 1788 383 est,

170 402 202 427 et
221 391 261 426 de
284 392 351 426 aliis
373 389 515 426 subsidiis
540 392 691 441 copiosus
712 392 775 429 ess:
815 406 878 440 ego
900 393 952 425 hic
976 393 1082 439 paucis
1104 402 1231 427 tantum
1255 393 1403 435 codices,
1436 407 1578 429 numero
1600 394 1740 435 multos,
1767 407 1786 428 e

173 443 290 492 quibus
312 443 358 479 illi
384 441 634 492 exscripserunt,
661 456 714 480 aut
738 445 777 479 ab
799 444 868 478 aliis
891 440 1062 491 descriptas
1084 444 1263 479 habuerunt
1285 445 1436 492 epistolas
1458 446 1602 485 Liburni,
1634 457 1785 480 comme-

172 495 334 535 morabo,
361 496 476 530 notitia
499 508 680 542 paucorum
708 497 851 532 alioruin
874 493 1019 529 additas
1050 495 1088 528 ln
1111 495 1186 530 bibl.
1212 495 1299 542 publ.
1327 496 1476 542 Poristna
1501 495 1680 532 secundum
1702 505 1785 530 cata-

168 544 240 592 log.
259 543 355 580 codd.
379 555 460 580 tom.
477 548 516 580 11.
541 549 664 593 viginti
690 554 720 582 et
735 548 857 594 fiptfm
881 543 1140 581 codicesLibanii
1155 546 1306 595 epistolas
1320 551 1497 583 continent.
1552 547 1784 595 Rossgaardius

169 595 242 632 vius
265 596 340 639 est.
354 595 431 631 teste
458 598 606 637 Wolfio,
633 597 707 633 cod.
724 597 1076 633 MMDCCLXXXIII.
1093 600 1146 645 qui
1168 600 1341 646 primarius
1363 600 1407 635 est
1425 610 1455 634 ct
1472 611 1615 634 numero
1634 597 1784 646 epissola-

168 659 263 688 rum,
290 660 393 696 quae,
415 658 448 683 vt
470 649 502 683 in
522 649 609 684 calce
625 648 698 684 cod.
715 650 852 697 legitur,
870 648 1051 684 conficiunt
1066 648 1148 682 mille
1164 655 1194 683 et
1206 649 1360 689 tredecim,
1379 661 1503 686 ceteros
1519 649 1676 685 Parifinae
1693 649 1784 699 publ.

164 698 313 734 biblioth.
337 696 482 745 superat,
510 700 651 748 ideoque
670 714 688 734 a
708 701 842 737 Wolfio
865 698 1047 748 adpellatur
1067 702 1242 739 maximus.
1268 709 1300 735 et
1314 714 1353 735 ex
1368 701 1441 740 cod.
1458 702 1626 747 Voffltnw,
1654 704 1706 749 qui
1724 702 1782 736 ho-

164 749 218 785 die
236 753 270 784 in
285 750 360 785 bibl.
375 750 556 795 Leidenfin.
574 752 735 786 LXXVII.
758 751 865 796 (catal.
884 764 914 799 p.
929 751 1013 795 395.)
1038 749 1155 789 exstat,
1192 753 1301 799 paucis
1322 751 1443 788 omiffis
1458 752 1620 801 epistolis.
1664 752 1708 787 est
1729 751 1783 787 de-

164 797 311 850 scriptus.
329 831 333 835 .
366 802 414 836 Ex
437 800 504 835 aliis
528 801 625 838 codd.
647 801 837 850 Rostgaard.
858 801 963 837 modo
988 803 1129 848 integras
1153 813 1228 851 epp.
1249 815 1333 851 quae
1347 806 1379 838 in
1393 804 1454 840 illo
1471 803 1545 838 eod.
1563 806 1712 839 maximo
1728 801 1781 837 de-

161 851 361 894 fiderantur‚
387 849 568 901 descriplit‚
593 853 698 889 modo
720 853 868 889 lectionis
892 855 1080 888 varietatem
1101 851 1141 886 ad
1158 866 1253 888 oram
1268 857 1471 902 antigraphi‚
1497 868 1536 890 ex
1552 856 1706 890 Maximo
1720 852 1779 889 illo

163 901 262 944 fasti,
285 903 423 939 adleuir.
471 905 552 938 Sunt
571 918 650 939 vero
668 904 763 940 codd.
779 904 1162 940 MMDCCCCLxxxl.
1182 905 1453 942 MMMLXXm.
1481 908 1550 955 (qui
1566 907 1663 941 LXV.
1683 905 1780 940 habet

164 953 337 1003 epistolas,
364 967 502 1002 quarum
520 956 647 992 XXXII.
668 957 720 990 alii
748 953 844 991 codd.
867 969 937 992 non
955 955 1141 1000 exhibent.)
1169 957 1440 993 MMMCCLXt.
1464 956 1778 993 MMMCCLXXX.

163 1005 280 1050 (hodie
301 1019 333 1041 n.
349 1007 708 1043 MMDCCCCXCIX.
738 1009 792 1054 qui
815 1016 937 1054 praeter
958 1011 1035 1042 206.
1062 1018 1138 1054 epp.
1166 1017 1297 1042 mutuas
1329 1006 1433 1043 Basilii
1456 1018 1487 1043 et
1515 1010 1639 1044 Libanii
1661 1009 1776 1043 XXIV.

163 1054 420 1106 repraesentat:)
449 1058 766 1095 MMMCCLXXX.
786 1057 1040 1094 MMMCCXC.
1071 1058 1136 1102 (in
1157 1070 1225 1106 quo
1249 1056 1320 1093 sunt
1344 1071 1410 1103 134.
1440 1073 1503 1095 vna
1531 1072 1606 1095 cum
1636 1069 1778 1108 quatuor

163 1107 271 1146 Basilii
285 1119 317 1144 et
328 1108 453 1144 Libanii
469 1111 608 1150 mutuis,
644 1123 684 1145 ex
706 1110 818 1158 quibus
833 1112 866 1144 in
881 1109 956 1145 cod.
979 1120 1048 1156 reg.
1065 1111 1212 1145 maximo
1232 1111 1346 1146 XXIV.
1363 1109 1617 1155 defiderantur:)
1658 1119 1689 1145 et
1703 1108 1776 1144 cod.

163 1160 480 1199 MMMCCCLXH,
529 1161 630 1196 Multi
661 1164 762 1209 igitur
790 1158 843 1196 alii
874 1159 971 1197 codd.
1002 1157 1187 1195 parisienses
1217 1159 1368 1197 nondum
1399 1160 1470 1197 sunt
1493 1160 1622 1197 excussi.
1649 1181 1699 1188 —-
1739 1161 1777 1195 In

142 1241 143 1244 ,
162 1210 242 1246 bibl.
267 1211 462 1248 coisliniana
486 1211 778 1249 cod.CCCXL1X.
796 1213 924 1248 exhibet
947 1220 1000 1253 84.
1024 1211 1148 1246 Libanii
1172 1211 1338 1259 epistolas,
1365 1216 1450 1248 notis
1468 1211 1720 1248 interlinearibus
1736 1209 1777 1245 ad

165 1273 341 1311 grammat.
363 1265 628 1300 exercitationem
651 1264 772 1312 plenaS.
798 1277 828 1298 ν.
853 1264 1033 1309 Montfauc,
1057 1273 1117 1297 cat.
1141 1262 1238 1298 codd.
1262 1263 1350 1298 iilius
1373 1264 1447 1299 bibl.
1470 1277 1544 1313 pag.
1560 1266 1626 1308 516,
1648 1260 1709 1310 seq.
1737 1274 1777 1296 ex

160 1315 223 1348 illo
246 1313 320 1349 cod.
345 1311 570 1350 montfaucon
592 1326 672 1356 tres,
694 1318 728 1350 in
747 1314 818 1349 aliis
840 1313 938 1350 codd.
961 1325 1031 1348 non
1051 1313 1160 1348 obuias
1183 1312 1363 1359 descripfit,
1390 1314 1541 1363 misitque
1558 1314 1700 1350 Wolfio.
1727 1332 1775 1339 —

157 1364 188 1402 E
205 1364 278 1400 bibl.
303 1364 464 1399 Vaticana
485 1378 585 1413 opem
607 1367 751 1401 tulerunt
771 1363 866 1400 codd.
882 1366 1000 1400 va.
1028 1364 1224 1400 Laurentius
1244 1365 1336 1402 Alex.
1352 1367 1539 1413 Zacagnius
1562 1368 1595 1401 in
1615 1361 1718 1414 praes.
1735 1362 1776 1398 ad

162 1414 360 1451 collekstanea
382 1428 674 1453 monumentorum
697 1427 842 1452 veterum
865 1414 1015 1451 ecclesiae
1039 1428 1088 1463 gr.
1111 1427 1142 1451 et
1161 1416 1278 1451 latinae
1295 1430 1369 1465 pag.
1384 1429 1440 1462 49.
1464 1417 1613 1459 testatur,
1638 1414 1776 1451 ineditas

165 1466 291 1502 Libanii
312 1466 463 1514 epistolas
484 1465 579 1517 supra
601 1467 740 1503 duarum
765 1466 945 1503 chiliadurn
967 1479 1145 1501 numerum
1165 1470 1199 1502 in
1219 1469 1375 1503 Vaticana
1405 1468 1536 1504 exstare.
1562 1487 1611 1495 —
1653 1468 1776 1502 Medio-

165 1519 234 1553 lani
262 1520 296 1553 in
323 1517 398 1553 bibl.
421 1518 637 1554 Ambrofiana
660 1517 733 1554 sunt
755 1521 794 1553 V.
828 1518 927 1554 codd.
959 1531 998 1553 ex
1024 1530 1165 1566 quorum
1194 1531 1260 1553 vno
1289 1520 1334 1553 T.
1356 1521 1497 1554 LXXHI.
1529 1520 1584 1568 qui
1614 1531 1688 1568 epp.
1712 1528 1776 1561 251.

162 1569 280 1610 habet,
305 1581 444 1617 paucae,
470 1579 502 1605 et
519 1571 584 1606 alio
606 1572 652 1606 T.
670 1571 843 1606 CCXXXI.
859 1583 933 1618 epp.
951 1581 1009 1614 153.
1028 1572 1232 1615 continente,
1259 1567 1312 1604 sex
1329 1583 1401 1619 epp.
1416 1570 1488 1606 alibi
1504 1569 1716 1611 defideraeae‚
1741 1571 1775 1603 in

164 1620 336 1656 Wolfiana
355 1620 552 1657 colleClione
571 1621 736 1669 leguntur.
779 1640 828 1648 —
880 1622 1029 1656 Mutinae
1051 1631 1193 1668 quatuor
1217 1620 1315 1656 codd.
1340 1621 1467 1669 praesto
1499 1619 1650 1662 fuerunt,
1693 1623 1777 1655 inter

165 1683 247 1719 quos
271 1670 340 1706 duo
364 1671 543 1707 nonnullas
564 1670 808 1720 suppeditarunt
829 1685 902 1720 epp.
924 1672 998 1706 alibi
1024 1684 1092 1706 non
1115 1672 1238 1707 obuias.
1262 1693 1314 1699 --
1351 1675 1400 1707 Ex
1424 1674 1576 1708 Mediceis
1595 1670 1690 1710 codd,
1705 1671 1776 1706 Flo-

162 1733 245 1758 rent.
258 1726 405 1770 *quorum
425 1723 573 1772 epistolas
593 1724 714 1758 Libanii
729 1733 785 1758 aut
798 1723 956 1758 lectiones
970 1721 1087 1764 adtulit
1101 1721 1265 1765 Wolfixw,
1293 1720 1366 1758 sunt
1384 1726 1448 1759 tod.
1464 1725 1508 1761 A.
1531 1726 1564 1760 iu
1581 1723 1659 1771 plut.
1676 1722 1775 1758 LVH.

159 1771 238 1808 cod.
255 1774 380 1808 XLVH.
395 1776 450 1822 qui
466 1777 611 1809 continet
627 1777 725 1810 CCC.
741 1788 815 1823 epp.
828 1778 882 1819 (v.
900 1775 1036 1808 Bandin.
1052 1782 1112 1808 cat.
1129 1774 1168 1808 11.
1190 1773 1251 1808 col.
1268 1776 1358 1818 437.)
1384 1776 1448 1809 cod.
1469 1776 1511 1810 B.
1529 1778 1561 1810 in
1579 1774 1660 1823 plut.
1674 1774 1776 1807 LVII.

164 1823 238 1860 cod.
254 1825 339 1859 XIX.
362 1824 450 1872 epist.
466 1827 688 1864 CCCCXVH,
713 1835 742 1860 et
766 1828 798 1859 in
814 1824 902 1861 calce
918 1823 1021 1859 Bafflii
1037 1835 1067 1859 et
1081 1824 1203 1859 Libanii
1219 1823 1308 1872 epist.
1325 1823 1422 1860 refert
1436 1836 1574 1861 mutuas.
1602 1826 1724 1869 (Bana.
1738 1824 1776 1858 11.

163 1875 229 1911 col.
246 1878 338 1922 359.)
371 1876 537 1916 Wollius,
572 1879 754 1925 vtriusque,
786 1877 910 1925 inquit,
947 1877 1039 1910 huius
1063 1874 1186 1910 codicis
1216 1875 1364 1923 epistolas
1387 1877 1472 1912 Ant.
1492 1878 1603 1913 Maria
1625 1877 1778 1911 Saluinus

161 1940 189 1962 a.
208 1929 297 1971 1695.
322 1924 502 1975 descripsit,
528 1927 626 1963 latine
647 1930 827 1969 conuertit,
866 1937 896 1961 et
919 1940 995 1962 cum
1016 1925 1231 1974 Roflgaardio
1252 1930 1521 1964 communicauit.
1583 1927 1674 1963 Idem
1699 1937 1777 1961 vero

161 1976 396 2026 ἀπέγραφον,
421 1978 702 2014 emendationibus
723 1979 918 2013 Saluinianis
939 1980 1014 2013 hinc
1036 1977 1110 2012 inde
1132 1988 1302 2017 ornatum,
1328 1991 1390 2013 vna
1412 1992 1487 2014 cum
1506 1978 1652 2014 verfione
1674 1978 1729 2013 lat.
1744 1979 1778 2012 in

161 2028 255 2064 ltalia
279 2042 352 2064 aere
375 2026 434 2064 suo
456 2029 595 2065 redemit
618 2033 682 2065 Iac.
709 2031 795 2067 Phil.
821 2031 988 2069 Dor-uine,
1026 2030 1080 2077 qui
1101 2030 1180 2063 mihi
1207 2033 1369 2078 Vtriusque
1392 2027 1483 2065 vsum
1510 2029 1671 2066 concessit.
1687 2032 1777 2064 etc.“

164 2080 306 2116 Bondin.
333 2081 354 2115 l.
373 2093 401 2116 c.
427 2093 581 2127 pagqaz
598 2079 642 2128 sq.
666 2084 697 2116 in
720 2091 790 2116 not.
807 2092 836 2116 2.
861 2080 972 2120 tradit,
997 2078 1083 2114 aliud
1108 2079 1296 2116 earumdem
1313 2080 1542 2128 epistolarum,
1567 2082 1694 2116 latinea
1711 2080 1776 2115 Sal·

163 2133 257 2165 vinio
281 2129 477 2166 redditarum
496 2132 670 2173 volumen,
706 2131 801 2180 ipfius
825 2145 924 2166 manu
948 2142 1114 2166 exaratum
1139 2141 1169 2166 et
1190 2131 1419 2171 emendatum,
1455 2136 1486 2167 in
1511 2131 1773 2168 Marucellorum

161 2181 290 2230 publica
319 2183 512 2218 biblio·heca
545 2185 627 2218 inter
653 2186 721 2217 eius
748 2193 861 2218 msstas
886 2181 1015 2217 schedas
1042 2179 1211 2217 adseruari.
1246 2203 1297 2209 —
1338 2184 1402 2216 cod.
1419 2183 1454 2221 C,
1487 2186 1518 2218 in
1545 2183 1625 2232 plut.
1647 2183 1776 2218 XXXII.

165 2232 239 2268 cod.
257 2234 385 2268 ΧΧΧΠ,
411 2233 515 2281 (apud
543 2236 678 2269 Bandin.
697 2235 720 2270 l.
736 2248 762 2269 c.
785 2246 858 2282 pag.
876 2246 948 2279 ¹99·
971 2231 1014 2282 sq.
1040 2244 1230 2268 numeratur
1258 2233 1507 2269 cod.XXXV1·'.
1534 2248 1584 2270 nr.
1599 2235 1645 2277 4.)
1672 2237 1776 2268 conti·
1795 2268 1799 2272 ,

162 2295 219 2319 net
240 2297 313 2331 epp.
337 2285 459 2320 Libanii
485 2287 658 2321 CCXLIX.
681 2296 806 2332 praeter
826 2296 955 2320 mutuas
981 2285 1102 2319 Libanii
1125 2284 1273 2319 efssafilii
1294 2285 1434 2325 lituras,
1460 2286 1532 2319 XX.
1543 2285 1671 2333 reliquis
1689 2297 1776 2332 prae-

161 2333 280 2372 nnss'as.
309 2356 356 2363 -—
383 2338 449 2372 cod.
464 2337 512 2374 D.
529 2339 562 2373 in
588 2337 672 2386 plut.
688 2338 784 2373 LXX.
810 2335 885 2372 cod.
899 2338 984 2372 xm.
1001 2336 1232 2382 compledh'tur
1248 2336 1335 2385 epist.
1348 2337 1564 2373 CCCLXXX.
1580 2340 1613 2372 in
1629 2336 1778 2383 margine

989 2384 1109 2435 Fsfff⁸
1126 2398 1142 2429 3
1575 2397 1774 2424 numeratas.
