2013 2725
240 165 301 200 54⁴
374 151 445 187 Lib.
459 150 527 186 IV.
542 162 564 184 c.
577 149 708 185 XXII.
801 149 1039 188 APOLLONII
1070 150 1211 187 CODD.
1244 150 1386 188 MSSTI

347 249 383 281 In
410 245 483 279 bibl.
508 244 634 280 Veneta
653 246 694 280 D.
712 244 819 279 Marci
842 247 876 280 in
898 244 970 281 cod.
987 246 1251 282 CCCLXXXXI.
1305 240 1664 293 Vitaesslffsophistarumss
1692 252 1756 286 vita
1786 249 1954 300 Apollonii

241 293 413 341 Tyaneus.
435 297 508 332 libr.
526 299 614 332 VIII-
640 316 691 322 --
716 296 790 332 cod.
809 298 1084 334 CCCLXXXXII.
1113 311 1238 346 practer
1259 295 1371 331 eadem
1397 309 1496 345 opera
1521 295 1628 334 insunt
1645 299 1752 335 adhuc
1771 303 1901 338 heroica
1915 309 1956 345 :et

240 351 410 397 imagines.
435 368 483 375 —-
511 352 548 384 In
570 346 645 383 cod.
664 349 783 384 DXIV.
809 349 952 383 Heroica
974 358 1004 383 et
1027 353 1198 397 imaginm.
1226 349 1302 383 teffie·
1323 347 1473 396 catalago
1498 349 1592 384 codd.
1611 363 1659 398 gr.
1685 371 1729 377 —
1756 352 1897 388 Veneriis
1919 355 1955 389 in

239 400 314 435 bibl.
335 399 474 435 monast.
497 401 530 435 S.
547 401 740 443 Michaelis,
766 399 860 444 (teste
879 401 1070 435 Mittorellio
1093 402 1222 444 in'ffbils'.
1245 399 1329 436 illius
1345 413 1421 449 pag.
1438 403 1531 447 896.)
1560 403 1710 446 heroica,
1737 406 1800 438 vita
1818 403 1958 452 Apollo-

240 454 289 489 nii
308 452 380 486 libr.
398 453 487 487 VIII.
514 462 546 486 et
564 453 724 500 imagines
740 464 815 487 cum
834 454 918 487 notis
939 452 1206 488 interlinearibus.

342 540 464 576 Oxonii
479 542 512 574 in
527 538 602 574 bibl.
616 537 751 588 collegii
765 541 843 575 noui
861 537 934 574 cod.
950 540 1167 575 MCCXXIII.
1193 543 1325 581 1coues3
1352 537 1428 575 cod.
1445 539 1652 576 MCCR'XV.
1679 541 1812 577 heroica
1826 549 1858 576 et
1873 542 1957 576 vitae

237 590 464 640 sophistarum.
498 611 549 618 -
584 593 618 626 in
645 591 718 626 bibl.
741 593 959 631 Bai-occiana,
991 590 1064 626 cod.
1082 592 1167 626 CIII.
1192 601 1222 624 et
1245 589 1341 626 codd.
1359 591 1471 626 CXIX.
1488 592 1600 627 CL1X.
1631 591 1724 628 Man.
1741 590 1957 641 Moschopuli

238 644 391 679 colleelio
408 642 539 691 alphab.
559 655 651 679 voce.
672 645 841 678 atticarum
863 656 881 678 e
901 643 1266 691 technologiasslssconum
1288 641 1477 678 Philostrati.
1501 662 1551 670 —
1578 642 1653 679 cod.
1667 645 1810 680 CXXXI.
1828 653 1859 678 et
1875 645 1957 679 inter

238 694 336 731 codd.
356 696 474 736 Laudi,
491 695 712 730 DCLXXXII.
736 698 856 730 icones.
884 715 933 721 —
961 692 1034 729 cod.
1052 695 1088 729 L.
1114 693 1267 736 epistolae
1284 695 1384 729 XXIV.
1400 695 1533 742 priores.
1559 715 1610 721 —-
1633 693 1708 730 cod.
1723 695 1956 732 LXXXXVIH.

235 749 380 783 heroica.
415 766 466 773 --
499 749 532 780 in
562 746 637 782 bibl.
664 747 784 781 Bodlci.
809 743 881 781 cod.
901 746 1204 781 MMCCLXXXX.
1229 758 1278 780 nr.
1293 748 1324 781 6.
1358 744 1504 781 Philossr.
1530 747 1682 781 Lemnius
1703 745 1745 781 de
1771 747 1957 783 charadkere

236 798 458 848 epistolarum.
484 817 535 824 —
565 798 740 844 (ζά]ααῦοηὶ
758 806 908 846 excerpta
929 810 969 833 ex
991 800 1062 833 vitis
1085 795 1311 846 sophistarum,
1334 811 1351 832 a
1373 796 1563 833 Philostrato
1582 796 1790 846 conscriptis,
1817 795 1891 833 fasc.
1908 809 1956 844 43.

236 853 325 900 (pag.
344 841 531 895 265fcatal.
557 847 653 884 codd.
673 849 772 896 Angl.
790 861 820 884 et
838 849 972 884 Hibero.
991 849 1055 885 vol.
1071 851 1095 885 Ι.
1121 851 1155 884 in
1178 862 1244 896 quo
1265 850 1362 884 etiam
1387 847 1482 884 codd.
1505 852 1681 885 memorati
1703 848 1883 897 superiores
1909 851 1957 884 in-

237 902 408 948 dicantur.)
432 921 484 928 -—
513 901 706 944 Cantabria.
727 903 759 934 in
781 900 856 936 coll.
881 902 913 934 S.
927 902 1115 942 Trinitatis,
1141 899 1215 935 cod.
1233 901 1454 936 CCCCLXII.
1484 901 1646 943 Hemica,
1672 900 1780 945 (catal.
1802 914 1903 937 mem.
1916 904 1957 938 11.

235 966 269 1003 p.
286 953 359 998 99.)
386 973 435 978 —
464 955 551 987 Inter
565 950 660 988 codd.
677 949 765 989 Voss'.
792 953 940 1000 (praeter
955 951 1028 987 cod.
1044 953 1126 986 inter
1141 948 1309 986 Leidenses
1323 949 1519 994 laudatum.)
1545 954 1577 986 in
1593 951 1664 986 cod.
1679 953 1958 989 MMDCCXXX.

236 1004 344 1050 (catal.
363 1002 462 1051 Angl.
478 1012 537 1037 etc.
556 1007 596 1039 11.
614 1016 688 1052 pag.
709 1004 780 1047 70.)
816 1002 965 1038 philostr.
987 1004 1146 1050 imagines
1170 1001 1245 1038 edit.
1265 1003 1409 1037 Venetae
1431 1015 1507 1038 cum
1531 1005 1604 1038 MS.
1627 1003 1765 1039 collatae
1786 1016 1884 1039 manu
1905 1004 1958 1046 Fr.

235 1058 333 1093 lunii.
364 1075 416 1083 --
448 1056 486 1089 In
509 1055 583 1089 bibl.
603 1054 763 1091 Iacobaea
793 1053 868 1089 cod.
884 1054 1381 1091 MMMMMMMMDLXVII.
1409 1053 1519 1098 (catal.
1533 1058 1573 1093 Π,
1594 1068 1670 1103 pag.
1686 1056 1772 1099 246.)
1798 1056 1958 1098 Heroica,

236 1109 394 1155 imagines
419 1119 495 1141 curn
517 1103 666 1148 scholiis,
700 1109 782 1141 vitae
802 1104 1041 1155 sophistarum,
1072 1116 1103 1141 et
1126 1105 1198 1141 cod.
1216 1106 1681 1141 MMMMMMMMDLXX.
1722 1107 1813 1142 Tetri
1833 1104 1958 1142 scholia

237 1160 272 1192 in
289 1157 435 1193 Philossr.
451 1160 618 1206 imagines,
647 1179 692 1185 ·—-
721 1162 808 1194 Inter
827 1157 922 1194 codd.
945 1158 1054 1193 Thom.
1073 1158 1164 1205 Gale,
1190 1156 1265 1194 eod.
1280 1157 1752 1195 MMMMMMLXXXXVII.
1777 1158 1870 1208 (pag.
1885 1168 1958 1205 190.

237 1209 260 1245 l.
280 1211 324 1254 c.)
348 1208 502 1256 epistolae
525 1211 722 1246 amatoriae.

344 1299 386 1334 V
384 1300 556 1334 indobonae
578 1302 611 1335 in
631 1299 707 1337 bibl.
729 1297 891 1343 caesarea,
931 1296 1005 1336 eod.
1026 1301 1274 1338 CCLXXXXII.
1302 1313 1351 1336 nr.
1367 1313 1415 1345 ¹7·
1449 1303 1563 1337 Icones
1585 1313 1663 1336 cum
1684 1301 1780 1338 Man.
1797 1297 1957 1337 Moscho·

238 1353 309 1401 puli
327 1349 460 1387 scholiis
477 1363 524 1399 gr.
541 1349 739 1386 interlinear.
755 1360 786 1385 et
802 1352 1033 1398 marginalibus
1057 1352 1322 1400 amplissimoque
1342 1354 1609 1398 commentario,
1636 1363 1667 1388 et
1686 1366 1737 1388 nr.
1754 1364 1797 1386 2¹.
1824 1352 1958 1385 heroica

240 1417 316 1440 cum
332 1400 547 1451 Moschopuli
568 1400 709 1443 scholiis,
725 1402 883 1446 (Lambec.
899 1412 1080 1437 comment.
1095 1402 1163 1438 vol.
1179 1404 1217 1437 V.
1235 1402 1297 1438 col.
1312 1414 1370 1447 529
1385 1412 1416 1437 et
1432 1404 1507 1447 53¹-)
1529 1422 1581 1430 --
1607 1400 1680 1437 cod.
1695 1402 1958 1437 CCLXXXXVI.

239 1469 288 1492 nr.
305 1467 331 1499 5.
358 1452 584 1503 fragmentum
598 1452 640 1489 de
658 1454 844 1490 charadlere
860 1452 1050 1503 epistolico,
1077 1454 1205 1498 (Lamb.
1227 1454 1247 1489 l.
1265 1467 1294 1490 c.
1315 1453 1378 1490 col.
1396 1455 1485 1499 544.)
1509 1473 1559 1481 —
1589 1454 1776 1490 Gudiassum
1791 1451 1865 1489 cod.
1881 1452 1956 1489 bibl.

238 1503 518 1551 Guelferbytanae
541 1505 668 1542 illatum
689 1502 773 1547 esse,
797 1505 919 1542 fabrio.
942 1505 973 1553 ᾗ.
991 1507 1029 1543 V.
1056 1507 1123 1541 iam
1144 1504 1350 1555 significauit,

339 1601 377 1634 In
398 1597 474 1633 bibl.
498 1596 629 1632 eledlor.
656 1597 834 1637 Bauaricn,
868 1595 965 1636 codd,
982 1596 1102 1632 CCXX
1118 1607 1148 1632 et
1165 1598 1309 1633 CCLXI.
1345 1598 1478 1640 Icones,
1505 1594 1687 1633 secundum
1706 1596 1798 1633 catal.
1821 1608 1895 1646 pag.
1912 1602 1958 1637 80

239 1659 269 1685 et
287 1656 334 1696 85.
359 1669 410 1676 —
435 1653 474 1685 In
492 1648 569 1684 bibl.
592 1647 767 1698 Rehdiger.
800 1649 997 1685 Wratislau.
1023 1647 1099 1685 cod.
1124 1651 1208 1685 vitae
1228 1648 1422 1697 Apollonii,
1447 1648 1526 1685 teste
1547 1650 1689 1684 Kranzio
1711 1650 1746 1684 in
1768 1648 1957 1686 Memorab.

238 1701 325 1737 illius
348 1699 494 1734 biblioth.
517 1713 590 1747 pag.
608 1702 661 1740 86.

342 1797 382 1830 In
398 1792 472 1829 bibl.
486 1795 576 1841 regia
593 1793 796 1843 Matritcnfi.
823 1790 895 1830 cod.
911 1794 1024 1829 LXIII.
1051 1791 1205 1842 epistolae
1224 1795 1422 1835 amatoriae,
1451 1795 1586 1838 (Iriarti
1600 1803 1661 1828 cat.
1681 1806 1711 1840 p.
1724 1803 1785 1835 224
1801 1788 1886 1841 sqq.)
1905 1809 1957 1820 -·--

238 1845 310 1883 eod.
326 1846 470 1881 LXXIV.
498 1846 592 1882 Man.
608 1844 808 1892 Mofilzopuli
824 1848 1000 1880 nominum
1019 1848 1191 1880 atticorum
1214 1841 1343 1892 sylloge
1359 1857 1398 1879 ex
1416 1843 1628 1892 technologia
1648 1846 1833 1892 imaginum
1850 1843 1958 1879 Philo-

237 1899 344 1941 strati,
369 1898 497 1942 (Iriart.
520 1908 594 1945 pag.
611 1897 719 1941 270.)‘
736 1915 787 1923 —
817 1895 890 1932 cod.
909 1898 1052 1934 LXXVI.
1083 1898 1231 1932 Heroica
1255 1908 1331 1930 cum
1355 1893 1467 1944 glossis
1490 1898 1572 1930 inter
1596 1893 1726 1941 versus;
1757 1905 1788 1931 et
1808 1893 1958 1931 animad-

238 1948 438 1987 versionibus
462 1945 656 1996 scholiisque
678 1946 718 1983 ad
742 1951 906 1996 margines
928 1945 1070 1996 scriptis:
1097 1946 1208 1983 differt
1226 1946 1391 1982 interdum
1414 1947 1454 1982 ab
1472 1946 1614 1983 editione
1632 1947 1755 1984 Olearii
1776 1957 1806 1982 et
1828 1948 1958 1983 exhibet
2004 1984 2006 1996 s

239 2004 343 2049 capita
361 1999 427 2036 siue
441 2000 566 2042 titulos,
587 2001 729 2036 heroum
744 2000 934 2036 nominibus
951 1998 1126 2036 distinctos.
1149 2019 1202 2026 —-
1227 1997 1309 2044 (vid.
1326 2001 1441 2034 Iriart.
1459 2013 1489 2048 p.
1505 2001 1595 2045 278.)
1619 2019 1669 2026 —
1696 1992 1767 2035 cod
1784 1999 1957 2035 LXXXIV.
2004 2005 2005 2013 ¹

239 2056 348 2103 prima
372 2051 507 2101 epistola
532 2050 571 2086 ad
593 2049 774 2100 Aspafium.
807 2052 940 2099 (Iriart.
965 2065 1040 2100 pag.
1055 2055 1136 2097 345.)
1161 2070 1211 2077 —
1238 2049 1312 2086 cod.
1332 2052 1371 2086 C.
1407 2052 1568 2098 imagines
1595 2060 1626 2086 et
1653 2052 1794 2086 heroica.
1824 2052 1972 2099 incipit:

240 2105 408 2154 προοίμιον
425 2098 574 2154 ἑλλαὸίᾳ
592 2116 669 2139 cum
689 2106 755 2139 iota
773 2101 970 2151 subscripto,
997 2105 1053 2145 ita,
1073 2115 1107 2139 vt
1122 2115 1204 2150 opus
1222 2101 1266 2137 illi
1284 2102 1451 2137 Helladiac
1467 2101 1652 2138 dedicatum
1675 2100 1768 2137 fuisse
1791 2100 1957 2138 videatur:

241 2168 305 2205 qua
320 2153 474 2202 scriptura
496 2163 526 2188 et
547 2154 761 2201 explicatione
783 2154 935 2198 admissa,
961 2168 1031 2190 non
1045 2168 1127 2204 opus
1141 2152 1224 2194 fuit,
1251 2163 1303 2196 vt,
1330 2167 1434 2202 quum
1452 2157 1486 2189 in
1503 2154 1574 2190 aliis
1589 2153 1674 2189 libris
1690 2149 1879 2193 Ἑλλάῶα,
1906 2164 1958 2187 ac-

241 2216 336 2243 centu
358 2208 392 2242 in
414 2204 613 2253 antepenult.
636 2202 756 2250 syllaba
783 2204 912 2254 posito,
949 2204 1104 2254 scriptum
1132 2205 1237 2239 turbas
1262 2206 1435 2243 excitaret,
1467 2206 1617 2239 Olearius
1643 2216 1716 2251 pag.
1735 2205 1808 2247 762.
1833 2213 1905 2240 not.
1923 2215 1962 2247 3.»

241 2268 350 2296 totum
373 2266 514 2293 mutaret
538 2256 682 2292 titulum.
749 2260 912 2306 Imagines
941 2257 1007 2292 alio
1038 2254 1188 2306 prorsus,
1229 2268 1267 2290 ac
1293 2258 1326 2289 in
1348 2253 1491 2294 excusis,
1526 2254 1643 2290 ordine
1669 2252 1855 2303 dispositae,
1887 2267 1961 2291 vno·

241 2322 373 2352 tenore,
400 2309 492 2345 nulla
512 2307 585 2345 libri
608 2307 659 2345 vel
677 2311 776 2358 primi
796 2308 848 2345 vel
867 2306 1001 2346 secundi
1015 2312 1149 2359 ⁸ratione
1170 2307 1297 2351 habita,
1324 2305 1508 2343 decurrunt.
1535 2305 1601 2343 vid.
1617 2307 1733 2342 Iriart.
1747 2319 1823 2357 pag.
1841 2317 1956 2353 39¹-

240 2376 312 2410 394.
341 2361 438 2397 Harl.

1833 2452 1956 2491 Lucem
1996 2480 1997 2486 ,
