2013 2725
218 178 291 213 390
369 158 684 200 LJMVJXIX.
756 159 924 197 GALENI
957 156 1248 198 MEDIciNALts
1280 155 1495 197 SCIENTIA

218 256 354 300 caussis,
379 255 522 293 diuersae
549 253 721 292 sententiae
743 253 898 302 effecere,
928 264 962 291 vt
984 268 1065 292 mox
1086 259 1118 292 in
1142 255 1290 292 curandis
1312 257 1435 292 morbis
1456 269 1525 292 non
1553 254 1594 292 de
1617 257 1814 295 morborum
1837 259 1938 308 origi·

222 311 336 352 nibus,
362 307 416 345 sed
437 307 476 344 de
494 307 679 349 medicinis,
703 307 743 342 ad
763 322 819 344 eos
844 306 1005 343 curandos
1027 306 1169 350 idoneis,
1204 308 1323 344 medici
1346 307 1461 343 fierent
1480 306 1619 343 solliciti.
1688 312 1796 352 Hinc,
1828 310 1939 346 multi-

223 362 344 412 plicata
372 363 471 396 etiam
493 360 563 408 post
585 359 759 395 Alexandri
775 361 893 408 Magni
917 370 1067 408 tempora
1091 359 1409 395 medicamentorum
1430 359 1472 394 ad
1495 363 1628 395 morbos
1649 359 1810 396 curandos
1830 363 1940 410 copia,

222 415 358 449 :auctore
379 412 507 448 Philino
527 413 622 453 Coo,
655 414 711 460 qui
736 414 860 460 primus
886 412 1084 447 medicinam
1106 426 1126 447 a
1150 411 1302 447 rationali
1329 409 1498 460 disciplina
1525 410 1677 452 abscidit,
1709 411 1879 447 occasione
1900 413 1940 447 ab

223 464 437 511 Herophilo,
463 472 674 511 praeceptore
688 461 765 505 suo,
791 474 939 512 accepta,
966 466 1201 511 empiricorum
1223 463 1384 498 medicina
1404 472 1478 498 nata
1500 462 1565 506 est,
1591 461 1694 499 sectae
1712 463 1941 505 nobilissimae,

251 528 309 550 uae
332 514 508 550 Heraclide
533 512 721 563 praesertim
743 516 931 550 Tarentino
953 517 1086 551 auctore
1111 512 1276 558 effecerit,
1314 528 1356 550 ne
1380 516 1490 550 omnis
1517 513 1681 550 medicina
1708 518 1743 550 in
1766 528 1863 550 vanas
1887 523 1943 550 aut

224 530 331 603 iialtim
347 579 465 614 parum
481 567 572 602 vtiles
590 567 881 615 contemplationes
897 568 1015 610 abiret,
1042 577 1139 616 vtque
1156 570 1187 601 in
1206 566 1329 602 morbis
1351 569 1459 601 minus
1479 566 1520 601 ad
1538 565 1659 602 abditas
1680 579 1796 602 eorum
1813 563 1944 610 caussas,

223 631 310 668 quae
330 616 458 666 semper
480 619 653 666 ambiguae
674 629 769 666 atque
792 621 930 654 incertae
955 616 1043 660 sunt,
1070 621 1177 667 magis
1201 617 1240 652 ad
1262 616 1382 652 caussas
1405 631 1524 653 eorum
1544 616 1731 654 manifestas
1746 629 1778 655 et
1793 616 1944 656 sensuum

222 682 291 721 ope
313 669 539 720 percipiendas
564 680 594 705 et
613 668 657 704 >ad
680 670 855 705 medicinas
874 673 910 704 iis
931 669 1129 718 depellendis
1147 670 1293 706 efficaces
1308 667 1525 718 respiceretur.

321 747 443 782 Galerii
466 748 668 796 temporibus
692 743 853 782 sectarum
883 745 1026 782 studium
1054 749 1138 782 inter
1163 745 1310 782 medicos
1336 756 1466 781 tantum
1495 756 1582 788 erat,
1615 755 1651 783 vt
1677 749 1762 782 inter
1782 744 1946 786 medicos.'

225 813 298 836 mon
316 797 418 835 essent
445 797 504 834 nisi
524 797 627 834 sectae
650 795 744 841 suae,
774 808 829 833 aut
852 797 1138 845 dogmaticorum,
1170 809 1225 833 aut
1247 798 1535 840 methodicorum,
1568 808 1624 834 aut
1647 801 1944 846 pneumaticorum,

224 862 284 888 aut
306 851 543 899 empiricorum
567 848 705 894 addicti,
735 859 788 884 aut
815 849 1057 891 Erasistratum,
1090 850 1338 897 Herophilum,
1368 861 1422 885 aut
1452 863 1682 899 quemcunque
1704 852 1805 885 alium
1834 851 1946 884 aucto-

225 916 300 939 oeem
323 900 504 950 sequentes.
565 902 684 949 Neque
707 913 843 942 eorum,
873 903 945 950 qui,
971 903 1135 950 Agathino
1155 904 1306 943 auctore,
1340 901 1473 936 condita
1495 900 1578 936 sec'ia
1601 899 1852 950 episynthetica,
1878 899 1945 936 siue

226 955 379 990 ecleffica
401 956 527 1001 optima
550 964 696 1001 quaeque
717 964 988 1000 quarumcunque
1010 952 1170 989 sectarum
1190 953 1306 1001 placita
1322 955 1356 988 in
1373 951 1554 998 systematis
1578 953 1780 988 cohaerentis
1795 949 1946 990 formam

226 1005 378 1054 redigere
401 1005 571 1046 volebant,
593 1002 728 1039 fortuna
752 1016 874 1051 magna
896 1001 970 1039 fuit.

330 1084 456 1117 Omnes
470 1093 548 1116 vero
567 1082 627 1115 hae
641 1077 745 1115 sectae
763 1079 971 1117 medicorum
988 1094 1006 1116 a
1018 1078 1132 1128 *priscis
1149 1078 1211 1117 suis
1226 1079 1374 1118 institutis
1387 1082 1596 1117 vehementer
1611 1079 1830 1123 desciuerant,
1855 1077 1946 1129 quod

228 1136 381 1182 inprimis
396 1136 543 1168 rIxarum
561 1143 656 1180 atque
674 1135 925 1168 contentionum
949 1131 1054 1167 causs'a
1067 1130 1190 1168 factum
1217 1133 1281 1174 est,
1309 1147 1393 1182 quae
1416 1132 1514 1169 facile
1534 1146 1594 1168 nos
1616 1144 1774 1175 mouent,
1800 1143 1852 1175 vt,
1879 1132 1948 1167 veri

230 1186 381 1235 neglecto
396 1198 530 1226 amore,
557 1185 685 1231 actique
701 1182 860 1218 set-“rarum
876 1183 1016 1232 ipsarum
1034 1183 1158 1224 fludio,
1185 1196 1333 1221 extrema
1359 1199 1507 1235 quaeque
1531 1195 1689 1220 tueamur.
1742 1185 1947 1232 Dogmatici‚

226 1241 286 1287 qui
310 1236 381 1284 post
400 1250 517 1272 eorum
546 1233 686 1277 sectam,
713 1234 849 1270 ducibus
872 1236 1008 1270 medicis
1034 1238 1288 1285 Hippocrateis‚
1324 1248 1492 1279 exortam,
1531 1235 1716 1271 manifestas
1747 1236 1946 1271 morborum

226 1288 349 1325 nausias
367 1291 400 1322 in
417 1301 535 1324 eorum
553 1290 720 1322 curatione
734 1286 924 1322 instituenda
940 1300 1008 1322 non
1024 1288 1244 1336 neglexerant,
1260 1287 1361 1324 miffis
1378 1290 1438 1330 his,
1455 1288 1566 1323 abditis
1582 1299 1708 1323 tantum
1725 1288 1946 1328 inhaerebant,

228 1342 338 1390 prouti
357 1352 408 1375 eas
426 1341 632 1375 ratiocinium
650 1336 889 1385 suppeditabat:
917 1341 996 1373 hinc
1019 1339 1107 1387 pleni
1125 1353 1241 1375 eorum
1260 1340 1333 1375 libri
1358 1340 1477 1375 fiebant
1491 1340 1743 1382 definitionum,
1769 1338 1948 1374 d'istinc‘lio-

227 1406 332 1432 num,
365 1391 641 1439 explicationum,
674 1387 904 1425 subtilitatum:
938 1389 1026 1425 idem
1051 1388 1232 1426 subtilitatis
1259 1402 1289 1427 et
1310 1395 1343 1426 in
1364 1390 1554 1427 definiendo
1579 1401 1609 1426 et
1633 1388 1860 1437 distinguendo
1886 1388 1948 1425 ssu-

228 1444 344 1486 dium,
372 1456 438 1491 quo
462 1443 661 1491 pneumatici
685 1441 824 1482 medici,
852 1442 1034 1477 stoicorum
1057 1441 1267 1491 philosophia
1291 1441 1398 1484 ducti,
1435 1444 1672 1483 inclaruerunt,
1700 1439 1826 1482 effecit,
1853 1451 1886 1476 vt
1905 1452 1947 1477 ne

229 1496 374 1530 Galenus
390 1494 542 1543 quidem,
565 1492 622 1528 etsi
643 1490 736 1528 senex
752 1506 789 1527 ac
805 1506 932 1541 magno
949 1497 1081 1542 ingenio
1101 1495 1284 1541 praeditus,
1311 1508 1349 1529 ac
1366 1497 1399 1528 in
1413 1495 1555 1529 lectione
1577 1495 1736 1529 librorum
1762 1496 1828 1529 eius
1844 1490 1947 1529 festae

230 1546 404 1595 diligenter
420 1544 576 1585 versatus,
603 1544 701 1579 libros
717 1558 831 1580 omnes
850 1546 889 1580 ab
907 1547 1091 1593 Archigene
1104 1544 1235 1594 scriptos
1251 1544 1357 1594 posset
1377 1545 1557 1594 intelligere
1569 1548 1625 1591 3³).
1671 1543 1948 1581 Methodieorum

231 1597 335 1639 secta,
361 1595 520 1633 Thessalo
535 1596 711 1631 Tralliano
726 1598 878 1640 auctore,
902 1596 982 1632 alios
1000 1596 1148 1632 medicos
1171 1611 1285 1633 omnes
1310 1601 1496 1647 vituperans
1519 1608 1549 1632 et
1574 1594 1642 1632 sola
1667 1596 1723 1632 sibi
1744 1595 1853 1645 sapere
1869 1592 1946 1636 visa.

228 1649 521 1686 ‚communitatibus
537 1646 599 1682 suis
617 1645 678 1682 sese
694 1649 897 1689 continebat,
921 1648 1190 1697 medicinalisque
1209 1647 1357 1684 scientiae
1379 1647 1636 1698 suppellec‘lilem
1662 1660 1729 1684 tam
1753 1659 1880 1683 curtam
1902 1644 1949 1682 ef-

232 1702 381 1741 ficiebat,
407 1711 439 1734 vt
461 1698 565 1741 idem,
594 1712 694 1746 quem
709 1699 795 1741 dixi,
821 1698 994 1734 Thefl'alus
1010 1698 1040 1735 se
1055 1713 1219 1749 quemque
1240 1698 1292 1736 sex
1311 1700 1476 1736 mensium
1497 1698 1600 1750 spatio
1624 1701 1791 1736 medicum
1815 1697 1948 1747 effeclu-
1993 1721 1995 1724 <

230 1765 320 1796 rum,
338 1752 481 1801 profiteri
501 1749 586 1785 haud
603 1750 770 1787 dubitaret.
824 1752 981 1798 Empirici
998 1754 1093 1786 ctiam
1111 1767 1129 1786 a
1142 1750 1248 1799 prisco
1267 1751 1324 1787 suo
1342 1752 1504 1790 instituto,
1531 1765 1639 1800 eoque
1654 1750 1868 1793 nobilissimo,
1891 1749 1947 1785 de-

231 1804 407 1842 flexerant:
434 1806 491 1838 rati
508 1805 608 1844 enim,
623 1801 862 1837 medicamenta
877 1805 1074 1838 morborum
1091 1801 1183 1838 causa
1199 1804 1341 1846 existere,
1361 1806 1421 1845 his,
1437 1817 1506 1839 non
1522 1816 1600 1839 vero
1616 1805 1751 1845 morbis,
1769 1802 1949 1838 studebant:

335 1881 444 1915 Multa
469 1889 580 1915 tamen
605 1881 703 1914 etiam
730 1881 933 1914 incrementa
954 1880 1153 1915 medicinam
1185 1877 1301 1929 cepisse
1322 1881 1542 1929 temporibus,
1577 1881 1691 1928 quibus
1714 1880 1855 1915 Galenus
1877 1881 1947 1914 ani-

230 1946 329 1970 mum
344 1932 383 1966 ad
399 1945 471 1966 eam
486 1930 658 1979 applicuit,
686 1943 755 1965 non
776 1929 963 1978 negandum
986 1931 1042 1968 ess.
1093 1936 1277 1973 Anatonie,
1311 1932 1483 1967 Asiliotele
1506 1943 1600 1979 atque
1623 1930 1812 1980 Herophilo
1834 1931 1947 1966 audio-

228 1986 316 2020 ribus
333 1987 478 2032 primum
496 1992 586 2024 nata,
614 1994 731 2029 regum
758 1983 1023 2018 Ptolemaeorum
1048 1981 1153 2017 studio
1179 1984 1388 2019 vehementer
1409 1984 1534 2024 adiuta,
1562 1982 1778 2018 Alexandriae
1799 1984 1946 2019 maxime

230 2035 362 2078 floruit,
389 2048 469 2069 mox
495 2034 680 2069 {rudioribus
696 2035 854 2077 Marino,
880 2033 969 2069 Ruso
987 2032 1147 2083 Ephesm,
1175 2037 1320 2082 Qinto,
1350 2038 1462 2080 Lyco,
1479 2036 1628 2078 ·Satyro,
1654 2033 1849 2070 Numisiano
1877 2031 1947 2068 sub-

227 2086 317 2122 tilius
333 2086 417 2121 culta
435 2085 489 2121 est.
543 2084 795 2133 Padxologhxm,
820 2088 995 2121 ratiociniis
1017 2085 1225 2121 medicorum
1243 2086 1508 2135 dogmaticorutn
1531 2090 1676 2122 maxime
1697 2087 1847 2130 auctam,
1868 2083 1946 2119 dila-

226 2148 337 2173 tarunt
353 2140 431 2172 noui
449 2135 605 2185 permulti
621 2138 744 2178 morbi,
758 2150 796 2171 ex
816 2135 924 2172 Africa
939 2141 970 2172 in
988 2138 1112 2174 ltaliam
1128 2137 1236 2172 relati:
1262 2138 1491 2173 medicinalem
1509 2150 1589 2171 vero
1613 2141 1784 2172 materiam
1810 2145 1841 2171 et
1861 2147 1946 2170 mer-

230 2200 361 2229 catura,
388 2202 470 2237 quae
487 2189 646 2223 Romanis
663 2200 739 2222 cum
758 2187 827 2222 aliis
844 2191 990 2234 gentibus
1014 2192 1062 2224 liis
1085 2189 1286 2237 temporibus
1310 2187 1446 2237 copiosa
1458 2198 1544 2230 erat,
1567 2198 1597 2223 et
1620 2190 1857 2236 empiricorum
1883 2186 1945 2222 ssu-

230 2241 335 2280 dium,
352 2239 442 2289 quod
457 2241 641 2274 maximum
661 2249 728 2273 erat
744 2242 776 2273 in
792 2240 1111 2277 medicamentorum
1130 2251 1244 2274 natura
1261 2241 1469 2289 exquirenda.
1505 2242 1654 2276 Contulit
1679 2243 1774 2274 etiam
1792 2238 1830 2274 ad
1850 2251 1944 2273 vene-

230 2305 355 2330 norum
371 2301 403 2327 et
418 2290 645 2327 antidotorum
662 2289 734 2340 post
751 2290 906 2328 Nicandri
924 2304 956 2329 et
970 2290 1169 2340 Mithridatis
1185 2301 1335 2343 tempora
1347 2301 1500 2339 naturam
1510 2290 1751 2343 ‚exquirendam
1775 2292 1942 2337 ingenium

1769 2343 1942 2380 Romano-

270 2441 335 2482 ξς)
358 2439 462 2476 Galen.
476 2439 511 2471 de
527 2438 583 2474 loc.
602 2437 706 2473 adfeet.
722 2438 773 2483 ΠΙ),
788 2441 825 2473 11.
842 2450 902 2484 cap.
917 2452 946 2478 9.
