<?xml version="1.0" encoding="UTF-8"?>
<!DOCTYPE html PUBLIC "-//W3C//DTD XHTML 1.0 Transitional//EN"
    "http://www.w3.org/TR/xhtml1/DTD/xhtml1-transitional.dtd">
<html xmlns="http://www.w3.org/1999/xhtml" xml:lang="en" lang="en">
 <head>
  <title>
</title>
<meta http-equiv="Content-Type" content="text/html;charset=utf-8" />
  <meta name='ocr-system' content='tesseract 3.04.00' />
  <meta name='ocr-capabilities' content='ocr_page ocr_carea ocr_par ocr_line ocrx_word'/>
</head>
<body>
  <div class='ocr_page' id='page_1' title='image "./bibliothecagraec05fabruoft_0297.png"; bbox 0 0 2049 2720; ppageno 0'>
   <div class='ocr_carea' id='block_1_1' title="bbox 329 152 1800 214">
    <p class='ocr_par' dir='ltr' id='par_1_1' title="bbox 329 152 1800 214">
     <span class='ocr_line' id='line_1_1' title="bbox 329 152 1800 214; baseline 0.005 -19"><span class='ocrx_word' id='word_1_1' title='bbox 329 157 513 195; x_wconf 81' lang='lat' dir='ltr'>CLAVDII</span> <span class='ocrx_word' id='word_1_2' title='bbox 544 152 817 195; x_wconf 78' lang='lat' dir='ltr'>PTOLEMAEI</span> <span class='ocrx_word' id='word_1_3' title='bbox 845 155 970 195; x_wconf 81' lang='lat' dir='ltr'>ED1T.</span> <span class='ocrx_word' id='word_1_4' title='bbox 1001 155 1321 195; x_wconf 80' lang='lat' dir='ltr'>GEOGRAPHIAE</span> <span class='ocrx_word' id='word_1_5' title='bbox 1372 160 1442 197; x_wconf 77' lang='lat' dir='ltr'>Lib.</span> <span class='ocrx_word' id='word_1_6' title='bbox 1456 161 1528 202; x_wconf 88' lang='lat' dir='ltr'>IV.</span> <span class='ocrx_word' id='word_1_7' title='bbox 1541 175 1566 200; x_wconf 87' lang='lat' dir='ltr'>c.</span> <span class='ocrx_word' id='word_1_8' title='bbox 1580 162 1689 201; x_wconf 85' lang='lat' dir='ltr'>XVI.</span> <span class='ocrx_word' id='word_1_9' title='bbox 1743 179 1800 214; x_wconf 85' lang='lat'>275</span> 
     </span>
    </p>
   </div>
   <div class='ocr_carea' id='block_1_2' title="bbox 19 251 1796 766">
    <p class='ocr_par' dir='ltr' id='par_1_2' title="bbox 19 251 1796 509">
     <span class='ocr_line' id='line_1_2' title="bbox 84 251 1796 307; baseline 0.002 -17"><span class='ocrx_word' id='word_1_10' title='bbox 84 265 168 304; x_wconf 75' lang='lat' dir='ltr'>quos</span> <span class='ocrx_word' id='word_1_11' title='bbox 188 264 252 302; x_wconf 89' lang='lat' dir='ltr'>ego</span> <span class='ocrx_word' id='word_1_12' title='bbox 271 254 368 288; x_wconf 87' lang='lat' dir='ltr'>citaui</span> <span class='ocrx_word' id='word_1_13' title='bbox 391 255 426 288; x_wconf 89' lang='lat' dir='ltr'>in</span> <span class='ocrx_word' id='word_1_14' title='bbox 446 252 570 288; x_wconf 83' lang='lat' dir='ltr'>Introd.</span> <span class='ocrx_word' id='word_1_15' title='bbox 588 252 608 288; x_wconf 89' lang='lat' dir='ltr'>l.</span> <span class='ocrx_word' id='word_1_16' title='bbox 623 266 652 289; x_wconf 87' lang='lat' dir='ltr'>c.</span> <span class='ocrx_word' id='word_1_17' title='bbox 675 265 752 301; x_wconf 82' lang='lat' dir='ltr'>pag.</span> <span class='ocrx_word' id='word_1_18' title='bbox 769 264 831 298; x_wconf 76' lang='grc'><strong>145.</strong></span> <span class='ocrx_word' id='word_1_19' title='bbox 883 251 1053 301; x_wconf 82' lang='lat' dir='ltr'>Qaedam</span> <span class='ocrx_word' id='word_1_20' title='bbox 1079 253 1278 302; x_wconf 82' lang='lat' dir='ltr'>exemplaria</span> <span class='ocrx_word' id='word_1_21' title='bbox 1299 251 1373 289; x_wconf 84' lang='lat' dir='ltr'>sunt</span> <span class='ocrx_word' id='word_1_22' title='bbox 1395 257 1606 294; x_wconf 79' lang='lat' dir='ltr'>membranae</span> <span class='ocrx_word' id='word_1_23' title='bbox 1626 258 1796 307; x_wconf 73' lang='lat' dir='ltr'>impressa:</span> 
     </span>
     <span class='ocr_line' id='line_1_3' title="bbox 84 302 1794 359; baseline 0.004 -18"><span class='ocrx_word' id='word_1_24' title='bbox 84 315 190 341; x_wconf 81' lang='lat' dir='ltr'>textus</span> <span class='ocrx_word' id='word_1_25' title='bbox 209 314 341 347; x_wconf 85' lang='lat' dir='ltr'>autem,</span> <span class='ocrx_word' id='word_1_26' title='bbox 368 307 424 353; x_wconf 87' lang='lat' dir='ltr'>qui</span> <span class='ocrx_word' id='word_1_27' title='bbox 445 308 561 353; x_wconf 89' lang='lat' dir='ltr'>purior</span> <span class='ocrx_word' id='word_1_28' title='bbox 584 314 681 351; x_wconf 85' lang='lat' dir='ltr'>atque</span> <span class='ocrx_word' id='word_1_29' title='bbox 705 307 929 351; x_wconf 84' lang='lat' dir='ltr'>incorruptior</span> <span class='ocrx_word' id='word_1_30' title='bbox 951 302 1014 339; x_wconf 79' lang='lat' dir='ltr'>effe</span> <span class='ocrx_word' id='word_1_31' title='bbox 1033 303 1169 348; x_wconf 84' lang='lat' dir='ltr'>dicitur,</span> <span class='ocrx_word' id='word_1_32' title='bbox 1195 308 1229 339; x_wconf 88' lang='lat' dir='ltr'>in</span> <span class='ocrx_word' id='word_1_33' title='bbox 1253 305 1364 341; x_wconf 89' lang='lat' dir='ltr'>multis</span> <span class='ocrx_word' id='word_1_34' title='bbox 1385 306 1464 342; x_wconf 90' lang='lat' dir='ltr'>locis</span> <span class='ocrx_word' id='word_1_35' title='bbox 1481 307 1636 359; x_wconf 82' lang='lat' dir='ltr'>discrepat</span> <span class='ocrx_word' id='word_1_36' title='bbox 1658 312 1696 346; x_wconf 89' lang='lat' dir='ltr'>ab</span> <span class='ocrx_word' id='word_1_37' title='bbox 1720 311 1794 347; x_wconf 86' lang='lat' dir='ltr'>edit.</span> 
     </span>
     <span class='ocr_line' id='line_1_4' title="bbox 81 353 1794 408; baseline 0.004 -16"><span class='ocrx_word' id='word_1_38' title='bbox 81 357 256 398; x_wconf 74' lang='lat' dir='ltr'>Romana,</span> <span class='ocrx_word' id='word_1_39' title='bbox 281 364 413 398; x_wconf 81' lang='lat' dir='ltr'>a.1478.</span> <span class='ocrx_word' id='word_1_40' title='bbox 465 357 504 391; x_wconf 88' lang='lat' dir='ltr'>In</span> <span class='ocrx_word' id='word_1_41' title='bbox 526 355 716 391; x_wconf 87' lang='lat' dir='ltr'>Vindobon.</span> <span class='ocrx_word' id='word_1_42' title='bbox 740 355 939 391; x_wconf 76' lang='lat' dir='ltr'>bibliotheca</span> <span class='ocrx_word' id='word_1_43' title='bbox 963 353 1119 391; x_wconf 82' lang='lat' dir='ltr'>Caesarea</span> <span class='ocrx_word' id='word_1_44' title='bbox 1141 355 1319 393; x_wconf 79' lang='lat' dir='ltr'>custoditur</span> <span class='ocrx_word' id='word_1_45' title='bbox 1343 359 1529 408; x_wconf 75' lang='lat' dir='ltr'>exemplar,</span> <span class='ocrx_word' id='word_1_46' title='bbox 1559 361 1669 396; x_wconf 83' lang='lat' dir='ltr'>multis</span> <span class='ocrx_word' id='word_1_47' title='bbox 1692 362 1794 398; x_wconf 87' lang='lat' dir='ltr'>adno-</span> 
     </span>
     <span class='ocr_line' id='line_1_5' title="bbox 80 405 1793 461; baseline 0.002 -17"><span class='ocrx_word' id='word_1_48' title='bbox 80 409 256 444; x_wconf 83' lang='lat' dir='ltr'>tationibus</span> <span class='ocrx_word' id='word_1_49' title='bbox 274 406 500 447; x_wconf 62' lang='lat' dir='ltr'>Iasi-sionni,</span> <span class='ocrx_word' id='word_1_50' title='bbox 528 408 642 454; x_wconf 87' lang='lat' dir='ltr'>quibus</span> <span class='ocrx_word' id='word_1_51' title='bbox 665 416 695 442; x_wconf 88' lang='lat' dir='ltr'>et</span> <span class='ocrx_word' id='word_1_52' title='bbox 714 415 816 442; x_wconf 87' lang='lat' dir='ltr'>textus</span> <span class='ocrx_word' id='word_1_53' title='bbox 835 416 866 442; x_wconf 88' lang='lat' dir='ltr'>et</span> <span class='ocrx_word' id='word_1_54' title='bbox 886 406 1013 442; x_wconf 84' lang='lat' dir='ltr'>tabulae</span> <span class='ocrx_word' id='word_1_55' title='bbox 1035 405 1267 451; x_wconf 84' lang='lat' dir='ltr'>emendantur,</span> <span class='ocrx_word' id='word_1_56' title='bbox 1296 412 1439 457; x_wconf 86' lang='lat' dir='ltr'>margini</span> <span class='ocrx_word' id='word_1_57' title='bbox 1461 409 1637 461; x_wconf 81' lang='lat' dir='ltr'>adscriptis.</span> <span class='ocrx_word' id='word_1_58' title='bbox 1664 433 1715 439; x_wconf 90' lang='lat'>—-</span> <span class='ocrx_word' id='word_1_59' title='bbox 1743 414 1793 448; x_wconf 84' lang='lat' dir='ltr'>Ab</span> 
     </span>
     <span class='ocr_line' id='line_1_6' title="bbox 19 457 1794 509; baseline 0.001 -14"><span class='ocrx_word' id='word_1_60' title='bbox 19 503 24 506; x_wconf 25' lang='grc' dir='ltr'><strong>Α</strong></span> <span class='ocrx_word' id='word_1_61' title='bbox 78 459 136 506; x_wconf 86' lang='lat' dir='ltr'>illa</span> <span class='ocrx_word' id='word_1_62' title='bbox 156 472 273 509; x_wconf 86' lang='lat' dir='ltr'>parum</span> <span class='ocrx_word' id='word_1_63' title='bbox 298 467 352 493; x_wconf 86' lang='lat' dir='ltr'>aut</span> <span class='ocrx_word' id='word_1_64' title='bbox 372 459 456 494; x_wconf 80' lang='lat' dir='ltr'>nihil</span> <span class='ocrx_word' id='word_1_65' title='bbox 478 457 586 494; x_wconf 75' lang='lat' dir='ltr'>differt</span> <span class='ocrx_word' id='word_1_66' title='bbox 605 458 704 494; x_wconf 88' lang='lat' dir='ltr'>altera</span> <span class='ocrx_word' id='word_1_67' title='bbox 727 459 768 494; x_wconf 92' lang='lat' dir='ltr'><em>V</em></span> <span class='ocrx_word' id='word_1_68' title='bbox 765 458 886 506; x_wconf 75' lang='lat' dir='ltr'>lmeusls</span> <span class='ocrx_word' id='word_1_69' title='bbox 906 457 1029 497; x_wconf 88' lang='lat' dir='ltr'>editio,</span> <span class='ocrx_word' id='word_1_70' title='bbox 1067 471 1161 504; x_wconf 78' lang='lat' dir='ltr'>opera</span> <span class='ocrx_word' id='word_1_71' title='bbox 1185 465 1216 493; x_wconf 77' lang='lat' dir='ltr'>et</span> <span class='ocrx_word' id='word_1_72' title='bbox 1236 462 1369 509; x_wconf 77' lang='lat' dir='ltr'>expenfis</span> <span class='ocrx_word' id='word_1_73' title='bbox 1389 461 1467 507; x_wconf 76' lang='lat' dir='ltr'>Iusti</span> <span class='ocrx_word' id='word_1_74' title='bbox 1486 464 1524 497; x_wconf 77' lang='lat' dir='ltr'>dc</span> <span class='ocrx_word' id='word_1_75' title='bbox 1544 465 1672 498; x_wconf 82' lang='lat' dir='ltr'>Albano</span> <span class='ocrx_word' id='word_1_76' title='bbox 1688 462 1710 509; x_wconf 68' lang='lat'>⁶)</span> <span class='ocrx_word' id='word_1_77' title='bbox 1738 465 1794 501; x_wconf 76' lang='lat' dir='ltr'>De</span> 
     </span>
    </p>

    <p class='ocr_par' dir='ltr' id='par_1_3' title="bbox 72 507 1793 766">
     <span class='ocr_line' id='line_1_7' title="bbox 79 507 1793 561; baseline 0.002 -16"><span class='ocrx_word' id='word_1_78' title='bbox 79 510 237 547; x_wconf 71' lang='lat' dir='ltr'>Venetiis.</span> <span class='ocrx_word' id='word_1_79' title='bbox 263 511 335 545; x_wconf 78' lang='lat' dir='ltr'>Per</span> <span class='ocrx_word' id='word_1_80' title='bbox 346 510 545 556; x_wconf 70' lang='lat' dir='ltr'>prouifiarem</span> <span class='ocrx_word' id='word_1_81' title='bbox 561 513 611 546; x_wconf 92' lang='lat' dir='ltr'>Jo.</span> <span class='ocrx_word' id='word_1_82' title='bbox 627 512 743 556; x_wconf 80' lang='lat' dir='ltr'>Reger.</span> <span class='ocrx_word' id='word_1_83' title='bbox 770 512 862 552; x_wconf 85' lang='grc'><strong>1486.</strong></span> <span class='ocrx_word' id='word_1_84' title='bbox 886 513 963 546; x_wconf 86' lang='lat' dir='ltr'>mai.</span> <span class='ocrx_word' id='word_1_85' title='bbox 982 507 1042 545; x_wconf 88' lang='lat' dir='ltr'>fol.</span> <span class='ocrx_word' id='word_1_86' title='bbox 1071 509 1134 546; x_wconf 83' lang='lat' dir='ltr'>vid.</span> <span class='ocrx_word' id='word_1_87' title='bbox 1152 511 1283 547; x_wconf 79' lang='lat' dir='ltr'>Panzer</span> <span class='ocrx_word' id='word_1_88' title='bbox 1299 513 1352 547; x_wconf 85' lang='lat'>111.</span> <span class='ocrx_word' id='word_1_89' title='bbox 1371 525 1446 561; x_wconf 88' lang='lat' dir='ltr'>pag.</span> <span class='ocrx_word' id='word_1_90' title='bbox 1463 518 1530 558; x_wconf 85' lang='lat'>536.</span> <span class='ocrx_word' id='word_1_91' title='bbox 1558 516 1793 550; x_wconf 79' lang='lat' dir='ltr'>Mittarellium</span> 
     </span>
     <span class='ocr_line' id='line_1_8' title="bbox 74 559 1793 616; baseline 0.001 -19"><span class='ocrx_word' id='word_1_92' title='bbox 74 562 112 597; x_wconf 85' lang='lat' dir='ltr'>in</span> <span class='ocrx_word' id='word_1_93' title='bbox 133 560 272 611; x_wconf 87' lang='lat' dir='ltr'>adpend.</span> <span class='ocrx_word' id='word_1_94' title='bbox 292 560 364 597; x_wconf 85' lang='lat' dir='ltr'>libr.</span> <span class='ocrx_word' id='word_1_95' title='bbox 388 559 465 596; x_wconf 88' lang='lat' dir='ltr'>sace.</span> <span class='ocrx_word' id='word_1_96' title='bbox 481 564 550 597; x_wconf 88' lang='lat' dir='ltr'>XV.</span> <span class='ocrx_word' id='word_1_97' title='bbox 565 560 606 596; x_wconf 89' lang='lat' dir='ltr'>ad</span> <span class='ocrx_word' id='word_1_98' title='bbox 620 561 771 600; x_wconf 87' lang='lat' dir='ltr'>Biblioth.</span> <span class='ocrx_word' id='word_1_99' title='bbox 786 562 890 597; x_wconf 83' lang='lat' dir='ltr'>MSS.&#39;</span> <span class='ocrx_word' id='word_1_100' title='bbox 903 561 1041 597; x_wconf 82' lang='lat' dir='ltr'>monast.</span> <span class='ocrx_word' id='word_1_101' title='bbox 1063 563 1093 597; x_wconf 92' lang='lat' dir='ltr'>S.</span> <span class='ocrx_word' id='word_1_102' title='bbox 1108 562 1265 597; x_wconf 86' lang='lat' dir='ltr'>Miehacl.</span> <span class='ocrx_word' id='word_1_103' title='bbox 1283 564 1395 598; x_wconf 90' lang='lat' dir='ltr'>Venet.</span> <span class='ocrx_word' id='word_1_104' title='bbox 1409 577 1484 613; x_wconf 84' lang='lat' dir='ltr'>pag.</span> <span class='ocrx_word' id='word_1_105' title='bbox 1503 572 1564 609; x_wconf 85' lang='lat'>387</span> <span class='ocrx_word' id='word_1_106' title='bbox 1583 564 1648 616; x_wconf 83' lang='lat' dir='ltr'>sqq.</span> <span class='ocrx_word' id='word_1_107' title='bbox 1676 567 1793 602; x_wconf 72' lang='lat' dir='ltr'>Raidel</span> 
     </span>
     <span class='ocr_line' id='line_1_9' title="bbox 74 610 1792 662; baseline 0.003 -15"><span class='ocrx_word' id='word_1_108' title='bbox 74 622 151 661; x_wconf 77' lang='lat' dir='ltr'>pag.</span> <span class='ocrx_word' id='word_1_109' title='bbox 167 624 219 659; x_wconf 90' lang='lat'>49.</span> <span class='ocrx_word' id='word_1_110' title='bbox 242 610 488 656; x_wconf 85' lang='lat' dir='ltr'>animaduertit,</span> <span class='ocrx_word' id='word_1_111' title='bbox 521 611 640 648; x_wconf 89' lang='lat' dir='ltr'>eodem</span> <span class='ocrx_word' id='word_1_112' title='bbox 663 625 794 662; x_wconf 89' lang='lat' dir='ltr'>quoque</span> <span class='ocrx_word' id='word_1_113' title='bbox 821 626 909 648; x_wconf 88' lang='lat' dir='ltr'>anno</span> <span class='ocrx_word' id='word_1_114' title='bbox 936 622 1064 662; x_wconf 86' lang='lat' dir='ltr'>praeter</span> <span class='ocrx_word' id='word_1_115' title='bbox 1085 615 1335 662; x_wconf 85' lang='lat' dir='ltr'>Geographiam</span> <span class='ocrx_word' id='word_1_116' title='bbox 1358 617 1472 650; x_wconf 86' lang='lat' dir='ltr'>omnia</span> <span class='ocrx_word' id='word_1_117' title='bbox 1492 617 1601 661; x_wconf 75' lang='lat' dir='ltr'>Opera</span> <span class='ocrx_word' id='word_1_118' title='bbox 1621 619 1792 653; x_wconf 72' lang='lat' dir='ltr'><em>Ptolemaei</em></span> 
     </span>
     <span class='ocr_line' id='line_1_10' title="bbox 72 661 1792 711; baseline 0.002 -14"><span class='ocrx_word' id='word_1_119' title='bbox 72 664 197 700; x_wconf 84' lang='lat' dir='ltr'>ibidem</span> <span class='ocrx_word' id='word_1_120' title='bbox 214 661 308 699; x_wconf 81' lang='lat' dir='ltr'>fuiss‘e</span> <span class='ocrx_word' id='word_1_121' title='bbox 322 661 447 702; x_wconf 81' lang='lat' dir='ltr'>excusa.</span> <span class='ocrx_word' id='word_1_122' title='bbox 472 685 523 691; x_wconf 93' lang='lat'><em>-</em></span> <span class='ocrx_word' id='word_1_123' title='bbox 546 665 633 700; x_wconf 85' lang='lat' dir='ltr'>Libri</span> <span class='ocrx_word' id='word_1_124' title='bbox 655 665 734 700; x_wconf 71' lang='lat' dir='ltr'>oc&#39;io</span> <span class='ocrx_word' id='word_1_125' title='bbox 755 677 831 700; x_wconf 89' lang='lat' dir='ltr'>cum</span> <span class='ocrx_word' id='word_1_126' title='bbox 853 664 935 700; x_wconf 84' lang='lat' dir='ltr'>tabb.</span> <span class='ocrx_word' id='word_1_127' title='bbox 951 677 1000 708; x_wconf 81' lang='lat'>27.</span> <span class='ocrx_word' id='word_1_128' title='bbox 1020 678 1060 700; x_wconf 88' lang='lat' dir='ltr'>ex</span> <span class='ocrx_word' id='word_1_129' title='bbox 1075 663 1148 702; x_wconf 76' lang='lat' dir='ltr'>edit.</span> <span class='ocrx_word' id='word_1_130' title='bbox 1165 678 1303 701; x_wconf 87' lang='lat' dir='ltr'>romana</span> <span class='ocrx_word' id='word_1_131' title='bbox 1316 680 1344 701; x_wconf 82' lang='lat' dir='ltr'>a.</span> <span class='ocrx_word' id='word_1_132' title='bbox 1362 673 1453 711; x_wconf 82' lang='lat'>1478.</span> <span class='ocrx_word' id='word_1_133' title='bbox 1478 668 1555 702; x_wconf 89' lang='lat' dir='ltr'>hinc</span> <span class='ocrx_word' id='word_1_134' title='bbox 1572 667 1668 708; x_wconf 77' lang='lat' dir='ltr'>inde,</span> <span class='ocrx_word' id='word_1_135' title='bbox 1694 679 1728 704; x_wconf 88' lang='lat' dir='ltr'>vt</span> <span class='ocrx_word' id='word_1_136' title='bbox 1743 673 1792 704; x_wconf 75' lang='lat' dir='ltr'>vi-</span> 
     </span>
     <span class='ocr_line' id='line_1_11' title="bbox 74 713 1792 766; baseline 0.005 -16"><span class='ocrx_word' id='word_1_137' title='bbox 74 713 186 757; x_wconf 85' lang='lat' dir='ltr'>detur,</span> <span class='ocrx_word' id='word_1_138' title='bbox 218 714 381 752; x_wconf 83' lang='lat' dir='ltr'>emendati</span> <span class='ocrx_word' id='word_1_139' title='bbox 403 714 594 764; x_wconf 85' lang='lat' dir='ltr'>prodierunt</span> <span class='ocrx_word' id='word_1_140' title='bbox 614 717 752 760; x_wconf 75' lang='lat' dir='ltr'>Romae,</span> <span class='ocrx_word' id='word_1_141' title='bbox 783 725 850 752; x_wconf 84' lang='lat' dir='ltr'>arte</span> <span class='ocrx_word' id='word_1_142' title='bbox 873 729 911 752; x_wconf 84' lang='lat' dir='ltr'>ac</span> <span class='ocrx_word' id='word_1_143' title='bbox 933 714 1196 766; x_wconf 12' lang='lat' dir='ltr'>impenfisbPetri</span> <span class='ocrx_word' id='word_1_144' title='bbox 1212 715 1252 752; x_wconf 87' lang='lat' dir='ltr'>de</span> <span class='ocrx_word' id='word_1_145' title='bbox 1266 718 1388 753; x_wconf 86' lang='lat' dir='ltr'>Turre.</span> <span class='ocrx_word' id='word_1_146' title='bbox 1415 730 1509 764; x_wconf 84' lang='lat'>1490.</span> <span class='ocrx_word' id='word_1_147' title='bbox 1535 716 1596 756; x_wconf 90' lang='lat' dir='ltr'>fol.</span> <span class='ocrx_word' id='word_1_148' title='bbox 1612 722 1691 757; x_wconf 82' lang='lat' dir='ltr'>mai.</span> <span class='ocrx_word' id='word_1_149' title='bbox 1723 720 1792 759; x_wconf 83' lang='lat' dir='ltr'>vid.</span> 
     </span>
    </p>
   </div>
   <div class='ocr_carea' id='block_1_3' title="bbox 72 765 500 817">
    <p class='ocr_par' dir='ltr' id='par_1_4' title="bbox 72 765 500 817">
     <span class='ocr_line' id='line_1_12' title="bbox 72 765 500 817; baseline 0.002 -15"><span class='ocrx_word' id='word_1_150' title='bbox 72 766 209 804; x_wconf 76' lang='lat' dir='ltr'>Panzer</span> <span class='ocrx_word' id='word_1_151' title='bbox 223 767 263 801; x_wconf 84' lang='lat'>11.</span> <span class='ocrx_word' id='word_1_152' title='bbox 279 779 355 816; x_wconf 84' lang='lat' dir='ltr'>pag.</span> <span class='ocrx_word' id='word_1_153' title='bbox 372 780 438 816; x_wconf 87' lang='lat'>499</span> <span class='ocrx_word' id='word_1_154' title='bbox 457 765 500 817; x_wconf 85' lang='lat' dir='ltr'>sq.</span> 
     </span>
    </p>
   </div>
   <div class='ocr_carea' id='block_1_4' title="bbox 57 832 1792 1541">
    <p class='ocr_par' dir='ltr' id='par_1_5' title="bbox 57 832 1792 1541">
     <span class='ocr_line' id='line_1_13' title="bbox 173 832 1790 889; baseline 0.004 -19"><span class='ocrx_word' id='word_1_155' title='bbox 173 837 273 871; x_wconf 81' lang='lat' dir='ltr'>Initio</span> <span class='ocrx_word' id='word_1_156' title='bbox 293 832 456 884; x_wconf 84' lang='lat' dir='ltr'>sequentis</span> <span class='ocrx_word' id='word_1_157' title='bbox 478 832 595 870; x_wconf 88' lang='lat' dir='ltr'>saeculi</span> <span class='ocrx_word' id='word_1_158' title='bbox 615 833 729 871; x_wconf 83' lang='lat' dir='ltr'>excusa</span> <span class='ocrx_word' id='word_1_159' title='bbox 752 833 795 872; x_wconf 82' lang='lat' dir='ltr'>est</span> <span class='ocrx_word' id='word_1_160' title='bbox 818 836 1030 885; x_wconf 86' lang='lat' dir='ltr'>Geographia</span> <span class='ocrx_word' id='word_1_161' title='bbox 1054 836 1226 873; x_wconf 84' lang='lat' dir='ltr'>emendata</span> <span class='ocrx_word' id='word_1_162' title='bbox 1249 845 1281 873; x_wconf 86' lang='lat' dir='ltr'>et</span> <span class='ocrx_word' id='word_1_163' title='bbox 1304 849 1383 874; x_wconf 88' lang='lat' dir='ltr'>cum</span> <span class='ocrx_word' id='word_1_164' title='bbox 1404 847 1493 875; x_wconf 78' lang='lat' dir='ltr'>textu</span> <span class='ocrx_word' id='word_1_165' title='bbox 1511 851 1631 889; x_wconf 84' lang='lat' dir='ltr'>graeco</span> <span class='ocrx_word' id='word_1_166' title='bbox 1653 838 1790 877; x_wconf 82' lang='lat' dir='ltr'>collata:</span> 
     </span>
     <span class='ocr_line' id='line_1_14' title="bbox 70 884 1789 941; baseline 0.003 -20"><span class='ocrx_word' id='word_1_167' title='bbox 70 884 188 922; x_wconf 84' lang='lat' dir='ltr'>additis</span> <span class='ocrx_word' id='word_1_168' title='bbox 212 887 316 935; x_wconf 83' lang='lat' dir='ltr'>figura</span> <span class='ocrx_word' id='word_1_169' title='bbox 339 885 380 922; x_wconf 92' lang='lat' dir='ltr'>de</span> <span class='ocrx_word' id='word_1_170' title='bbox 403 888 608 935; x_wconf 72' lang='lat' dir='ltr'>proiec&#39;tione</span> <span class='ocrx_word' id='word_1_171' title='bbox 627 885 777 936; x_wconf 78' lang='lat' dir='ltr'>sphaerae</span> <span class='ocrx_word' id='word_1_172' title='bbox 797 890 831 923; x_wconf 89' lang='lat' dir='ltr'>in</span> <span class='ocrx_word' id='word_1_173' title='bbox 853 887 973 936; x_wconf 84' lang='lat' dir='ltr'>plano,</span> <span class='ocrx_word' id='word_1_174' title='bbox 1008 886 1031 923; x_wconf 90' lang='lat' dir='ltr'>s.</span> <span class='ocrx_word' id='word_1_175' title='bbox 1055 887 1310 938; x_wconf 83' lang='lat' dir='ltr'>planisphaerio‚</span> <span class='ocrx_word' id='word_1_176' title='bbox 1343 900 1375 925; x_wconf 91' lang='lat' dir='ltr'>et</span> <span class='ocrx_word' id='word_1_177' title='bbox 1397 890 1511 927; x_wconf 87' lang='lat' dir='ltr'>tabulis</span> <span class='ocrx_word' id='word_1_178' title='bbox 1532 895 1628 927; x_wconf 81' lang='lat' dir='ltr'>nouis</span> <span class='ocrx_word' id='word_1_179' title='bbox 1651 891 1789 941; x_wconf 89' lang='lat' dir='ltr'>aliisque</span> 
     </span>
     <span class='ocr_line' id='line_1_15' title="bbox 70 936 1792 987; baseline 0.003 -14"><span class='ocrx_word' id='word_1_180' title='bbox 70 936 320 987; x_wconf 81' lang='lat' dir='ltr'>adpendicibus,</span> <span class='ocrx_word' id='word_1_181' title='bbox 346 951 447 984; x_wconf 87' lang='lat' dir='ltr'>opera</span> <span class='ocrx_word' id='word_1_182' title='bbox 461 940 572 974; x_wconf 74' lang='lat' dir='ltr'>Marci</span> <span class='ocrx_word' id='word_1_183' title='bbox 588 940 814 979; x_wconf 79' lang='lat' dir='ltr'>Beneuentani,</span> <span class='ocrx_word' id='word_1_184' title='bbox 840 940 996 975; x_wconf 87' lang='lat' dir='ltr'>monachi</span> <span class='ocrx_word' id='word_1_185' title='bbox 1011 940 1196 982; x_wconf 78' lang='lat' dir='ltr'>coelestini,</span> <span class='ocrx_word' id='word_1_186' title='bbox 1225 951 1255 976; x_wconf 89' lang='lat' dir='ltr'>et</span> <span class='ocrx_word' id='word_1_187' title='bbox 1270 944 1314 976; x_wconf 92' lang='lat' dir='ltr'>Io.</span> <span class='ocrx_word' id='word_1_188' title='bbox 1331 942 1462 986; x_wconf 74' lang='lat' dir='ltr'>Cottae,</span> <span class='ocrx_word' id='word_1_189' title='bbox 1489 942 1695 979; x_wconf 73' lang='lat' dir='ltr'>Veronensis.</span> <span class='ocrx_word' id='word_1_190' title='bbox 1721 944 1792 984; x_wconf 43' lang='lat' dir='ltr'>Roff‘</span> 
     </span>
     <span class='ocr_line' id='line_1_16' title="bbox 68 987 1786 1041; baseline 0.003 -17"><span class='ocrx_word' id='word_1_191' title='bbox 68 999 138 1024; x_wconf 77' lang='lat' dir='ltr'>mae</span> <span class='ocrx_word' id='word_1_192' title='bbox 153 997 240 1034; x_wconf 84' lang='lat'>1508.</span> <span class='ocrx_word' id='word_1_193' title='bbox 268 991 345 1025; x_wconf 87' lang='lat' dir='ltr'>mai.</span> <span class='ocrx_word' id='word_1_194' title='bbox 360 987 421 1024; x_wconf 80' lang='lat' dir='ltr'>fol.</span> <span class='ocrx_word' id='word_1_195' title='bbox 448 987 488 1024; x_wconf 90' lang='lat' dir='ltr'>de</span> <span class='ocrx_word' id='word_1_196' title='bbox 510 1003 571 1038; x_wconf 85' lang='lat' dir='ltr'>qua</span> <span class='ocrx_word' id='word_1_197' title='bbox 592 1003 664 1025; x_wconf 85' lang='lat' dir='ltr'>rara</span> <span class='ocrx_word' id='word_1_198' title='bbox 686 989 849 1032; x_wconf 79' lang='lat' dir='ltr'>editione,</span> <span class='ocrx_word' id='word_1_199' title='bbox 883 1000 915 1025; x_wconf 89' lang='lat' dir='ltr'>et</span> <span class='ocrx_word' id='word_1_200' title='bbox 942 990 1032 1038; x_wconf 88' lang='lat' dir='ltr'>quod</span> <span class='ocrx_word' id='word_1_201' title='bbox 1060 993 1094 1025; x_wconf 86' lang='lat' dir='ltr'>in</span> <span class='ocrx_word' id='word_1_202' title='bbox 1120 992 1208 1027; x_wconf 87' lang='lat' dir='ltr'>calce</span> <span class='ocrx_word' id='word_1_203' title='bbox 1229 990 1462 1041; x_wconf 83' lang='lat' dir='ltr'>Planisphaerii</span> <span class='ocrx_word' id='word_1_204' title='bbox 1486 992 1632 1041; x_wconf 84' lang='lat' dir='ltr'>signatur</span> <span class='ocrx_word' id='word_1_205' title='bbox 1653 1009 1680 1030; x_wconf 92' lang='lat' dir='ltr'>a.</span> <span class='ocrx_word' id='word_1_206' title='bbox 1698 1007 1786 1039; x_wconf 83' lang='lat'>1507.</span> 
     </span>
     <span class='ocr_line' id='line_1_17' title="bbox 68 1038 1787 1094; baseline 0.003 -19"><span class='ocrx_word' id='word_1_207' title='bbox 68 1041 169 1088; x_wconf 86' lang='lat' dir='ltr'>(quae</span> <span class='ocrx_word' id='word_1_208' title='bbox 189 1050 301 1076; x_wconf 86' lang='lat' dir='ltr'>tamen</span> <span class='ocrx_word' id='word_1_209' title='bbox 323 1040 436 1075; x_wconf 85' lang='lat' dir='ltr'>eadem</span> <span class='ocrx_word' id='word_1_210' title='bbox 457 1040 505 1076; x_wconf 87' lang='lat' dir='ltr'>est</span> <span class='ocrx_word' id='word_1_211' title='bbox 526 1040 655 1086; x_wconf 85' lang='lat' dir='ltr'>editio‚)</span> <span class='ocrx_word' id='word_1_212' title='bbox 687 1039 789 1076; x_wconf 84' lang='lat' dir='ltr'>fufius</span> <span class='ocrx_word' id='word_1_213' title='bbox 810 1038 940 1076; x_wconf 84' lang='lat' dir='ltr'>differui</span> <span class='ocrx_word' id='word_1_214' title='bbox 964 1044 998 1076; x_wconf 90' lang='lat' dir='ltr'>in</span> <span class='ocrx_word' id='word_1_215' title='bbox 1021 1042 1199 1079; x_wconf 65' lang='lat' dir='ltr'>luti-oduei.</span> <span class='ocrx_word' id='word_1_216' title='bbox 1223 1042 1243 1081; x_wconf 93' lang='lat' dir='ltr'>l.</span> <span class='ocrx_word' id='word_1_217' title='bbox 1257 1055 1302 1078; x_wconf 87' lang='lat' dir='ltr'>m.</span> <span class='ocrx_word' id='word_1_218' title='bbox 1325 1056 1400 1091; x_wconf 85' lang='lat' dir='ltr'>pag.</span> <span class='ocrx_word' id='word_1_219' title='bbox 1415 1046 1472 1088; x_wconf 79' lang='lat'>146</span> <span class='ocrx_word' id='word_1_220' title='bbox 1490 1042 1534 1094; x_wconf 88' lang='lat' dir='ltr'>sq.</span> <span class='ocrx_word' id='word_1_221' title='bbox 1566 1044 1648 1080; x_wconf 85' lang='lat' dir='ltr'>adde</span> <span class='ocrx_word' id='word_1_222' title='bbox 1669 1045 1787 1080; x_wconf 64' lang='lat' dir='ltr'>Raida!</span> 
     </span>
     <span class='ocr_line' id='line_1_18' title="bbox 67 1089 1784 1143; baseline 0.003 -17"><span class='ocrx_word' id='word_1_223' title='bbox 67 1104 146 1140; x_wconf 86' lang='lat' dir='ltr'>pag.</span> <span class='ocrx_word' id='word_1_224' title='bbox 162 1104 204 1137; x_wconf 82' lang='lat'>50</span> <span class='ocrx_word' id='word_1_225' title='bbox 220 1089 288 1140; x_wconf 88' lang='lat' dir='ltr'>sqq.</span> <span class='ocrx_word' id='word_1_226' title='bbox 321 1093 438 1139; x_wconf 79' lang='lat' dir='ltr'>Hager</span> <span class='ocrx_word' id='word_1_227' title='bbox 458 1105 533 1141; x_wconf 88' lang='lat' dir='ltr'>pag.</span> <span class='ocrx_word' id='word_1_228' title='bbox 551 1095 612 1135; x_wconf 84' lang='lat'>326</span> <span class='ocrx_word' id='word_1_229' title='bbox 626 1090 695 1141; x_wconf 87' lang='lat' dir='ltr'>sqq.</span> <span class='ocrx_word' id='word_1_230' title='bbox 727 1094 763 1127; x_wconf 79' lang='lat' dir='ltr'>de</span> <span class='ocrx_word' id='word_1_231' title='bbox 777 1094 882 1127; x_wconf 74' lang='lat' dir='ltr'>qurr</span> <span class='ocrx_word' id='word_1_232' title='bbox 900 1092 922 1127; x_wconf 93' lang='lat' dir='ltr'>l.</span> <span class='ocrx_word' id='word_1_233' title='bbox 938 1106 965 1127; x_wconf 93' lang='lat' dir='ltr'>c.</span> <span class='ocrx_word' id='word_1_234' title='bbox 991 1106 1065 1142; x_wconf 86' lang='lat' dir='ltr'>pag.</span> <span class='ocrx_word' id='word_1_235' title='bbox 1081 1106 1123 1128; x_wconf 87' lang='lat'>20</span> <span class='ocrx_word' id='word_1_236' title='bbox 1138 1092 1207 1143; x_wconf 91' lang='lat' dir='ltr'>sqq.</span> <span class='ocrx_word' id='word_1_237' title='bbox 1229 1093 1270 1129; x_wconf 92' lang='lat' dir='ltr'>de</span> <span class='ocrx_word' id='word_1_238' title='bbox 1290 1096 1340 1129; x_wconf 81' lang='lat' dir='ltr'>his</span> <span class='ocrx_word' id='word_1_239' title='bbox 1363 1105 1394 1129; x_wconf 89' lang='lat' dir='ltr'>et</span> <span class='ocrx_word' id='word_1_240' title='bbox 1417 1095 1497 1131; x_wconf 83' lang='lat' dir='ltr'>aliis.</span> <span class='ocrx_word' id='word_1_241' title='bbox 1521 1116 1573 1123; x_wconf 96' lang='lat'>—</span> <span class='ocrx_word' id='word_1_242' title='bbox 1598 1109 1674 1131; x_wconf 86' lang='lat' dir='ltr'>cum</span> <span class='ocrx_word' id='word_1_243' title='bbox 1700 1096 1784 1133; x_wconf 85' lang='lat' dir='ltr'>tabb.</span> 
     </span>
     <span class='ocr_line' id='line_1_19' title="bbox 67 1142 1784 1196; baseline 0.003 -18"><span class='ocrx_word' id='word_1_244' title='bbox 67 1152 99 1178; x_wconf 88' lang='lat' dir='ltr'>et</span> <span class='ocrx_word' id='word_1_245' title='bbox 122 1142 263 1178; x_wconf 87' lang='lat' dir='ltr'>vniuerfi</span> <span class='ocrx_word' id='word_1_246' title='bbox 281 1143 406 1192; x_wconf 86' lang='lat' dir='ltr'>figura,</span> <span class='ocrx_word' id='word_1_247' title='bbox 433 1156 472 1178; x_wconf 89' lang='lat' dir='ltr'>ex</span> <span class='ocrx_word' id='word_1_248' title='bbox 497 1142 643 1178; x_wconf 76' lang='lat' dir='ltr'>versione</span> <span class='ocrx_word' id='word_1_249' title='bbox 667 1143 804 1190; x_wconf 84' lang='lat' dir='ltr'>Angeli,</span> <span class='ocrx_word' id='word_1_250' title='bbox 832 1154 963 1178; x_wconf 83' lang='lat' dir='ltr'>curante</span> <span class='ocrx_word' id='word_1_251' title='bbox 985 1146 1156 1179; x_wconf 62' lang='lat' dir='ltr'>Bet-nardo</span> <span class='ocrx_word' id='word_1_252' title='bbox 1171 1147 1329 1192; x_wconf 68' lang='lat' dir='ltr'>Symeon,</span> <span class='ocrx_word' id='word_1_253' title='bbox 1357 1146 1520 1189; x_wconf 77' lang='lat' dir='ltr'>Veneriis,</span> <span class='ocrx_word' id='word_1_254' title='bbox 1544 1161 1603 1196; x_wconf 89' lang='lat' dir='ltr'>per</span> <span class='ocrx_word' id='word_1_255' title='bbox 1623 1149 1686 1183; x_wconf 88' lang='lat' dir='ltr'>Iac.</span> <span class='ocrx_word' id='word_1_256' title='bbox 1702 1149 1784 1183; x_wconf 89' lang='lat' dir='ltr'>Pen-</span> 
     </span>
     <span class='ocr_line' id='line_1_20' title="bbox 66 1192 1783 1247; baseline 0.003 -18"><span class='ocrx_word' id='word_1_257' title='bbox 66 1196 157 1230; x_wconf 68' lang='lat' dir='ltr'>cium</span> <span class='ocrx_word' id='word_1_258' title='bbox 171 1193 212 1230; x_wconf 87' lang='lat' dir='ltr'>de</span> <span class='ocrx_word' id='word_1_259' title='bbox 226 1195 371 1230; x_wconf 81' lang='lat' dir='ltr'>Leucho.</span> <span class='ocrx_word' id='word_1_260' title='bbox 396 1206 470 1240; x_wconf 85' lang='lat'>1511.</span> <span class='ocrx_word' id='word_1_261' title='bbox 496 1192 555 1229; x_wconf 82' lang='lat' dir='ltr'>fol.</span> <span class='ocrx_word' id='word_1_262' title='bbox 572 1206 639 1242; x_wconf 88' lang='lat' dir='ltr'>reg.</span> <span class='ocrx_word' id='word_1_263' title='bbox 666 1193 730 1230; x_wconf 90' lang='lat' dir='ltr'>vid.</span> <span class='ocrx_word' id='word_1_264' title='bbox 745 1195 914 1240; x_wconf 74' lang='lat' dir='ltr'>Freytagii</span> <span class='ocrx_word' id='word_1_265' title='bbox 931 1195 1076 1233; x_wconf 68' lang='lat' dir='ltr'>Analedt.</span> <span class='ocrx_word' id='word_1_266' title='bbox 1096 1196 1189 1231; x_wconf 84' lang='lat' dir='ltr'>litter.</span> <span class='ocrx_word' id='word_1_267' title='bbox 1205 1209 1279 1244; x_wconf 80' lang='lat' dir='ltr'>pag.</span> <span class='ocrx_word' id='word_1_268' title='bbox 1296 1206 1368 1239; x_wconf 84' lang='lat'>730.</span> <span class='ocrx_word' id='word_1_269' title='bbox 1396 1198 1512 1232; x_wconf 72' lang='lat' dir='ltr'>Raidel</span> <span class='ocrx_word' id='word_1_270' title='bbox 1522 1208 1552 1233; x_wconf 89' lang='lat' dir='ltr'>et</span> <span class='ocrx_word' id='word_1_271' title='bbox 1566 1200 1694 1247; x_wconf 58' lang='lat' dir='ltr'>Hagen</span> <span class='ocrx_word' id='word_1_272' title='bbox 1709 1200 1783 1246; x_wconf 83' lang='lat' dir='ltr'>(qui</span> 
     </span>
     <span class='ocr_line' id='line_1_21' title="bbox 66 1243 1784 1297; baseline 0.001 -16"><span class='ocrx_word' id='word_1_273' title='bbox 66 1248 164 1282; x_wconf 86' lang='lat' dir='ltr'>etiam</span> <span class='ocrx_word' id='word_1_274' title='bbox 186 1243 353 1295; x_wconf 78' lang='lat' dir='ltr'>sequentes</span> <span class='ocrx_word' id='word_1_275' title='bbox 374 1243 602 1280; x_wconf 86' lang='lat' dir='ltr'>recensuerunt</span> <span class='ocrx_word' id='word_1_276' title='bbox 624 1243 711 1290; x_wconf 88' lang='lat' dir='ltr'>edd.)</span> <span class='ocrx_word' id='word_1_277' title='bbox 731 1245 813 1280; x_wconf 89' lang='lat' dir='ltr'>locis</span> <span class='ocrx_word' id='word_1_278' title='bbox 834 1248 885 1281; x_wconf 88' lang='lat' dir='ltr'>cit.</span> <span class='ocrx_word' id='word_1_279' title='bbox 913 1266 963 1272; x_wconf 89' lang='lat'>—</span> <span class='ocrx_word' id='word_1_280' title='bbox 990 1246 1086 1281; x_wconf 84' lang='lat' dir='ltr'>Illam</span> <span class='ocrx_word' id='word_1_281' title='bbox 1102 1248 1222 1294; x_wconf 81' lang='lat' dir='ltr'>Angeli</span> <span class='ocrx_word' id='word_1_282' title='bbox 1238 1246 1421 1282; x_wconf 80' lang='lat' dir='ltr'>versionem</span> <span class='ocrx_word' id='word_1_283' title='bbox 1441 1247 1608 1297; x_wconf 80' lang='lat' dir='ltr'>castigauit</span> <span class='ocrx_word' id='word_1_284' title='bbox 1628 1252 1676 1284; x_wconf 89' lang='lat' dir='ltr'>Io.</span> <span class='ocrx_word' id='word_1_285' title='bbox 1691 1249 1784 1291; x_wconf 41' lang='lat' dir='ltr'>Mala</span> 
     </span>
     <span class='ocr_line' id='line_1_22' title="bbox 64 1296 1782 1348; baseline 0.003 -17"><span class='ocrx_word' id='word_1_286' title='bbox 64 1296 168 1337; x_wconf 69' lang='lat' dir='ltr'>larus,</span> <span class='ocrx_word' id='word_1_287' title='bbox 201 1299 508 1346; x_wconf 73' lang='lat' dir='ltr'>Regiomontanus‚</span> <span class='ocrx_word' id='word_1_288' title='bbox 543 1296 698 1333; x_wconf 84' lang='lat' dir='ltr'>adnotatt.</span> <span class='ocrx_word' id='word_1_289' title='bbox 722 1299 755 1332; x_wconf 88' lang='lat' dir='ltr'>in</span> <span class='ocrx_word' id='word_1_290' title='bbox 778 1296 915 1333; x_wconf 87' lang='lat' dir='ltr'>Ptolem.</span> <span class='ocrx_word' id='word_1_291' title='bbox 937 1299 1196 1346; x_wconf 80' lang='lat' dir='ltr'>geographiam,</span> <span class='ocrx_word' id='word_1_292' title='bbox 1232 1301 1407 1345; x_wconf 83' lang='lat' dir='ltr'>Argentor.</span> <span class='ocrx_word' id='word_1_293' title='bbox 1433 1301 1521 1344; x_wconf 84' lang='lat'>1625.</span> <span class='ocrx_word' id='word_1_294' title='bbox 1547 1321 1600 1327; x_wconf 92' lang='grc'>-</span> <span class='ocrx_word' id='word_1_295' title='bbox 1633 1299 1782 1348; x_wconf 84' lang='lat' dir='ltr'>Geogra-</span> 
     </span>
     <span class='ocr_line' id='line_1_23' title="bbox 57 1347 1783 1397; baseline 0.003 -15"><span class='ocrx_word' id='word_1_296' title='bbox 57 1348 153 1394; x_wconf 77' lang='lat' dir='ltr'>phiac</span> <span class='ocrx_word' id='word_1_297' title='bbox 168 1361 267 1396; x_wconf 77' lang='lat' dir='ltr'>opus,</span> <span class='ocrx_word' id='word_1_298' title='bbox 293 1350 451 1395; x_wconf 82' lang='lat' dir='ltr'>nomffima</span> <span class='ocrx_word' id='word_1_299' title='bbox 467 1351 529 1393; x_wconf 89' lang='grc' dir='ltr'><strong>(1ο.</strong></span> <span class='ocrx_word' id='word_1_300' title='bbox 545 1347 685 1392; x_wconf 80' lang='lat' dir='ltr'>Philesii)</span> <span class='ocrx_word' id='word_1_301' title='bbox 702 1348 915 1389; x_wconf 67' lang='lat' dir='ltr'>traduffione,</span> <span class='ocrx_word' id='word_1_302' title='bbox 943 1350 1041 1397; x_wconf 88' lang='lat' dir='ltr'>(quae</span> <span class='ocrx_word' id='word_1_303' title='bbox 1059 1349 1098 1384; x_wconf 91' lang='lat' dir='ltr'>ab</span> <span class='ocrx_word' id='word_1_304' title='bbox 1116 1349 1235 1396; x_wconf 84' lang='lat' dir='ltr'>Angeli</span> <span class='ocrx_word' id='word_1_305' title='bbox 1257 1349 1405 1386; x_wconf 80' lang='lat' dir='ltr'>versione</span> <span class='ocrx_word' id='word_1_306' title='bbox 1428 1350 1574 1387; x_wconf 83' lang='lat' dir='ltr'>multum</span> <span class='ocrx_word' id='word_1_307' title='bbox 1597 1350 1723 1393; x_wconf 85' lang='lat' dir='ltr'>differt,</span> <span class='ocrx_word' id='word_1_308' title='bbox 1750 1361 1783 1388; x_wconf 86' lang='lat' dir='ltr'>et</span> 
     </span>
     <span class='ocr_line' id='line_1_24' title="bbox 62 1397 1784 1449; baseline 0.002 -14"><span class='ocrx_word' id='word_1_309' title='bbox 62 1397 158 1449; x_wconf 82' lang='lat' dir='ltr'>saepe</span> <span class='ocrx_word' id='word_1_310' title='bbox 179 1400 223 1436; x_wconf 82' lang='lat' dir='ltr'>est</span> <span class='ocrx_word' id='word_1_311' title='bbox 244 1401 405 1444; x_wconf 61' lang='lat' dir='ltr'>barbara.)</span> <span class='ocrx_word' id='word_1_312' title='bbox 430 1413 446 1435; x_wconf 79' lang='lat' dir='ltr'>e</span> <span class='ocrx_word' id='word_1_313' title='bbox 464 1400 659 1435; x_wconf 78' lang='lat' dir='ltr'>Graecorum</span> <span class='ocrx_word' id='word_1_314' title='bbox 678 1399 847 1447; x_wconf 78' lang='lat' dir='ltr'>archetypo</span> <span class='ocrx_word' id='word_1_315' title='bbox 870 1399 1091 1447; x_wconf 68' lang='lat' dir='ltr'>cqstiganffime</span> <span class='ocrx_word' id='word_1_316' title='bbox 1107 1401 1265 1448; x_wconf 78' lang='lat' dir='ltr'>preffum,</span> <span class='ocrx_word' id='word_1_317' title='bbox 1292 1411 1352 1437; x_wconf 88' lang='lat' dir='ltr'>etc.</span> <span class='ocrx_word' id='word_1_318' title='bbox 1379 1404 1527 1446; x_wconf 84' lang='lat' dir='ltr'>(curante</span> <span class='ocrx_word' id='word_1_319' title='bbox 1544 1404 1594 1438; x_wconf 91' lang='lat' dir='ltr'>D.</span> <span class='ocrx_word' id='word_1_320' title='bbox 1611 1405 1675 1438; x_wconf 85' lang='lat' dir='ltr'>Iac.</span> <span class='ocrx_word' id='word_1_321' title='bbox 1690 1404 1784 1439; x_wconf 73' lang='lat' dir='ltr'>Este.</span> 
     </span>
     <span class='ocr_line' id='line_1_25' title="bbox 61 1450 1783 1503; baseline 0.003 -18"><span class='ocrx_word' id='word_1_322' title='bbox 61 1454 128 1497; x_wconf 85' lang='lat' dir='ltr'>ro,)</span> <span class='ocrx_word' id='word_1_323' title='bbox 155 1454 191 1487; x_wconf 84' lang='lat' dir='ltr'>in</span> <span class='ocrx_word' id='word_1_324' title='bbox 210 1451 318 1488; x_wconf 85' lang='lat' dir='ltr'>calce:</span> <span class='ocrx_word' id='word_1_325' title='bbox 350 1452 571 1500; x_wconf 77' lang='lat' dir='ltr'>Argentinae,</span> <span class='ocrx_word' id='word_1_326' title='bbox 609 1450 851 1502; x_wconf 79' lang='lat' dir='ltr'>vigilantissima</span> <span class='ocrx_word' id='word_1_327' title='bbox 879 1451 1090 1501; x_wconf 79' lang='lat' dir='ltr'>castigatione</span> <span class='ocrx_word' id='word_1_328' title='bbox 1115 1452 1334 1502; x_wconf 83' lang='lat' dir='ltr'>industriaque</span> <span class='ocrx_word' id='word_1_329' title='bbox 1358 1454 1509 1491; x_wconf 77' lang='lat' dir='ltr'>Iohannis</span> <span class='ocrx_word' id='word_1_330' title='bbox 1523 1454 1666 1495; x_wconf 72' lang='lat' dir='ltr'>schotti,</span> <span class='ocrx_word' id='word_1_331' title='bbox 1693 1466 1783 1503; x_wconf 54' lang='lat'>15134</span> 
     </span>
     <span class='ocr_line' id='line_1_26' title="bbox 60 1500 220 1541; baseline 0.013 -2"><span class='ocrx_word' id='word_1_332' title='bbox 60 1500 122 1539; x_wconf 80' lang='lat' dir='ltr'>fol.</span> <span class='ocrx_word' id='word_1_333' title='bbox 140 1505 220 1541; x_wconf 85' lang='lat' dir='ltr'>mai.</span> 
     </span>
    </p>
   </div>
   <div class='ocr_carea' id='block_1_5' title="bbox 57 1570 1782 1979">
    <p class='ocr_par' dir='ltr' id='par_1_6' title="bbox 57 1570 1782 1979">
     <span class='ocr_line' id='line_1_27' title="bbox 160 1570 1782 1624; baseline 0.002 -18"><span class='ocrx_word' id='word_1_334' title='bbox 160 1572 209 1607; x_wconf 91' lang='lat' dir='ltr'>Io.</span> <span class='ocrx_word' id='word_1_335' title='bbox 227 1570 383 1609; x_wconf 74' lang='lat' dir='ltr'>Wrnerl</span> <span class='ocrx_word' id='word_1_336' title='bbox 401 1583 489 1607; x_wconf 85' lang='lat' dir='ltr'>noua</span> <span class='ocrx_word' id='word_1_337' title='bbox 511 1571 678 1608; x_wconf 80' lang='lat' dir='ltr'>translatio</span> <span class='ocrx_word' id='word_1_338' title='bbox 686 1573 789 1619; x_wconf 74' lang='lat' dir='ltr'>primi</span> <span class='ocrx_word' id='word_1_339' title='bbox 802 1573 876 1607; x_wconf 82' lang='lat' dir='ltr'>libri</span> <span class='ocrx_word' id='word_1_340' title='bbox 890 1572 1114 1620; x_wconf 77' lang='lat' dir='ltr'>Geograpliiae</span> <span class='ocrx_word' id='word_1_341' title='bbox 1132 1572 1182 1609; x_wconf 85' lang='lat' dir='ltr'>Cl.</span> <span class='ocrx_word' id='word_1_342' title='bbox 1203 1573 1380 1609; x_wconf 77' lang='lat' dir='ltr'>Ptolemaei</span> <span class='ocrx_word' id='word_1_343' title='bbox 1394 1586 1469 1610; x_wconf 89' lang='lat' dir='ltr'>cum</span> <span class='ocrx_word' id='word_1_344' title='bbox 1485 1572 1731 1624; x_wconf 84' lang='lat' dir='ltr'>paraphrafibus</span> <span class='ocrx_word' id='word_1_345' title='bbox 1748 1582 1782 1610; x_wconf 75' lang='lat' dir='ltr'>et</span> 
     </span>
     <span class='ocr_line' id='line_1_28' title="bbox 60 1622 1780 1675; baseline 0.002 -17"><span class='ocrx_word' id='word_1_346' title='bbox 60 1632 220 1659; x_wconf 81' lang='lat' dir='ltr'>annotatt.</span> <span class='ocrx_word' id='word_1_347' title='bbox 242 1625 280 1668; x_wconf 82' lang='lat'>2)</span> <span class='ocrx_word' id='word_1_348' title='bbox 294 1623 422 1659; x_wconf 87' lang='lat' dir='ltr'>libellus</span> <span class='ocrx_word' id='word_1_349' title='bbox 443 1622 484 1658; x_wconf 90' lang='lat' dir='ltr'>de</span> <span class='ocrx_word' id='word_1_350' title='bbox 507 1635 647 1673; x_wconf 86' lang='lat' dir='ltr'>quatuor</span> <span class='ocrx_word' id='word_1_351' title='bbox 672 1634 828 1660; x_wconf 84' lang='lat' dir='ltr'>terrarum</span> <span class='ocrx_word' id='word_1_352' title='bbox 851 1625 937 1660; x_wconf 86' lang='lat' dir='ltr'>orbis</span> <span class='ocrx_word' id='word_1_353' title='bbox 959 1627 993 1659; x_wconf 88' lang='lat' dir='ltr'>in</span> <span class='ocrx_word' id='word_1_354' title='bbox 1015 1625 1118 1673; x_wconf 88' lang='lat' dir='ltr'>plano</span> <span class='ocrx_word' id='word_1_355' title='bbox 1140 1625 1394 1673; x_wconf 78' lang='lat' dir='ltr'>figurationibus.</span> <span class='ocrx_word' id='word_1_356' title='bbox 1422 1628 1455 1670; x_wconf 84' lang='lat'>3)</span> <span class='ocrx_word' id='word_1_357' title='bbox 1472 1626 1566 1661; x_wconf 87' lang='lat' dir='ltr'>locus</span> <span class='ocrx_word' id='word_1_358' title='bbox 1585 1624 1719 1675; x_wconf 84' lang='lat' dir='ltr'>quidam</span> <span class='ocrx_word' id='word_1_359' title='bbox 1737 1637 1780 1661; x_wconf 79' lang='lat' dir='ltr'>ex</span> 
     </span>
     <span class='ocr_line' id='line_1_29' title="bbox 59 1672 1780 1727; baseline 0.001 -17"><span class='ocrx_word' id='word_1_360' title='bbox 59 1675 127 1710; x_wconf 72' lang='lat' dir='ltr'>fine</span> <span class='ocrx_word' id='word_1_361' title='bbox 142 1672 267 1723; x_wconf 80' lang='lat' dir='ltr'>septimi</span> <span class='ocrx_word' id='word_1_362' title='bbox 290 1674 363 1710; x_wconf 85' lang='lat' dir='ltr'>libri</span> <span class='ocrx_word' id='word_1_363' title='bbox 380 1676 608 1724; x_wconf 84' lang='lat' dir='ltr'>Geographiae</span> <span class='ocrx_word' id='word_1_364' title='bbox 628 1675 679 1711; x_wconf 92' lang='lat' dir='ltr'>Cl.</span> <span class='ocrx_word' id='word_1_365' title='bbox 699 1676 877 1712; x_wconf 88' lang='lat' dir='ltr'>Ptolemaei</span> <span class='ocrx_word' id='word_1_366' title='bbox 900 1674 995 1724; x_wconf 89' lang='lat' dir='ltr'>super</span> <span class='ocrx_word' id='word_1_367' title='bbox 1016 1675 1112 1724; x_wconf 86' lang='lat' dir='ltr'>plana</span> <span class='ocrx_word' id='word_1_368' title='bbox 1134 1687 1292 1712; x_wconf 79' lang='lat' dir='ltr'>terrarum</span> <span class='ocrx_word' id='word_1_369' title='bbox 1309 1677 1396 1712; x_wconf 89' lang='lat' dir='ltr'>orbis</span> <span class='ocrx_word' id='word_1_370' title='bbox 1415 1674 1655 1727; x_wconf 81' lang='lat' dir='ltr'>descriptione,</span> <span class='ocrx_word' id='word_1_371' title='bbox 1681 1691 1700 1712; x_wconf 90' lang='lat' dir='ltr'>a</span> <span class='ocrx_word' id='word_1_372' title='bbox 1713 1678 1780 1725; x_wconf 82' lang='lat' dir='ltr'>pri-</span> 
     </span>
     <span class='ocr_line' id='line_1_30' title="bbox 59 1723 1780 1777; baseline 0.001 -15"><span class='ocrx_word' id='word_1_373' title='bbox 59 1723 120 1762; x_wconf 82' lang='lat' dir='ltr'>scis</span> <span class='ocrx_word' id='word_1_374' title='bbox 140 1726 282 1762; x_wconf 66' lang='lat' dir='ltr'>instituta</span> <span class='ocrx_word' id='word_1_375' title='bbox 303 1728 505 1775; x_wconf 83' lang='lat' dir='ltr'>geographis</span> <span class='ocrx_word' id='word_1_376' title='bbox 518 1754 526 1768; x_wconf 88' lang='lat'><em>,</em></span> <span class='ocrx_word' id='word_1_377' title='bbox 550 1741 639 1763; x_wconf 84' lang='lat' dir='ltr'>noua</span> <span class='ocrx_word' id='word_1_378' title='bbox 659 1727 888 1770; x_wconf 83' lang='lat' dir='ltr'>translatione,</span> <span class='ocrx_word' id='word_1_379' title='bbox 915 1727 1101 1777; x_wconf 74' lang='lat' dir='ltr'>paraphrasi</span> <span class='ocrx_word' id='word_1_380' title='bbox 1119 1738 1150 1763; x_wconf 91' lang='lat' dir='ltr'>et</span> <span class='ocrx_word' id='word_1_381' title='bbox 1166 1738 1324 1765; x_wconf 83' lang='lat' dir='ltr'>annotatt.</span> <span class='ocrx_word' id='word_1_382' title='bbox 1346 1728 1525 1777; x_wconf 86' lang='lat' dir='ltr'>explicatus</span> <span class='ocrx_word' id='word_1_383' title='bbox 1540 1738 1601 1766; x_wconf 85' lang='lat' dir='ltr'>etc.</span> <span class='ocrx_word' id='word_1_384' title='bbox 1626 1729 1780 1765; x_wconf 84' lang='lat' dir='ltr'>Noribcr-</span> 
     </span>
     <span class='ocr_line' id='line_1_31' title="bbox 59 1775 1780 1830; baseline 0.001 -17"><span class='ocrx_word' id='word_1_385' title='bbox 59 1789 121 1827; x_wconf 82' lang='lat' dir='ltr'>gae</span> <span class='ocrx_word' id='word_1_386' title='bbox 139 1789 216 1823; x_wconf 84' lang='grc'><strong>1514.</strong></span> <span class='ocrx_word' id='word_1_387' title='bbox 234 1775 294 1814; x_wconf 78' lang='lat' dir='ltr'>fol.</span> <span class='ocrx_word' id='word_1_388' title='bbox 321 1778 385 1814; x_wconf 89' lang='lat' dir='ltr'>vid.</span> <span class='ocrx_word' id='word_1_389' title='bbox 402 1778 631 1813; x_wconf 71' lang='lat' dir='ltr'>Heilbronneri</span> <span class='ocrx_word' id='word_1_390' title='bbox 650 1777 762 1815; x_wconf 82' lang='lat' dir='ltr'>histor.</span> <span class='ocrx_word' id='word_1_391' title='bbox 786 1780 889 1815; x_wconf 85' lang='lat' dir='ltr'>math.</span> <span class='ocrx_word' id='word_1_392' title='bbox 911 1791 985 1827; x_wconf 85' lang='lat' dir='ltr'>pag.</span> <span class='ocrx_word' id='word_1_393' title='bbox 1005 1790 1055 1824; x_wconf 94' lang='grc'>513</span> <span class='ocrx_word' id='word_1_394' title='bbox 1072 1777 1114 1828; x_wconf 89' lang='lat' dir='ltr'>sq.</span> <span class='ocrx_word' id='word_1_395' title='bbox 1140 1800 1194 1806; x_wconf 88' lang='lat'>-—-</span> <span class='ocrx_word' id='word_1_396' title='bbox 1219 1778 1424 1817; x_wconf 62' lang='lat' dir='ltr'>introductio</span> <span class='ocrx_word' id='word_1_397' title='bbox 1444 1782 1668 1830; x_wconf 84' lang='lat' dir='ltr'>geographica</span> <span class='ocrx_word' id='word_1_398' title='bbox 1685 1781 1780 1815; x_wconf 63' lang='lat' dir='ltr'>Pam·</span> 
     </span>
     <span class='ocr_line' id='line_1_32' title="bbox 59 1827 1779 1881; baseline 0.001 -18"><span class='ocrx_word' id='word_1_399' title='bbox 59 1829 183 1873; x_wconf 77' lang='lat' dir='ltr'>Apiam&#39;</span> <span class='ocrx_word' id='word_1_400' title='bbox 206 1832 242 1864; x_wconf 82' lang='lat' dir='ltr'>in</span> <span class='ocrx_word' id='word_1_401' title='bbox 262 1827 388 1865; x_wconf 65' lang='lat' dir='ltr'>dofiiss‘.</span> <span class='ocrx_word' id='word_1_402' title='bbox 414 1832 552 1865; x_wconf 87' lang='lat' dir='ltr'>Verneri</span> <span class='ocrx_word' id='word_1_403' title='bbox 571 1833 808 1866; x_wconf 83' lang='lat' dir='ltr'>annotationes.</span> <span class='ocrx_word' id='word_1_404' title='bbox 839 1851 891 1858; x_wconf 89' lang='lat'>—</span> <span class='ocrx_word' id='word_1_405' title='bbox 924 1832 1001 1866; x_wconf 84' lang='lat' dir='ltr'>Ace.</span> <span class='ocrx_word' id='word_1_406' title='bbox 1024 1830 1192 1866; x_wconf 86' lang='lat' dir='ltr'>translatio</span> <span class='ocrx_word' id='word_1_407' title='bbox 1219 1844 1308 1866; x_wconf 81' lang='lat' dir='ltr'>noua</span> <span class='ocrx_word' id='word_1_408' title='bbox 1331 1834 1429 1881; x_wconf 85' lang='lat' dir='ltr'>primi</span> <span class='ocrx_word' id='word_1_409' title='bbox 1453 1832 1528 1867; x_wconf 88' lang='lat' dir='ltr'>libri</span> <span class='ocrx_word' id='word_1_410' title='bbox 1553 1833 1779 1879; x_wconf 84' lang='lat' dir='ltr'>geographiae</span> 
     </span>
     <span class='ocr_line' id='line_1_33' title="bbox 62 1879 1776 1931; baseline 0 -15"><span class='ocrx_word' id='word_1_411' title='bbox 62 1880 112 1916; x_wconf 84' lang='lat' dir='ltr'>CI.</span> <span class='ocrx_word' id='word_1_412' title='bbox 126 1880 301 1915; x_wconf 72' lang='lat' dir='ltr'>Ptolemaei</span> <span class='ocrx_word' id='word_1_413' title='bbox 323 1901 372 1908; x_wconf 89' lang='lat'>—-</span> <span class='ocrx_word' id='word_1_414' title='bbox 396 1882 535 1916; x_wconf 83' lang='lat' dir='ltr'>authore</span> <span class='ocrx_word' id='word_1_415' title='bbox 551 1882 590 1917; x_wconf 87' lang='lat' dir='ltr'><em>V</em></span> <span class='ocrx_word' id='word_1_416' title='bbox 589 1894 693 1918; x_wconf 76' lang='lat' dir='ltr'>emero</span> <span class='ocrx_word' id='word_1_417' title='bbox 715 1883 762 1929; x_wconf 87' lang='lat' dir='ltr'>(et</span> <span class='ocrx_word' id='word_1_418' title='bbox 784 1882 843 1918; x_wconf 82' lang='lat' dir='ltr'>rel.</span> <span class='ocrx_word' id='word_1_419' title='bbox 866 1894 949 1931; x_wconf 87' lang='lat' dir='ltr'>quae</span> <span class='ocrx_word' id='word_1_420' title='bbox 969 1883 1004 1916; x_wconf 89' lang='lat' dir='ltr'>in</span> <span class='ocrx_word' id='word_1_421' title='bbox 1025 1879 1189 1930; x_wconf 83' lang='lat' dir='ltr'>superiore</span> <span class='ocrx_word' id='word_1_422' title='bbox 1212 1880 1287 1918; x_wconf 83' lang='lat' dir='ltr'>edit.</span> <span class='ocrx_word' id='word_1_423' title='bbox 1311 1883 1458 1930; x_wconf 81' lang='lat' dir='ltr'>exstant.)</span> <span class='ocrx_word' id='word_1_424' title='bbox 1484 1881 1676 1931; x_wconf 84' lang='lat' dir='ltr'>Ingolssadii</span> <span class='ocrx_word' id='word_1_425' title='bbox 1697 1893 1776 1927; x_wconf 89' lang='grc'><strong>1533.</strong></span> 
     </span>
     <span class='ocr_line' id='line_1_34' title="bbox 57 1928 492 1979; baseline -0.002 -12"><span class='ocrx_word' id='word_1_426' title='bbox 57 1928 122 1968; x_wconf 79' lang='lat' dir='ltr'>sol.</span> <span class='ocrx_word' id='word_1_427' title='bbox 147 1934 180 1966; x_wconf 88' lang='lat' dir='ltr'>in</span> <span class='ocrx_word' id='word_1_428' title='bbox 199 1930 274 1966; x_wconf 85' lang='lat' dir='ltr'>bibl.</span> <span class='ocrx_word' id='word_1_429' title='bbox 290 1930 492 1979; x_wconf 82' lang='lat' dir='ltr'>Erlangenfi.</span> 
     </span>
    </p>
   </div>
   <div class='ocr_carea' id='block_1_6' title="bbox 56 1996 1776 2405">
    <p class='ocr_par' dir='ltr' id='par_1_7' title="bbox 56 1996 1776 2405">
     <span class='ocr_line' id='line_1_35' title="bbox 154 1996 1774 2049; baseline 0.001 -16"><span class='ocrx_word' id='word_1_430' title='bbox 154 1998 208 2034; x_wconf 82' lang='lat' dir='ltr'>ct.</span> <span class='ocrx_word' id='word_1_431' title='bbox 225 1998 425 2033; x_wconf 76' lang='lat' dir='ltr'>Ptolemaeus</span> <span class='ocrx_word' id='word_1_432' title='bbox 439 1996 554 2033; x_wconf 49' lang='lat' dir='ltr'>auam·</span> <span class='ocrx_word' id='word_1_433' title='bbox 579 2018 631 2025; x_wconf 90' lang='lat'>—</span> <span class='ocrx_word' id='word_1_434' title='bbox 655 2010 733 2033; x_wconf 87' lang='lat' dir='ltr'>cum</span> <span class='ocrx_word' id='word_1_435' title='bbox 748 1999 862 2035; x_wconf 87' lang='lat' dir='ltr'>tabulis</span> <span class='ocrx_word' id='word_1_436' title='bbox 877 2008 952 2035; x_wconf 86' lang='lat' dir='ltr'>vett.</span> <span class='ocrx_word' id='word_1_437' title='bbox 972 2013 1009 2035; x_wconf 90' lang='lat' dir='ltr'>ac</span> <span class='ocrx_word' id='word_1_438' title='bbox 1025 2001 1132 2035; x_wconf 82' lang='lat' dir='ltr'>nouis.</span> <span class='ocrx_word' id='word_1_439' title='bbox 1160 2002 1377 2049; x_wconf 83' lang='lat' dir='ltr'>Argentorati‚</span> <span class='ocrx_word' id='word_1_440' title='bbox 1403 1999 1557 2036; x_wconf 78' lang='lat' dir='ltr'>industria</span> <span class='ocrx_word' id='word_1_441' title='bbox 1573 2002 1620 2036; x_wconf 85' lang='lat' dir='ltr'>Io.</span> <span class='ocrx_word' id='word_1_442' title='bbox 1635 2000 1774 2035; x_wconf 75' lang='lat' dir='ltr'>schotti.</span> 
     </span>
     <span class='ocr_line' id='line_1_36' title="bbox 56 2045 1774 2100; baseline 0.001 -15"><span class='ocrx_word' id='word_1_443' title='bbox 56 2058 144 2096; x_wconf 67' lang='lat'>1520.</span> <span class='ocrx_word' id='word_1_444' title='bbox 164 2045 225 2085; x_wconf 83' lang='lat' dir='ltr'>fol.</span> <span class='ocrx_word' id='word_1_445' title='bbox 251 2060 384 2084; x_wconf 83' lang='lat' dir='ltr'>curante</span> <span class='ocrx_word' id='word_1_446' title='bbox 404 2050 452 2084; x_wconf 90' lang='lat' dir='ltr'>D.</span> <span class='ocrx_word' id='word_1_447' title='bbox 468 2051 591 2095; x_wconf 79' lang='lat' dir='ltr'>Georg.</span> <span class='ocrx_word' id='word_1_448' title='bbox 609 2049 648 2084; x_wconf 92' lang='lat' dir='ltr'><em>V</em></span> <span class='ocrx_word' id='word_1_449' title='bbox 647 2050 742 2090; x_wconf 80' lang='lat' dir='ltr'>helio,</span> <span class='ocrx_word' id='word_1_450' title='bbox 769 2053 823 2098; x_wconf 89' lang='lat' dir='ltr'>qui</span> <span class='ocrx_word' id='word_1_451' title='bbox 847 2060 974 2086; x_wconf 87' lang='lat' dir='ltr'>textum</span> <span class='ocrx_word' id='word_1_452' title='bbox 997 2051 1072 2090; x_wconf 78' lang='lat' dir='ltr'>edit,</span> <span class='ocrx_word' id='word_1_453' title='bbox 1094 2054 1270 2100; x_wconf 83' lang='lat' dir='ltr'>Argentor.</span> <span class='ocrx_word' id='word_1_454' title='bbox 1293 2068 1319 2088; x_wconf 93' lang='lat' dir='ltr'>a.</span> <span class='ocrx_word' id='word_1_455' title='bbox 1339 2066 1414 2099; x_wconf 85' lang='grc'><strong>1513.</strong></span> <span class='ocrx_word' id='word_1_456' title='bbox 1436 2051 1660 2088; x_wconf 77' lang='lat' dir='ltr'>recudendum</span> <span class='ocrx_word' id='word_1_457' title='bbox 1683 2049 1774 2093; x_wconf 80' lang='lat' dir='ltr'>fecit,</span> 
     </span>
     <span class='ocr_line' id='line_1_37' title="bbox 57 2098 1776 2153; baseline 0.001 -16"><span class='ocrx_word' id='word_1_458' title='bbox 57 2099 239 2137; x_wconf 74' lang='lat' dir='ltr'>versionem</span> <span class='ocrx_word' id='word_1_459' title='bbox 260 2109 370 2136; x_wconf 85' lang='lat' dir='ltr'>tamen</span> <span class='ocrx_word' id='word_1_460' title='bbox 396 2099 522 2135; x_wconf 78' lang='lat' dir='ltr'>Philefii</span> <span class='ocrx_word' id='word_1_461' title='bbox 549 2098 735 2149; x_wconf 85' lang='lat' dir='ltr'>frequenter</span> <span class='ocrx_word' id='word_1_462' title='bbox 756 2101 955 2137; x_wconf 81' lang='lat' dir='ltr'>emendauit.</span> <span class='ocrx_word' id='word_1_463' title='bbox 1015 2105 1053 2138; x_wconf 85' lang='lat' dir='ltr'>In</span> <span class='ocrx_word' id='word_1_464' title='bbox 1075 2104 1246 2151; x_wconf 78' lang='lat' dir='ltr'>Freytagii</span> <span class='ocrx_word' id='word_1_465' title='bbox 1267 2104 1350 2140; x_wconf 82' lang='lat' dir='ltr'>anal.</span> <span class='ocrx_word' id='word_1_466' title='bbox 1370 2104 1466 2142; x_wconf 86' lang='lat' dir='ltr'>litter.</span> <span class='ocrx_word' id='word_1_467' title='bbox 1490 2117 1566 2153; x_wconf 85' lang='lat' dir='ltr'>pag.</span> <span class='ocrx_word' id='word_1_468' title='bbox 1586 2116 1662 2148; x_wconf 84' lang='lat'>730.</span> <span class='ocrx_word' id='word_1_469' title='bbox 1683 2114 1776 2140; x_wconf 70' lang='lat' dir='ltr'>error</span> 
     </span>
     <span class='ocr_line' id='line_1_38' title="bbox 57 2150 1774 2204; baseline 0.001 -16"><span class='ocrx_word' id='word_1_470' title='bbox 57 2161 192 2202; x_wconf 79' lang='lat' dir='ltr'>typogr.</span> <span class='ocrx_word' id='word_1_471' title='bbox 214 2165 243 2188; x_wconf 79' lang='lat' dir='ltr'>a.</span> <span class='ocrx_word' id='word_1_472' title='bbox 260 2155 350 2188; x_wconf 81' lang='lat'>1620.</span> <span class='ocrx_word' id='word_1_473' title='bbox 373 2150 452 2185; x_wconf 88' lang='lat' dir='ltr'>loco</span> <span class='ocrx_word' id='word_1_474' title='bbox 474 2165 504 2187; x_wconf 88' lang='lat' dir='ltr'>a.</span> <span class='ocrx_word' id='word_1_475' title='bbox 521 2163 603 2195; x_wconf 84' lang='lat'>1520.</span> <span class='ocrx_word' id='word_1_476' title='bbox 627 2150 688 2187; x_wconf 81' lang='lat' dir='ltr'>effe</span> <span class='ocrx_word' id='word_1_477' title='bbox 708 2150 852 2188; x_wconf 86' lang='lat' dir='ltr'>videtur:</span> <span class='ocrx_word' id='word_1_478' title='bbox 878 2152 965 2189; x_wconf 87' lang='lat' dir='ltr'>idem</span> <span class='ocrx_word' id='word_1_479' title='bbox 988 2167 1065 2190; x_wconf 90' lang='lat' dir='ltr'>cum</span> <span class='ocrx_word' id='word_1_480' title='bbox 1088 2153 1237 2191; x_wconf 84' lang='lat' dir='ltr'>Raidelio</span> <span class='ocrx_word' id='word_1_481' title='bbox 1261 2168 1336 2204; x_wconf 75' lang='lat' dir='ltr'>pag.</span> <span class='ocrx_word' id='word_1_482' title='bbox 1353 2165 1402 2198; x_wconf 82' lang='lat'>58.</span> <span class='ocrx_word' id='word_1_483' title='bbox 1418 2158 1555 2197; x_wconf 82' lang='lat' dir='ltr'>errauit,</span> <span class='ocrx_word' id='word_1_484' title='bbox 1579 2154 1735 2190; x_wconf 80' lang='lat' dir='ltr'>Vbelium</span> <span class='ocrx_word' id='word_1_485' title='bbox 1754 2166 1774 2190; x_wconf 87' lang='lat' dir='ltr'>e</span> 
     </span>
     <span class='ocr_line' id='line_1_39' title="bbox 57 2202 1772 2254; baseline 0.001 -16"><span class='ocrx_word' id='word_1_486' title='bbox 57 2202 203 2240; x_wconf 78' lang='lat' dir='ltr'>v&#39;erfione</span> <span class='ocrx_word' id='word_1_487' title='bbox 221 2203 277 2240; x_wconf 76' lang='lat' dir='ltr'>lat.</span> <span class='ocrx_word' id='word_1_488' title='bbox 296 2204 502 2251; x_wconf 83' lang='lat' dir='ltr'>Ringrnanni</span> <span class='ocrx_word' id='word_1_489' title='bbox 517 2202 644 2237; x_wconf 82' lang='lat' dir='ltr'>Philesii</span> <span class='ocrx_word' id='word_1_490' title='bbox 667 2217 693 2238; x_wconf 91' lang='lat' dir='ltr'>a.</span> <span class='ocrx_word' id='word_1_491' title='bbox 711 2215 779 2247; x_wconf 78' lang='lat'><em>¹5³¹-</em></span> <span class='ocrx_word' id='word_1_492' title='bbox 797 2204 888 2250; x_wconf 87' lang='lat' dir='ltr'>(loco</span> <span class='ocrx_word' id='word_1_493' title='bbox 906 2206 996 2251; x_wconf 79' lang='lat'>¹513.)</span> <span class='ocrx_word' id='word_1_494' title='bbox 1016 2204 1240 2242; x_wconf 84' lang='lat' dir='ltr'>recudendum</span> <span class='ocrx_word' id='word_1_495' title='bbox 1264 2205 1386 2242; x_wconf 88' lang='lat' dir='ltr'>curasse</span> <span class='ocrx_word' id='word_1_496' title='bbox 1409 2216 1544 2243; x_wconf 83' lang='lat' dir='ltr'>textum.</span> <span class='ocrx_word' id='word_1_497' title='bbox 1571 2226 1623 2234; x_wconf 91' lang='lat'>—-</span> <span class='ocrx_word' id='word_1_498' title='bbox 1646 2205 1772 2254; x_wconf 81' lang='lat' dir='ltr'>Argen-</span> 
     </span>
     <span class='ocr_line' id='line_1_40' title="bbox 57 2253 1773 2308; baseline 0.001 -18"><span class='ocrx_word' id='word_1_499' title='bbox 57 2258 159 2290; x_wconf 72' lang='lat' dir='ltr'>toran·</span> <span class='ocrx_word' id='word_1_500' title='bbox 180 2256 267 2302; x_wconf 63' lang='lat' dir='ltr'>typis</span> <span class='ocrx_word' id='word_1_501' title='bbox 293 2263 324 2291; x_wconf 88' lang='lat' dir='ltr'>et</span> <span class='ocrx_word' id='word_1_502' title='bbox 345 2253 498 2302; x_wconf 81' lang='lat' dir='ltr'>impensis</span> <span class='ocrx_word' id='word_1_503' title='bbox 523 2256 571 2290; x_wconf 86' lang='lat' dir='ltr'>Io.</span> <span class='ocrx_word' id='word_1_504' title='bbox 587 2255 815 2303; x_wconf 84' lang='lat' dir='ltr'>Grieningeri‚</span> <span class='ocrx_word' id='word_1_505' title='bbox 842 2269 909 2292; x_wconf 88' lang='lat' dir='ltr'>cum</span> <span class='ocrx_word' id='word_1_506' title='bbox 933 2257 1171 2294; x_wconf 73' lang='lat' dir='ltr'>Nwtericorum</span> <span class='ocrx_word' id='word_1_507' title='bbox 1187 2258 1505 2308; x_wconf 75' lang='lat' dir='ltr'>perlustrationibus,</span> <span class='ocrx_word' id='word_1_508' title='bbox 1532 2267 1665 2305; x_wconf 84' lang='lat' dir='ltr'>curante</span> <span class='ocrx_word' id='word_1_509' title='bbox 1688 2259 1773 2292; x_wconf 73' lang='lat' dir='ltr'>Lau·</span> 
     </span>
     <span class='ocr_line' id='line_1_41' title="bbox 56 2303 1771 2360; baseline -0.001 -17"><span class='ocrx_word' id='word_1_510' title='bbox 56 2307 160 2353; x_wconf 71' lang='lat' dir='ltr'>mtu&#39;o</span> <span class='ocrx_word' id='word_1_511' title='bbox 178 2306 325 2357; x_wconf 71' lang='lat' dir='ltr'>PIzrfio,</span> <span class='ocrx_word' id='word_1_512' title='bbox 351 2303 508 2350; x_wconf 79' lang='lat' dir='ltr'>1522.fol.</span> <span class='ocrx_word' id='word_1_513' title='bbox 532 2317 610 2342; x_wconf 88' lang='lat' dir='ltr'>cum</span> <span class='ocrx_word' id='word_1_514' title='bbox 631 2307 713 2343; x_wconf 85' lang='lat' dir='ltr'>tabb.</span> <span class='ocrx_word' id='word_1_515' title='bbox 730 2308 864 2346; x_wconf 82' lang='lat' dir='ltr'>XXVII.</span> <span class='ocrx_word' id='word_1_516' title='bbox 881 2309 1116 2357; x_wconf 79' lang='lat' dir='ltr'>antiquioribus</span> <span class='ocrx_word' id='word_1_517' title='bbox 1131 2320 1163 2348; x_wconf 85' lang='lat' dir='ltr'>et</span> <span class='ocrx_word' id='word_1_518' title='bbox 1180 2311 1250 2360; x_wconf 70' lang='lat' dir='ltr'>XX.</span> <span class='ocrx_word' id='word_1_519' title='bbox 1263 2311 1508 2358; x_wconf 61' lang='lat' dir='ltr'>recentioribus.</span> <span class='ocrx_word' id='word_1_520' title='bbox 1558 2312 1597 2347; x_wconf 82' lang='lat' dir='ltr'>ln</span> <span class='ocrx_word' id='word_1_521' title='bbox 1618 2310 1680 2346; x_wconf 75' lang='lat' dir='ltr'>hac</span> <span class='ocrx_word' id='word_1_522' title='bbox 1705 2305 1771 2342; x_wconf 87' lang='lat' dir='ltr'>edi-</span> 
     </span>
     <span class='ocr_line' id='line_1_42' title="bbox 910 2367 1771 2405; baseline -0.003 -7"><span class='ocrx_word' id='word_1_523' title='bbox 910 2367 994 2403; x_wconf 82' lang='lat' dir='ltr'>Mm</span> <span class='ocrx_word' id='word_1_524' title='bbox 1017 2372 1037 2397; x_wconf 84' lang='lat'>2</span> <span class='ocrx_word' id='word_1_525' title='bbox 1679 2368 1771 2405; x_wconf 71' lang='lat' dir='ltr'>none</span> 
     </span>
    </p>
   </div>
   <div class='ocr_carea' id='block_1_7' title="bbox 122 2427 744 2472">
    <p class='ocr_par' dir='ltr' id='par_1_8' title="bbox 122 2427 744 2472">
     <span class='ocr_line' id='line_1_43' title="bbox 122 2427 744 2472; baseline 0.002 -11"><span class='ocrx_word' id='word_1_526' title='bbox 122 2429 153 2468; x_wconf 74' lang='grc' dir='ltr'>ἰ)</span> <span class='ocrx_word' id='word_1_527' title='bbox 177 2429 257 2468; x_wconf 64' lang='lat' dir='ltr'>Hine</span> <span class='ocrx_word' id='word_1_528' title='bbox 274 2428 381 2471; x_wconf 61' lang='grc' dir='ltr'>Ἥβης</span> <span class='ocrx_word' id='word_1_529' title='bbox 400 2428 505 2464; x_wconf 77' lang='lat' dir='ltr'>habuit</span> <span class='ocrx_word' id='word_1_530' title='bbox 523 2427 744 2472; x_wconf 63' lang='lat' dir='ltr'>bibliopolium2</span> 
     </span>
    </p>
   </div>
  </div>
 </body>
</html>
