2049 2720
514 145 677 185 GALENt
708 145 824 183 rimu
855 146 1116 184 MANIFESTE
1150 151 1292 188 swan
1341 153 1646 194 Liamcxsx.
1697 170 1760 206 447

57 249 135 282 'nem
151 240 240 280 suam
253 241 370 279 Vidius
385 239 454 278 vsus
468 240 512 278 est
530 241 644 278 codice
657 242 729 279 MS.
748 254 786 277 ex
799 239 994 277 bibliotheca
1009 242 1098 291 publ.
1118 244 1281 294 Puussmz,
1308 247 1341 282 in
1366 259 1434 296 quo
1456 251 1553 286 etiam
1571 253 1712 288 Soranus
1727 262 1760 289 et

56 295 258 333 Heliodorus
277 294 316 330 de
330 292 433 330 fasciis
451 294 687 329 continebatur.
714 295 763 328 Ex
780 295 828 328 his
842 296 875 328 in
891 296 1153 340 interpretatione
1169 293 1328 345 suppleuit
1342 298 1457 336 Vidius
1470 301 1650 349 quaedam,
1677 317 1758 352 quae

54 346 111 384 fibi
134 358 190 384 aut
212 343 327 383 omissa
350 360 369 381 a
394 345 539 387 Galeno,
564 355 618 380 aut
638 341 789 380 interiisse
811 355 902 380 erant
922 343 996 382 visa.
1020 366 1066 372 —-
1093 347 1209 382 Galmz·
1230 347 1271 383 de
1287 346 1392 384 fasciis
1412 350 1537 387 libellus
1552 367 1570 389 a
1589 355 1676 390 Vido
1697 356 1759 390 Vs·-

55 398 108 435 dt‘o
127 399 284 435 latinitate
304 396 442 433 donatus
463 399 682 446 congruisque
705 395 850 431 iconibus
871 394 1054 432 illustratus.
1081 398 1113 431 in
1134 411 1176 433 12.
1193 402 1213 421 *
1236 398 1302 435 fine
1317 400 1394 436 loco
1410 412 1441 437 et
1454 416 1551 439 anno.
1578 424 1628 432 -—-
1656 408 1759 454 Repe-

54 452 112 486 tita
135 449 179 485 est
201 463 237 484 ea
259 447 359 484 editio
380 446 483 496 Lugd.
501 459 579 493 ¹553·
596 450 643 483 16.
668 467 719 489 -ε
745 446 867 482 Prodiit
886 450 982 483 etiam
1008 451 1041 482 in
1066 449 1165 485 Conr.
1183 451 1315 485 Gesneri
1335 450 1539 498 scriptoribus
1560 457 1759 505 chirurgicis.

54 502 174 549 Tigur.
191 511 272 546 1555.
289 498 352 536 fol.
385 521 434 526 —
464 496 519 537 Ἐκ
543 500 608 537 τῶν
628 505 654 538 Γ
656 499 766 542 manvi}
785 496 1034 547 ὑπομνημάτων
1054 500 1131 550 περὶ
1150 497 1332 550 ἐπιδεσμῶν
1351 502 1502 546 βιβλίον.
1561 507 1618 541 Ex
1643 509 1761 544 Galeni

54 553 282 588 commentariis
303 551 342 585 de
353 550 467 598 fizfiiis
487 551 620 585 libellus.
670 550 779 585 Exstat
795 553 829 585 in
847 549 920 585 edit.
940 551 1102 586 Charterii
1122 562 1204 587 tom.
1221 554 1290 587 Xll.
1307 567 1380 602 pag.
1396 566 1469 600 500.
1521 559 1660 594 Pertinet
1682 561 1759 596 huc,

53 602 126 639 Ess'e
145 601 273 638 videtur
293 612 483 650 excerptum
504 614 544 636 ex
560 601 644 636 libro
665 600 706 636 de
728 599 851 647 fasciis,
876 601 1097 652 compositum
1114 616 1133 640 a
1151 602 1331 650 Galenissa‚
1357 618 1468 643 rerum
1491 605 1620 645 suarum
1643 623 1760 658 gnaro.

52 654 108 692 Est
126 652 353 703 fragmentum
372 662 519 697 tantum,
546 655 598 688 cui
619 652 692 688 finis
710 651 808 689 deest.

153 757 210 794 XI.
234 756 322 792 Libri
340 753 511 794 manifeste
529 754 648 808 spurii,
673 759 729 807 qui
750 759 834 794 inter
855 757 971 794 Galeni
991 771 1093 809 opera
1113 763 1232 811 recepti
1253 760 1430 811 leguntur,
1456 763 1491 799 hi
1509 760 1598 800 sunt:

152 845 218 870 101.
250 833 330 884 Περὶ
353 830 534 883 φιλοσᾶφε
558 835 694 885 ἱςοςῖοις.
745 835 800 870 De
821 833 950 881 historia
970 836 1196 884 philqlbphica.
1256 836 1366 874 Exstat
1385 841 1419 874 in
1442 838 1579 881 Aldina.
1611 847 1689 888 part.
1707 839 1762 875 lv.

52 882 114 922 fol.
131 891 182 926 28.
207 887 292 920 inter
314 887 444 921 nothos.
496 888 534 920 ln
555 898 672 934 graeca
690 884 782 921 Bafil.
804 897 890 934 part.
906 888 959 921 lv.
982 885 1044 923 fol.
1062 900 1114 930 42·
1142 889 1176 922 in
1195 887 1272 924 edit.
1287 891 1450 925 Charterii
1471 901 1554 927 tom.
1571 893 1609 924 11.
1627 903 1701 938 pag.
1717 901 1762 926 αι.

51 939 88 973 in
105 933 241 987 septima
259 937 428 972 Iuniarum
452 938 485 971 in
504 935 590 972 class.
608 934 793 984 spuriorum
810 935 872 973 fol.
889 949 916 973 2.
970 937 1024 973 Est
1044 939 1215 973 Plutarchi
1234 939 1317 975 liber
1341 940 1381 976 de
1402 943 1526 990 placitis
1549 939 1764 990 philosopho·

52 1001 148 1030 rum,
179 989 214 1023 in
235 989 398 1036 principio
418 996 544 1023 tantum
566 987 803 1036 aliquantulum
824 996 976 1023 mutatus.
1035 988 1133 1024 Iulius
1149 991 1331 1026 Martianus
1344 993 1430 1028 Rota
1450 994 1538 1028 hunc
1566 993 1684 1028 librum
1709 993 1765 1027 tri·

51 1037 122 1075 buit
138 1041 251 1082 Aetio,
279 1051 378 1086 quem
397 1037 439 1074 de
461 1038 585 1087 placitis
609 1036 885 1087 philosophorum
906 1035 1060 1088 scripfitffe
1081 1039 1211 1076 testatur
1229 1042 1458 1079 Theodoritus
1479 1046 1657 1092 therapeut.
1688 1041 1763 1080 Vid.

52 1103 134 1140 quae
155 1088 241 1126 dicta
260 1087 333 1125 sunt
350 1089 392 1125 ad
408 1089 569 1125 Plutarchi
589 1089 689 1125 libros
703 1088 742 1124 de
763 1089 882 1136 placitis
895 1088 1186 1140 philosophorum.
1208 1111 1261 1119 -—
1287 1095 1408 1130 Graece
1422 1098 1519 1131 etiam
1532 1095 1630 1131 exilat
1643 1098 1677 1130 in
1694 1096 1765 1130 Ari.

51 1141 175 1179 ssotelis
197 1155 277 1191 opp.
300 1143 415 1176 Vener.
432 1152 522 1186 1497.
538 1138 601 1177 fol.
627 1159 678 1167 —
704 1142 812 1175 Julius
828 1141 1019 1176 Martianus
1035 1143 1123 1177 Rota
1144 1144 1370 1193 interpretatus
1391 1145 1457 1189 est,
1479 1144 1535 1183 sed
1556 1149 1666 1185 minus
1691 1143 1765 1182 feli·

50 1195 143 1231 citer.
170 1213 218 1222 —
245 1193 355 1228 Andr.
368 1192 517 1227 Lacuna:
532 1194 754 1241 interpretatio
769 1190 894 1241 prodiit
907 1192 1032 1230 Colon.
1049 1205 1130 1240 ¹543·
1145 1199 1175 1234 8.
1191 1195 1211 1215 ’⁸'

153 1281 224 1306 102.
239 1265 338 1320 Ὅροι
353 1269 504 1317 ἲαιτρικοί.
554 1267 774 1315 Definitiones
791 1269 936 1308 medicae,
962 1266 1003 1304 ad
1017 1269 1205 1306 Theutram
1219 1267 1367 1320 scriptae.
1417 1273 1551 1310 Exstant
1566 1277 1601 1311 in
1616 1273 1692 1311 edit.
1709 1272 1765 1310 At·

51 1319 120 1358 din.
134 1333 216 1371 part.
230 1322 288 1356 1v.
310 1323 345 1355 in
358 1319 529 1369 isagogicis
546 1317 606 1355 fol.
624 1333 663 1355 ιι.
716 1318 820 1355 Aldus
835 1332 914 1355 vero
930 1332 981 1355 eas
998 1322 1083 1356 inter
1098 1323 1214 1357 nothas
1230 1321 1340 1359 refert.
1392 1325 1429 1360 In
1451 1325 1526 1361 edit.
1545 1339 1652 1375 graec.
1672 1323 1765 1361 Bam.

50 1382 133 1424 part.
148 1375 206 1409 1v.
224 1385 298 1420 pag.
314 1384 392 1418 390.
417 1372 471 1406 vbi
486 1373 585 1407 etiam
599 1368 715 1420 spuriis
734 1370 1002 1407 adnumerantur.
1054 1373 1092 1407 In
1112 1372 1187 1408 edit.
1201 1376 1284 1411 Ren.
1301 1376 1466 1412 Charterii
1490 1387 1572 1415 tom.
1588 1380 1627 1413 11.
1647 1391 1679 1426 p.
1696 1388 1764 1420 232.

51 1428 89 1462 ln
111 1425 167 1461 lat.
185 1425 314 1459 Iuntina
336 1422 472 1471 septima
487 1422 562 1459 edit.
577 1420 781 1471 inisagogic.
803 1420 863 1458 fol.
880 1434 932 1465 43.
982 1424 1049 1457 vix
1073 1425 1170 1460 etiam
1192 1438 1252 1474 pro
1275 1426 1391 1461 Galcni
1413 1431 1559 1475 genuino
1583 1442 1681 1477 opere
1702 1429 1764 1463 hae

51 1475 255 1513 definitiones
269 1475 378 1510 haberi
391 1473 540 1524 possunt,
566 1484 597 1510 et
613 1472 638 1509 si
653 1473 849 1522 conscriptas
870 1474 910 1510 ab
933 1486 974 1509 eo
991 1472 1053 1509 effe
1072 1485 1181 1524 putes,
1207 1490 1277 1513 non
1298 1474 1384 1528 πςὲς
1407 1475 1532 1518 ἔκδοσιν
1550 1479 1680 1529 scriptas
1699 1476 1763 1514 effe

51 1525 301 1565 existimandum
317 1524 370 1561 est.
426 1528 646 1562 Continentur
663 1527 696 1560 in
710 1528 746 1561 iis
762 1525 866 1561 multa
883 1535 1032 1574 excerpta
1048 1539 1089 1562 ex
1106 1528 1343 1576 antiquioribus
1359 1530 1505 1574 medicis,
1533 1545 1676 1581 quorum
1690 1527 1763 1565 scri-

50 1589 106 1630 pta
121 1580 264 1629 periere,
290 1591 429 1627 eamque
445 1578 489 1613 ob
504 1590 573 1613 rem
592 1580 707 1625 magni
728 1576 946 1613 aestimandae
967 1576 1048 1613 sunt.
1098 1581 1224 1615 Auctor
1238 1581 1337 1616 etiarn
1356 1583 1390 1615 in
1404 1595 1555 1631 prooem.
1571 1597 1603 1632 p.
1617 1590 1682 1627 23²·
1696 1593 1763 1624 233.

52 1630 130 1666 edit.
150 1631 259 1665 Chart.
276 1640 358 1665 tom.
373 1631 413 1664 Π.
434 1628 572 1664 candide
584 1627 724 1671 fatetur,
751 1627 783 1664 se
796 1627 1003 1665 definitiones
1018 1626 1089 1664 suas
1106 1643 1145 1665 ex
1169 1630 1237 1666 aliis
1257 1629 1470 1681 exscripsisse,
1496 1631 1650 1670 addidisse
1672 1644 1762 1674 vero,

50 1695 129 1732 quas
144 1679 273 1729 scriptas
288 1693 357 1715 non
372 1683 540 1716 inuenerit.
591 1679 686 1716 Ordo
702 1691 846 1716 ceterum
862 1679 970 1716 nullus
983 1680 1039 1724 est,
1057 1694 1096 1716 ex
1112 1695 1180 1731 quo
1197 1685 1295 1717 etiam
1312 1684 1515 1733 intelligitur,
1531 1687 1618 1721 hunc
1637 1684 1762 1721 librum

50 1746 121 1770 non
135 1733 252 1769 Galeni
264 1730 348 1774 esse,
374 1731 498 1767 ordinis
513 1731 730 1767 amantiffimi.
784 1733 971 1768 Genuinum
987 1742 1096 1767 tamen
1112 1743 1202 1781 putat
1217 1735 1259 1768 R.
1277 1735 1486 1775 Charterius,
1510 1739 1543 1772 in
1557 1735 1676 1772 concis.
1694 1745 1764 1772 not.

49 1798 88 1821 ac
101 1797 166 1819 var.
184 1783 271 1819 lectt.
289 1782 329 1818 ad
347 1784 434 1818 hunc
451 1784 520 1818 libr.
539 1796 612 1831 pag.
629 1792 717 1827 404:
733 1803 784 1809 —
810 1782 952 1818 Codices
969 1785 1080 1830 graeci
1100 1783 1222 1819 exstant
1238 1785 1314 1821 MS.
1330 1788 1362 1820 in
1379 1787 1525 1823 biblioth.
1544 1787 1631 1836 publ.
1648 1787 1760 1833 Paris.

49 1848 99 1872 nr.
114 1835 279 1870 MMCL'.
295 1835 528 1869 MMCLXXV
541 1843 573 1869 et
589 1835 800 1870 MMCCLH.
851 1834 984 1870 Exstant
1005 1836 1101 1870 etiam
1126 1837 1159 1869 in
1179 1835 1365 1883 Augustana
1387 1851 1424 1872 ac
1446 1840 1482 1873 in
1502 1836 1656 1874 Caesarea
1675 1838 1762 1874 Vin.

50 1885 218 1930 dobonenfi
233 1885 382 1919 Lambec.
407 1885 477 1919 libr.
493 1887 549 1919 Vl.
571 1897 648 1932 pag.
665 1887 726 1931 196
749 1894 782 1920 et
805 1897 868 1930 ¹45-
909 1883 999 1920 conf.
1015 1885 1056 1920 de
1077 1883 1183 1920 Neffel
1205 1895 1284 1933 part.
1300 1887 1356 1921 111.
1377 1900 1454 1937 pag.
1474 1900 1525 1932 27.
1551 1902 1601 1925 nr.
1617 1897 1649 1930 8.
1721 1892 1759 1924 In

50 1936 195 1972 biblioth.
220 1937 308 1983 regia
328 1936 518 1984 Londinenfl
541 1933 611 1969 Cas
611 1934 691 1980 hley
714 1948 787 1984 pag.
803 1938 870 1972 216.
905 1938 938 1970 in
963 1935 1108 1971 biblioth.
1133 1935 1201 1972 Cai.
1217 1937 1362 1973 Gonuill.
1390 1952 1440 1975 nr.
1457 1940 1758 1976 DCCCCXLVItt.

47 1988 281 2035 Fragmentum
307 1985 537 2022 definitionum
559 1985 763 2022 medicarum
781 1985 881 2021 exstat
902 1999 1018 2034 graece
1040 1989 1074 2021 in
1100 1986 1244 2023 biblioth.
1261 1989 1467 2036 Augustam.
1524 1993 1616 2027 Alius
1640 1991 1757 2031 codex.

49 2041 138 2088 isque
159 2040 313 2086 integrior
336 2038 510 2079 omnibus,
536 2037 635 2072 exstat
655 2040 688 2071 in
710 2037 858 2072 biblioth.
878 2037 1017 2072 Vindob.
1039 2050 1166 2086 graece.
1206 2037 1269 2073 vid.
1285 2038 1325 2075 de
1341 2039 1446 2076 Neffel
1465 2053 1549 2090 part.
1563 2044 1618 2079 111.
1642 2056 1689 2079 nr.
1705 2055 1755 2088 19.

48 2102 81 2136 9.
104 2102 178 2138 pag.
195 2101 246 2131 30.
299 2088 444 2123 Galenus
466 2088 505 2124 (le
527 2088 769 2123 definitionibus
790 2087 855 2130 est,
894 2097 927 2123 vt
944 2098 1044 2138 puto,
1081 2089 1179 2124 latine
1205 2091 1289 2126 inter
1313 2092 1409 2127 MSS.
1441 2093 1587 2129 biblioth.
1611 2095 1755 2129 Iacobcae

48 2153 98 2177 nr.
116 2140 746 2175 MMMMMMMMCCCCLXXXW.
778 2159 828 2166 —
860 2138 982 2175 Prodiit
1002 2153 1120 2188 graece
1139 2150 1170 2177 et
1191 2139 1311 2178 latine:
1336 2143 1449 2190 Sebast.
1465 2146 1636 2192 Singheleri
1652 2144 1755 2181 medi-

49 2204 165 2227 corum
192 2188 318 2233 schola,
346 2192 377 2226 h.
392 2204 420 2226 e.
439 2192 566 2226 Claudii
583 2191 698 2226 Galeni
716 2189 867 2238 isagoge,
893 2188 947 2225 seu
968 2190 1129 2234 medicus,
1159 2192 1302 2229 eiusdem
1325 2193 1554 2231 definitionum
1575 2196 1753 2232 medicina·

41 2241 131 2278 >liurn
146 2242 232 2276 liber.
259 2254 366 2289 graec.
385 2252 415 2276 et
429 2240 483 2277 lat.
507 2241 598 2277 Basti.
615 2254 674 2290 per
690 2243 759 2277 Th.
774 2243 949 2277 Platterurn
965 2251 995 2278 et
1010 2243 1111 2278 Balth.
1128 2242 1273 2286 Lafium,
1300 2257 1384 2290 ¹537·
1402 2254 1432 2286 8.
1455 2267 1506 2274 -
1531 2247 1656 2283 Prodiit
1681 2249 1753 2282 lati.

49 2290 106 2328 m}
139 2293 254 2327 Gonni
273 2291 476 2328 definitiones
500 2293 665 2336 medicae,
702 2295 876 2342 interprete
899 2295 981 2328 Iona
994 2293 1180 2341 philologo,
1218 2294 1311 2332 Paris.
1335 2297 1420 2344 apud
1449 2299 1749 2337 SimColinaeum.

50 2352 132 2386 1528.
147 2345 201 2384 8.·
254 2345 401 2391 Repetita
419 2344 462 2378 est
478 2358 514 2379 ea
531 2345 602 2379 edit.
620 2344 744 2380 colon.
761 2356 842 2391 ¹5²9·
861 2352 892 2384 8.
927 2364 976 2372 -
1010 2342 1124 2380 Versus
1144 2344 1243 2381 latine
1258 2350 1283 2381 is
1297 2361 1428 2398 quoque
1446 2350 1526 2384 liber
1540 2349 1582 2383 ess
1598 2363 1615 2384 a
1632 2350 1748 2385 Barth.

26 2429 33 2431 ,
48 2394 215 2442 Sy-'uauio,
240 2404 270 2430 et
287 2394 421 2443 quidem
436 2398 498 2439 ita,
524 2406 557 2431 vt
578 2395 752 2444 Syluanius
774 2409 815 2432 ex
836 2393 989 2433 codicum
1005 2406 1149 2433 veterum
1173 2397 1352 2436 collatione
1364 2402 1452 2436 hunc
1466 2400 1587 2437 librum
1601 2401 1748 2451 pluribus

1666 2453 1747 2489 loci·
