2049 2720
42 127 342 163 Vol-11¹·P-634P696
389 126 608 164 CLAVDIVS
639 124 857 163 AELtAst
899 124 971 161 Lib.
982 125 1051 164 IV.
1067 138 1090 161 c.
1104 125 1249 162 XXVI.
1265 125 1437 162 XXVII.
1453 125 1504 169 (ol.
1519 125 1643 172 XXI.)
1683 128 1749 171 609

147 223 249 257 Mich.
263 223 413 257 Neander
433 226 467 258 in
485 221 729 271 prolegomenis
746 220 786 263 ad
802 221 1058 270 gnomologiam
1077 234 1116 256 ex
1141 221 1280 256 Stobaeo
1301 221 1476 257 collec‘tam
1500 234 1574 270 pag.
1592 233 1630 257 ιι.
1653 219 1749 256 adfir-

43 284 126 315 mat,
160 273 280 309 exstare
303 277 399 310 etiam
421 276 578 309 Athenaei
598 273 698 309 nostri
719 271 930 321 paraphrasin
951 276 984 308 in
1006 272 1160 307 Nicandri
1182 272 1473 321 Alexipharmaca,
1505 283 1537 308 et
1560 272 1600 307 de
1622 275 1748 308 machi·
1786 306 1799 311 s

43 327 91 359 nis
106 323 238 360 bellicis.
291 325 354 360 Sed
375 323 496 361 scholia
519 328 553 359 in
567 323 768 360 Nicandrum
790 324 828 359 ab
844 325 914 359 aliis
931 326 1027 359 tribui
1045 327 1211 359 Athenaeo
1227 324 1378 360 Attalenfi
1399 323 1551 364 medico,
1578 326 1640 358 iam
1659 322 1751 372 supra

43 374 109 410 dixi
122 401 133 418 ‚
158 387 188 411 et
214 376 295 411 liber
316 376 356 412 de
378 379 536 412 machinis
556 377 657 424 longe
677 379 894 424 antiquiorem
914 377 1082 411 audlorem
1107 371 1255 423 agnoscit
1273 375 1484 415 Athenaeum,
1509 375 1675 425 aequalem
1695 379 1751 410 Ar-

44 426 222 468 chimedis,
248 430 304 475 qui
325 429 445 464 librum
465 427 557 463 suum
580 426 736 477 inscripsit
755 429 804 462 M.
820 427 1002 469 Marcello,
1027 425 1260 472 Syracusarum
1279 429 1503 476 expugnatori.
1555 426 1637 462 Vide
1657 425 1750 477 supra

43 477 98 514 lib.
113 479 169 514 111.
193 492 262 526 cap.
277 491 328 523 24.
356 480 418 526 [If]
446 479 528 526 [vol.
545 480 600 515 IV.
625 491 698 528 pag.
716 490 774 513 222
791 475 874 527 sqq.]
1233 483 1236 485 ’
1253 469 1282 498 .

147 545 322 591 [Fabricius
351 559 390 581 ex
419 545 495 581 edit.
516 544 665 592 Lugdun.
688 549 772 589 1657.
799 543 960 587 indicem,
990 544 1115 593 aliquot
1140 544 1219 580 locis
1248 546 1380 580 audium
1409 555 1504 593 atque
1531 544 1751 589 emendatum,

42 593 257 632 subiunxerat‚
306 599 489 632 Enimuero
511 596 600 645 quod
618 609 694 631 cum
714 609 778 644 ego
796 610 872 632 eum
887 595 979 644 saepe
997 595 1149 631 vitiosum
1164 610 1386 646 mancumque
1401 596 1620 645 deprehendi,
1646 608 1754 646 atque,

43 659 242 696 quamquam
262 647 420 696 quaedam
437 648 594 683 adnotare
609 658 640 683 et
656 650 820 695 corrigere
838 644 1032 697 coeperam,
1061 658 1172 684 tamen
1194 659 1225 683 et
1245 648 1390 684 laborem
1416 651 1578 697 ingratum
1594 650 1754 683 maxime-

43 710 107 746 que
129 696 357 746 imperfeilum
379 698 544 736 faeturum
565 696 628 735 effe
652 696 741 739 senfi,
763 709 833 734 tum
852 700 888 735 V
890 701 1042 735 alfkenar.
1058 703 1090 734 in
1108 697 1176 734 diss.
1199 699 1337 745 (adietsta
1357 700 1472 748 Vrsini
1488 699 1632 747 Virgilio
1654 699 1756 735 colla·

42 751 134 784 tione
147 761 342 798 graecorum
367 749 562 800 scriptorum
582 749 754 794 illustrato)
767 749 807 785 de
822 748 950 786 scholiis
965 752 1003 786 ad
1021 753 1208 786 Homerum
1224 764 1299 800 pag.
1317 764 1384 797 ¹49·
1411 764 1486 787 eum
1511 750 1651 786 indicem
1675 750 1756 786 iudi-

42 803 148 843 cauit,
175 804 317 837 centenis
339 804 498 838 erroribus
522 800 694 837 scatentem
710 811 740 836 et
754 803 924 838 audiorem
941 801 1113 851 indignum
1131 801 1302 850 prosedim
1330 804 1418 837 cuius
1442 801 1660 850 turpiffirnum
1681 816 1756 838 cen-

43 860 158 887 tonem
182 857 274 901 operi
299 853 454 889 duraturo
481 851 681 889 intersereret
706 853 886 896 Fabricius,
917 864 950 888 vt
973 854 1116 889 aliorum
1144 853 1270 889 silentio
1302 858 1559 902 praetermittam
1588 855 1754 903 querelas3

44 915 131 951 ego,
167 913 201 938 vt
226 903 319 940 illum
341 904 480 940 indicem
503 908 566 940 hoc
586 906 663 940 loco
687 902 920 948 resciuderem,
956 918 1056 952 quam
1080 905 1232 940 omnibus
1255 907 1336 939 vitiis
1360 905 1534 954 oppletum
1560 916 1754 954 repeterem,

46 952 143 988 satius
167 952 229 990 effe
250 954 338 992 duxi.
390 953 511 991 Forsan
535 956 628 997 licet,
656 968 720 1003 ope
744 955 861 991 eruditi
886 956 1051 990 cuiusdam
1072 959 1189 998 amici,
1216 969 1291 991 eum
1312 956 1377 992 alio
1392 968 1542 1005 tempore
1556 960 1756 993 curatiorem

42 1014 78 1039 et
97 1005 297 1053 pleniorem,
331 1018 494 1055 praeterea
515 1010 597 1042 veria
621 1010 800 1044 nominum
820 1006 1010 1043 lectionibus
1035 1007 1147 1044 multis
1170 1007 1251 1044 locis
1272 1007 1451 1044 emendatis
1472 1019 1569 1058 atque
1589 1008 1754 1052 restitutis,

43 1059 220 1096 certiorem
240 1059 402 1094 exhibere.
429 1059 544 1104 Harl]

405 1158 442 1201 C
484 1159 528 1203 A
567 1157 601 1202 P
640 1157 685 1204 V
728 1158 767 1202 T
828 1157 1022 1204 XXVI
1082 1159 1231 1215 (oiim
1260 1160 1398 1214 XXI)

526 1227 600 1262 DE
653 1227 934 1262 CLAVDIO
985 1227 1263 1262 AELIANO

45 1302 70 1333 L
86 1300 213 1333 Aeliani
227 1303 314 1331 aetas
327 1304 357 1332 et
370 1302 447 1332 vita,
499 1303 537 1332 11.
553 1302 672 1334 Variae
687 1300 838 1343 historiae.
896 1302 947 1332 111.
963 1301 1101 1342 Hzstoria
1116 1302 1304 1333 animalium.
1363 1303 1413 1332 IV.
1438 1300 1557 1333 Taae‘ica
1573 1302 1757 1343 antiquioris

131 1349 166 1374 vt
188 1343 309 1374 videtur
326 1344 458 1375 Aeliani.
510 1346 545 1375 V.
567 1344 720 1385 Epistolae
744 1345 878 1384 rusticae.
925 1346 976 1375 vl.
993 1345 1120 1385 Scripta
1134 1343 1257 1376 Aeliani
1278 1344 1447 1386 deperdita.
1493 1346 1557 1377 VH.
1576 1344 1757 1387 Indexfiri-

126 1390 265 1428 prorum,
279 1388 311 1418 in
324 1387 419 1419 varia
435 1390 464 1418 et
478 1387 657 1418 animalium
671 1386 797 1428 htstoria
813 1388 987 1418 citatorum.

647 1456 739 1491 {Cum
760 1455 890 1486 andario
912 1454 949 1486 G.
967 1453 997 1487 C.
1012 1453 1150 1491 Harles]

887 1536 912 1568 1.

527 1611 1277 1648 [PRAEMONENDA.

0 1683 1 1687 ¹
47 1662 138 1741 De
158 1664 312 1707 Aeliano,
345 1667 411 1702 eius
435 1676 556 1711 aetate,
588 1679 620 1705 et
639 1682 721 1704 num
744 1670 891 1705 auetores
914 1668 1072 1704 historiar.
1098 1672 1261 1704 variarum
1291 1678 1387 1717 atque
1410 1666 1480 1703 hist.
1501 1677 1605 1704 natur.
1628 1669 1760 1705 ‹actico-

145 1731 285 1766 rumque
301 1716 422 1753 fuerint
437 1718 574 1760 diuerfi,
600 1734 661 1756 uec
681 1724 743 1756 ne?
770 1723 845 1768 quia
860 1723 920 1755 viri
935 1719 1066 1768 quidam
1081 1719 1170 1756 docti
1186 1718 1458 1765 valdefidissentire
1473 1729 1504 1754 et
1521 1723 1553 1753 in
1567 1719 1629 1755 alia
1646 1723 1760 1756 omnia

49 1769 137 1804 abire
160 1767 284 1805 solent:
317 1769 556 1817 quorumdam,
590 1775 647 1820 qui
670 1771 765 1819 plura
781 1769 983 1820 disputarunt
1002 1774 1035 1806 in
1058 1782 1228 1821 vtramque
1255 1780 1400 1821 partem,
1434 1780 1488 1806 aut
1509 1773 1610 1806 vitam
1633 1772 1760 1807 Aeliani

48 1817 285 1868 exposuerunt,
311 1825 607 1857 commentationes
629 1823 788 1858 excitabo.

152 1885 368 1930 Philostratus
390 1885 430 1921 de
450 1889 521 1922 vitis
545 1885 675 1936 sophist.
692 1890 731 1921 11.
748 1900 792 1930 3¹·
819 1888 873 1923 vbi
897 1888 1007 1923 Olear.
1028 1890 1062 1923 in
1085 1890 1170 1923 notis
1193 1900 1267 1936 pag.
1284 1891 1356 1931 624.
1385 1885 1574 1923 sententiam
1597 1889 1762 1923 Perizonii

51 1936 241 1985 ¹amplexus,
268 1938 458 1975 Aelianum,
487 1938 569 1975 Hist.
589 1951 654 1973 var.
670 1936 856 1982 διιᾶσι-επ),
882 1937 1006 1981 censet,
1032 1936 1172 1974 floruisse
1194 1951 1268 1973 cum
1290 1939 1477 1981 Caracalla,
1503 1939 1690 1975 Alexandro
1708 1942 1763 1976 Se-

51 2002 131 2024 vero
148 1998 197 2034 et,
224 1990 278 2036 qui
295 1991 332 2022 iis
349 1985 537 2031 successere,
565 1989 810 2038 imperantibus.
863 1990 900 2025 In
918 1989 1098 2026 Philostrati
1119 1990 1232 2024 locum
1256 1990 1344 2039 quasi
1363 2001 1604 2026 commentatus
1620 1991 1662 2025 ess
1678 1992 1762 2026 Mel-

53 2040 138 2076 cbior
153 2040 277 2074 Schmid
298 2042 332 2074 in
348 2052 460 2088 progr.
476 2039 516 2076 de
533 2041 586 2075 Cl.
607 2042 734 2076 Aeliani
757 2043 795 2075 V.
811 2041 855 2074 H.
879 2040 965 2075 libris
987 2041 1146 2090 quaedam
1171 2040 1413 2089 traduntur‚·et
1433 2040 1531 2090 ipfius
1551 2042 1676 2078 Aeliani
1697 2046 1761 2080 vita

52 2105 74 2126 a
90 2090 283 2128 Philostrato
307 2087 464 2139 descripta
488 2092 665 2127 exhibetur.
693 2089 892 2126 Helrnssadii
914 2095 995 2136 1671.
1019 2107 1049 2137 4.
1472 2101 1481 2104 ”

158 2158 298 2193 Conrad.
320 2159 456 2193 Geumi
479 2155 675 2206 disquisitio,
702 2170 798 2194 vnum
820 2159 990 2194 Aelianum
1014 2162 1184 2203 omnium,
1207 2172 1288 2209 quae
1310 2162 1343 2196 in
1366 2159 1508 2196 editione
1529 2163 1595 2196 eius
1620 2173 1760 2208 operum

0 2210 8 2241 1*
55 2211 251 2246 Gesneriana
265 2209 473 2249 exhibentur,
495 2210 665 2245 auetorem
681 2208 762 2251 effe⁹
790 2220 820 2244 et
841 2211 945 2245 obiter
964 2210 1124 2258 quaedam
1146 2211 1185 2247 de
1205 2213 1270 2247 hoc
1290 2208 1463 2260 scriptore,
1489 2215 1621 2261 eiusque
1636 2209 1762 2260 scriptis

8 2295 9 2299 ,
56 2270 89 2296 et
109 2260 314 2302 nominibus,
343 2262 377 2295 in
392 2260 526 2295 Gemeri
545 2258 680 2309 praefat.
702 2260 741 2296 ad
759 2261 886 2296 Aeliani
906 2275 1023 2309 opera,
1050 2263 1190 2310 Tiguri‚
1218 2267 1305 2309 1556.
1325 2260 1388 2299 fol.

7 2301 9 2318 A

7 2322 11 2376 l

0 2378 11 2420 I!

10 2503 13 2533 l

12 2555 14 2588 l

0 2610 7 2631 Γ

0 2627 38 2720 l.

159 2328 224 2361 Iac.
241 2326 404 2362 Perizonii
424 2336 455 2362 et
476 2327 602 2363 Abrah.
618 2328 777 2362 Gronouit
798 2326 941 2375 praefatt.
967 2329 1007 2364 de
1029 2329 1152 2364 Aeliani
1182 2340 1282 2365 aetate
1310 2340 1407 2378 atque
1436 2329 1585 2373 historia,
1609 2326 1763 2378 praemis-

57 2375 110 2415 sae
133 2376 269 2413 illorum
290 2377 496 2415 editionibus.
548 2380 710 2426 Perizonii
725 2382 873 2431 'rationes
895 2378 1065 2428 adoptauit
1089 2382 1250 2420 Fabricius
1269 2380 1389 2426 nostere

98 2433 170 2476 3⁷⁰¹·
184 2434 224 2469 V.
946 2433 1010 2471 Hh
1021 2432 1075 2477 hb
1681 2430 1765 2481 [7213-
