2013 2725
235 171 291 205 19²
396 153 466 190 Lib.
480 149 546 187 IV.
562 162 586 185 c.
598 147 708 183 XIII.
954 144 1215 183 PLVTARCHI
1623 146 1743 173 v01.111.
1765 154 1790 179 Ρ·
1808 147 1947 180 363Ρ366
2003 159 2012 163 -

234 246 408 287 Diuersum
427 249 459 280 in
476 245 541 280 hoc
558 256 658 292 opere
672 241 780 277 stilum
799 241 836 276 ab
854 239 923 276 aliis
937 238 1060 276 notass'e
1075 239 1129 276 fibi
1149 239 1204 275 visi
1223 237 1295 275 sunt
1310 241 1366 274 viri
1391 237 1523 289 quidam
1539 238 1639 276 doc'li.
1691 241 1870 277 Parthenio
1894 245 1950 278 ita-

234 317 315 353 que,
344 302 432 335 cuius
457 298 635 333 amatoriae
657 296 856 329 narrationes
881 292 1021 336 exstant,
1045 293 1124 328 liber
1146 292 1200 327 ille
1222 293 1372 327 tribuitur
1398 306 1416 327 a
1433 294 1511 326 Iano
1529 291 1686 327 Cornario
1707 294 1740 328 in
1754 291 1889 342 praefat.
1909 293 1948 329 ad

233 352 433 392 Marcellum
450 350 665 396 Empiricum.
718 345 918 380 Plutarchus
931 346 1037 380 inertior
1051 347 1083 380 in
1103 342 1288 393 fragmento
1305 342 1345 378 de
1362 342 1550 379 fluminibus
1566 354 1702 379 vocatur
1725 345 1763 380 ab
1778 344 1824 393 Is:
1845 345 1886 381 V
1883 345 1950 392 offio

234 419 309 456 pag.
326 417 397 447 ¹40·
416 400 456 437 ad
473 399 638 449 periplum
655 399 749 446 ponti
766 398 894 433 Euxini.
922 394 999 444 [vid.
1015 395 1170 432 eumdem
1189 396 1329 441 Voffium
1346 394 1386 430 ad
1403 394 1513 431 Melae
1533 395 1589 431 lib.
1603 397 1627 431 Ι.
1650 409 1721 444 cap.
1740 402 1759 436 8
1773 406 1805 431 et
1820 410 1889 445 cap.
1906 399 1950 443 16.

234 472 271 494 ac
286 457 358 493 libr.
374 455 414 490 11.
433 466 504 501 cap.
516 464 550 487 2.
566 462 640 500 pag.
656 461 725 495 43²-
749 449 885 494 Hem]
938 448 988 483 Ab
1002 448 1071 484 aliis
1086 448 1235 489 Aeliano,
1262 448 1300 482 ab
1316 446 1383 482 aliis
1401 446 1567 482 Antonino
1582 448 1721 482 Liberali
1735 447 1891 483 tributum
1907 461 1952 483 re.

233 508 295 546 sert
311 502 512 546 MaussacuS,
538 505 594 551 qui
609 502 712 548 redte,
738 503 770 537 ni
785 498 902 544 fallor,
929 500 1104 536 Plutarcho
1121 497 1343 536 Chaeronensi
1358 496 1508 536 vindicat.
1554 500 1643 534 Huic
1659 498 1766 534 tribuit
1780 502 1877 535 etiam
1895 501 1954 535 So·
2005 522 2009 524 -

234 570 325 611 pater
341 556 427 606 apud
444 555 598 591 Photium
615 553 688 590 cod.
704 555 815 589 0in.
831 563 862 588 et
879 565 979 588 vnum
994 551 1209 602 eumdemque
1226 548 1288 586 esse
1308 548 1498 599 scriptorem
1520 550 1756 600 parallelorum
1780 553 1953 588 minorum

235 623 266 647 et
282 610 354 646 libri
370 608 412 644 de
426 606 629 648 fluminibus,
648 604 753 641 multa
773 598 906 640 suadent
925 615 1127 653 argumenta.
1179 605 1279 652 Atqui
1294 601 1380 638 illius
1397 602 1467 637 libri
1485 603 1600 638 audior
1621 601 1660 637 ad
1685 603 1786 640 αἴτιοι
1803 599 1857 638 sua
1879 615 1955 650 pro-

234 672 348 704 vocat,
375 673 457 708 quae
479 658 650 694 Plutarcho
672 655 915 695 Chaeronens1‚
940 669 998 691 cur
1023 653 1236 692 abiudicanda
1258 653 1337 698 fint,
1361 667 1462 691 nemo
1484 654 1568 690 dicet
1588 650 1736 699 causam,
1762 666 1837 690 cum
1853 652 1953 694 αἴτιοί

233 717 314 752 haec
337 710 391 748 sua
413 713 488 746 citet
502 710 689 746 Plutarchus
706 706 819 758 ipsein
836 707 996 744 Romulo.

334 781 409 823 126)
423 779 475 814 De
485 777 683 824 praeteristis,
697 773 754 810 sub
769 776 932 811 Plutarchi
949 776 1086 811 nomine
1101 772 1192 809 editis
1207 788 1224 809 a
1241 774 1410 810 Gronouio
1426 776 1459 809 in
1472 771 1572 822 praef.
1592 772 1630 809 ad
1648 782 1779 809 tomum
1791 771 1955 818 decimum
1997 816 2001 818 ἡ

234 829 375 868 thesauri
390 832 619 879 antiquitatum
635 840 840 876 graecarum,
855 826 923 862 dixi
940 825 1033 877 supra
1048 839 1119 875 cap.
1138 827 1192 862 XI.
1209 827 1240 874 §.
1260 839 1289 862 2.
1318 827 1447 863 Fabric,
1472 828 1507 860 ln
1522 823 1628 860 indice
1643 827 1817 874 Lampriae
1831 826 1868 860 in
1881 823 1956 861 cod.

234 887 350 920 Venet.
365 894 493 927 nr.109.
510 880 697 929 παροιμιῶν
715 878 820 923 βιβλ.
831 876 880 922 β’.
895 889 924 913 et
938 891 987 914 nr.
1003 879 1066 923 165.
1081 877 1158 928 περὶ
1174 879 1239 915 τῶν
1257 875 1343 928 παρ’
1358 872 1628 928 Ἀλεξανδρεῦσιν
1646 877 1843 926 παροιμιῶν.
1860 876 1955 911 Harl.
2004 931 2007 936 Ι

337 954 408 991 127)
435 947 579 993 Epistola
598 947 642 981 ad
661 946 837 980 Traianum
858 947 938 993 imp.
969 958 1051 994 quae
1072 944 1172 979 latine
1196 943 1295 979 exstat
1324 944 1410 994 apud
1431 941 1697 980 sarisberiensem
1715 943 1770 978 lib.
1784 945 1824 978 V.
1846 956 1915 991 cap.
1934 955 1955 978 r.

235 1000 438 1043 Policratici,
464 1011 533 1032 non
547 995 674 1032 videtur
688 998 774 1031 mihi
790 993 851 1030 esse
872 996 1054 1035 Plutarchi,
1080 993 1133 1030 sed
1156 994 1251 1029 latini
1272 993 1447 1043 scriptoris.
1499 996 1586 1030 Nam
1610 994 1799 1030 Plutarchus
1821 993 1958 1043 quidem

235 1052 343 1087 multo
359 1047 538 1085 modestius
556 1044 663 1082 scribit
677 1049 774 1082 etiam
793 1044 832 1081 ad
846 1045 946 1095 longe
968 1043 1158 1087 inferiores,
1182 1046 1315 1094 quando
1335 1045 1409 1081 illos
1429 1043 1470 1081 ad
1493 1048 1647 1082 virtutem
1670 1046 1830 1086 hortatur.
1880 1047 1959 1082 Non

234 1099 402 1151 scripsiffet
424 1102 524 1147 igitur
546 1109 613 1134 tam
637 1094 908 1144 παιδαγωγικῶς
933 1096 973 1133 acl
1000 1099 1255 1146 imperatorem,
1283 1107 1385 1133 aetate
1408 1095 1439 1132 se
1463 1110 1532 1133 non
1547 1099 1732 1139 minorem;
1758 1107 1788 1133 et
1806 1106 1839 1133 vt
1854 1096 1959 1133 lector

235 1154 372 1194 iudicet,
400 1151 571 1200 epistolam
590 1147 712 1198 ipsam,
739 1150 864 1197 (breuis
884 1151 973 1185 enim
987 1148 1058 1193 ess,)
1086 1147 1249 1197 subiungo
1265 1146 1310 1193 ἡ).
1351 1151 1393 1183 Et
1409 1147 1534 1184 videtur
1547 1147 1613 1197 ipse
1627 1147 1668 1184 de
1686 1151 1752 1184 eius
1767 1147 1958 1194 Ὑνησιὸτητι
2012 1176 2013 1193 ;

234 1201 447 1242 subdubitasse
468 1199 725 1242 sarisberiensis,
751 1203 818 1249 qui,
839 1200 1011 1250 epistolam
1035 1199 1270 1247 producturus,
1298 1212 1332 1234 ea
1360 1201 1495 1244 dicitur,
1530 1201 1653 1249 inquit,
1690 1200 1744 1248 effe
1770 1201 1960 1236 huiusmodi.
2012 1199 2013 1226 ἶ

234 1256 435 1294 Plutarchus
459 1254 602 1288 Traiano
618 1252 757 1298 salutem
778 1253 864 1286 dicit.
919 1251 1104 1296 Modestiam
1129 1259 1237 1291 tuam,
1269 1263 1435 1294 noueram,
1466 1264 1527 1286 non
1557 1258 1702 1297 appetere
1727 1254 1959 1298 principatum,

235 1320 324 1355 quenz
349 1314 450 1341 tamen
460 1305 583 1352 semper
604 1315 727 1338 morum
749 1304 903 1350 elegantia
925 1306 1038 1337 mereri
1048 1302 1215 1349 studuisti.
1268 1303 1340 1349 Quo
1368 1304 1492 1349 quidem
1519 1310 1611 1338 tanto
1638 1304 1767 1350 dignior
1799 1305 1960 1346 iudicaris,
2010 1326 2012 1349 ς

2010 1285 2013 1318 Ι

235 1367 352 1408 quanto
368 1372 386 1392 a
401 1358 526 1392 crimine
542 1356 721 1389 ambitionis
735 1355 850 1390 videris
866 1354 921 1402 effe
936 1356 1093 1389 remotior.
1152 1354 1240 1388 Tuae
1262 1356 1367 1401 itaque
1390 1357 1507 1389 virtuti
1530 1356 1741 1401 congratulor
1762 1363 1792 1390 et
1800 1356 1960 1402 fortunae
2008 1390 2011 1403 ⁴

236 1423 336 1449 meae,
354 1410 387 1457 fi
400 1415 502 1441 tamen
524 1406 604 1441 νεέῗε
624 1405 770 1453 gefferis,
796 1418 886 1453 quem
903 1407 1001 1451 probe
1022 1404 1166 1451 meruisti.
1217 1405 1372 1452 Alioquin
1394 1413 1423 1440 te
1437 1406 1586 1451 periculis
1610 1412 1641 1440 et
1663 1418 1709 1441 me
1727 1407 1960 1442 detrahentium
2008 1406 2010 1432 l

236 1463 356 1508 tinguit
368 1458 545 1506 finianum
565 1460 607 1494 iri
628 1469 693 1492 non
714 1459 846 1497 dubito,
872 1469 966 1504 qutun
990 1464 1020 1490 et
1043 1459 1206 1503 ignauiam
1229 1459 1455 1503 imperatorum
1473 1458 1572 1492 Roma
1594 1470 1658 1492 non
1670 1457 1782 1503 ferat,
1808 1465 1839 1493 ct
1849 1458 1960 1505 sermo

232 1513 378 1559 publicus
395 1509 505 1545 delicta
526 1509 751 1555 discipulorum
770 1507 1056 1554 refunderesolcat
1073 1510 1107 1542 in
1124 1514 1353 1554 praeceptores.
1408 1511 1457 1543 Sic
1477 1510 1585 1543 Seneca
1609 1509 1753 1543 Neronis
1767 1510 1825 1557 sui
1848 1512 1959 1546 merito

236 1564 461 1599 detrahentium
479 1563 620 1605 carpitur
635 1560 775 1606 linguis:
800 1560 1038 1606 adolescentium
1050 1559 1188 1605 suorum
1209 1561 1371 1594 temeritas
1392 1561 1425 1594 in
1443 1560 1688 1605 Qninffilianum
1707 1560 1907 1606 refunditur,
1930 1568 1960 1596 et

236 1617 378 1651 Socrates
392 1615 425 1648 in
436 1611 596 1657 pupillum
608 1610 811 1658 suumfuiffe
826 1611 1001 1645 clementior
1028 1610 1083 1656 [if]
1112 1612 1310 1646 criminatur.
1371 1611 1422 1646 Tu
1441 1623 1514 1646 vero
1533 1612 1662 1659 quiduis
1681 1611 1831 1658 rebi‘f'fflme
1852 1625 1959 1661 geres.
2012 1641 2013 1648 ,

229 1669 261 1716 fi
275 1679 339 1701 non
354 1663 504 1711 receffieris
517 1676 537 1697 a
553 1669 583 1697 te
601 1663 689 1710 ipso,
707 1662 740 1707 fi
746 1664 888 1709 primum
904 1669 933 1696 te
947 1662 1173 1708 composueris,
1188 1663 1222 1711 fi
1234 1669 1290 1696 tua
1305 1664 1408 1697 omnia
1423 1662 1618 1709 disposueris
1633 1664 1677 1698 ad
1688 1665 1851 1707 virtutem,
1878 1663 1961 1699 νιὲἵι
2011 1678 2013 1697 ε

236 1720 293 1752 tibi
303 1716 473 1762 procedent
491 1715 647 1760 vniuersa.
700 1714 851 1748 Politicae
871 1711 1102 1758 constitutionis
1124 1715 1277 1748 maiorum
1300 1715 1385 1748 vires
1405 1715 1462 1748 tibi
1484 1715 1630 1760 expreffi,
1656 1716 1705 1749 cui
1731 1717 1962 1762 iobtemperas,
2002 1733 2013 1759 ῃ

236 1769 445 1806 Plutarchum
463 1767 589 1800 uiuendi
606 1765 698 1799 habes
714 1764 881 1800 auHorem.
933 1764 1069 1810 Alioqui
1075 1766 1269 1812 praesentem
1283 1765 1439 1813 epistolam
1455 1765 1558 1812 testem
1569 1767 1694 1808 inuoco,
1721 1769 1794 1813 quia
1807 1768 1841 1802 in
1852 1770 1962 1814 perni-

237 1823 310 1855 ciem
329 1820 449 1864 imperii
465 1828 527 1852 non
540 1819 655 1863 pergis
677 1816 804 1851 meliore
819 1815 1021 1861 Plutarcho„

338 1881 466 1919 Profert
483 1881 601 1918 deinde
615 1882 849 1931 Sarisberienfis
862 1884 968 1931 capite
984 1895 1001 1917 2
1016 1891 1046 1917 et
1062 1894 1091 1926 7.
1105 1881 1205 1919 eiusd.
1221 1882 1295 1919 libri
1311 1892 1341 1918 et
1356 1885 1412 1919 VI.
1430 1896 1454 1919 ι.
1477 1883 1616 1932 capitula
1635 1882 1797 1933 quaedam
1808 1907 1818 1923 ‚
1844 1894 1879 1922 vt
1890 1896 1959 1924 >vo-

239 1948 306 1979 cat,
333 1936 484 1985 politicae
500 1933 736 1969 constitutionis
752 1947 769 1968 e
784 1932 898 1968 libello
914 1934 1093 1974 Plutarchi,
1120 1947 1219 1981 quem
1242 1937 1285 1969 ait
1308 1931 1436 1969 inscribi
1458 1935 1685 1980 institutionem
1711 1935 1852 1970 Traiani.
1909 1938 1960 1974 Ex

239 1988 358 2024 eodem
374 1987 526 2023 Nicolaur
541 1986 706 2020 Oresmius
717 2009 726 2024 ,
749 1983 957 2020 Lexouienfis
974 1982 1156 2034 episcopm,
1179 1984 1218 2020 de
1234 1987 1414 2021 mutatione
1429 1996 1637 2035 monetarum
1653 2000 1722 2035 cap.
1738 1998 1785 2022 22.
1803 1987 1850 2023 ait
1866 1991 1958 2028 enim,

238 2041 361 2089 inquit,
388 2038 585 2073 Plutarchus
601 2037 644 2070 ad
665 2036 843 2071 Traianum
857 2038 931 2080 imp.
951 2037 1038 2083 quod
1054 2049 1137 2084 resp.
1152 2036 1192 2084 (st
1217 2048 1329 2082 corpus
1348 2038 1594 2084 quodammodo,
1627 2039 1713 2085 quod
1734 2038 1838 2073 diuini
1857 2034 1972 2073 numi?

238 2095 288 2126 nis
304 2089 441 2136 beneficio
462 2089 559 2123 veluti
575 2090 735 2122 animatur
754 2094 784 2123 et
795 2088 924 2135 summo
940 2090 1110 2135 aequitatis
1133 2091 1246 2135 agitur
1267 2095 1369 2130 nutu,
1395 2095 1425 2122 et
1447 2091 1574 2136 regitur
1600 2091 1732 2135 quodam
1751 2090 1959 2128 moderamine
1994 2126 1995 2134 ,

238 2145 385 2179 rationis.
438 2140 726 2188 Apophthegmata
744 2140 894 2174 Traiano
915 2137 1101 2188 inscripsisse
1120 2139 1349 2183 Plutarchum,
1374 2141 1440 2175 iam
1462 2142 1575 2175 notaui
1596 2137 1692 2189 supra
1710 2153 1759 2175 nr.
1776 2143 1830 2184 64.

339 2206 430 2256 [¹28)
456 2208 622 2241 Fabricius
643 2208 676 2240 in
704 2205 770 2241 vol.
787 2207 856 2241 XII.
872 2205 903 2240 B.
919 2207 973 2242 Gr.
997 2218 1073 2254 pag.
1089 2209 1151 2250 264
1168 2203 1235 2255 sqq.
1257 2218 1297 2242 ex
1318 2206 1540 2253 Olympiodori
1558 2209 1818 2251 commentario,
1858 2221 1957 2258 quem
1991 2238 1992 2251 ,

238 2262 349 2297 habuit
364 2258 540 2300 ineditum,
567 2256 725 2306 quaedam
743 2256 941 2307 publicauit,
968 2269 1052 2306 quae
1068 2256 1332 2308 Olympiodorus
1350 2270 1389 2293 ex
1405 2257 1578 2294 Plutarcho
1594 2256 1809 2308 excerpserat,
1830 2269 1861 2294 et
1875 2273 1959 2309 quae
1990 2277 1991 2288 π

1797 2311 1957 2347 Fabricius

284 2375 320 2411 ii)
356 2374 424 2403 Vid.
442 2375 622 2405 Gueuarrae
649 2373 795 2411 Horolog.
818 2375 945 2415 Princip.
976 2374 1028 2405 lib.
1053 2377 1075 2406 ῐ.
1128 2386 1193 2416 pag.
1211 2386 1260 2412 3¹¹·
1303 2374 1389 2406 Nihil
1403 2374 1519 2416 prorsus
1534 2374 1626 2411 videt,
1649 2377 1699 2416 qui
1719 2375 1867 2416 epistolam
1883 2379 1956 2410 haue

241 2429 299 2458 cap.
322 2420 367 2453 36.
407 2415 557 2447 Gaudent.
581 2417 616 2446 de
638 2416 807 2459 philosoph.
831 2419 916 2448 Rom.
947 2428 1010 2460 cap.
1030 2423 1074 2455 89.
1127 2427 1144 2448 a
1160 2417 1462 2460 Plutarchotscriptam
1479 2417 1534 2449 effe
1549 2425 1689 2450 autumet.
1710 2418 1822 2452 Heum.
