2049 2720
26 162 91 193 vot.
104 163 153 192 nr.
165 171 193 197 p·
202 163 250 195 633
257 161 278 194 U
287 161 340 193 634
619 157 860 196 ATHENAEI
890 158 1085 196 EDlTlON
1087 158 1137 196 Es
1240 160 1312 196 Lo'h.
1324 160 1349 196 Ι
1348 159 1396 197 V.
1408 172 1432 196 c.
1443 160 1572 198 XXV.
1670 165 1738 205 607

28 252 261 308 praetermissa:
300 255 391 288 initio
412 261 521 288 autem
544 252 707 301 praefixus
727 253 772 290 est
794 252 894 290 index
914 250 1130 302 scriptorum,
1166 256 1221 303 qui
1244 256 1276 290 in
1297 256 1363 290 hoc
1386 267 1484 303 opere
1505 256 1542 290 ab
1566 256 1737 291 Athenaeo

26 308 214 346 laudantur:
253 318 397 354 quorum
424 303 575 353 deinceps
595 309 694 341 etiam
716 308 751 340 in
775 308 922 354 margine
945 303 1007 340 suis
1027 305 1109 341 locis
1130 310 1267 341 nomina
1290 306 1508 354 adponuntur.
1544 327 1593 334 —
1625 307 1736 352 lustu}

26 361 193 407 Rycquins
215 357 344 392 testatur
363 358 397 391 in
419 359 563 392 centuria
582 370 669 392 noua
688 356 812 405 epistol.
829 369 882 403 29.
910 355 942 392 se
964 359 997 392 in
1021 357 1095 392 bibl.
1110 358 1239 406 Saregi,
1266 356 1410 393 Perufiae
1426 368 1457 392 et
1472 359 1627 393 Vmbriae
1646 371 1736 405 prae.

22 408 116 453 fecti,
140 406 289 458 reperiffe
304 408 489 454 parabolas
510 406 667 457 quasdam
689 420 826 451 eorum,
852 421 936 459 quae
955 411 990 445 in
1010 407 1130 444 excusis
1147 410 1306 444 Athenaei
1327 409 1493 445 codicibus
1509 409 1737 446 defiderantur.

27 460 92 498 vid.
109 462 200 498 Fabr.
215 461 250 496 B.
268 461 324 494 Gr.
345 458 411 496 vol.
426 460 512 495 xm.
534 472 607 509 pag.
623 463 700 504 644.

127 523 251 555 Iriartae
270 521 303 555 in
323 519 415 555 catal.
435 518 530 555 codd.
553 532 604 568 gr.
623 521 700 557 bibl.
722 532 790 567 reg.
804 521 929 557 Matrit.
948 532 1022 570 pag.
1042 533 1113 566 277.
1136 518 1258 569 prodit,
1277 522 1310 555 in
1325 520 1537 556 Mendozana
1551 521 1626 558 bibl.
1646 516 1739 555 fuisse

26 572 170 608 tabulam
194 574 227 606 in
251 570 422 607 Pollucem
444 580 476 607 et
490 572 700 608 Athenaeum.
726 571 828 609 Harl.

64 632 69 635 ⁴
127 633 253 667 Primus
274 643 390 679 graece
406 632 611 668 Athenaeum
628 644 705 667 cura
718 632 827 667 Marci
844 631 998 679 Masuri,
1024 633 1080 680 qui
1097 640 1128 667 et
1144 633 1250 667 varios
1265 633 1359 668 MSS.
1379 631 1507 667 codices
1524 641 1555 667 et
1572 632 1740 679 epitomen

25 694 174 732 graecam
200 682 400 723 contulerat,
430 695 576 731 quaeque
595 682 727 718 deerant
745 695 784 718 ex
800 685 863 719 hae
882 680 1105 731 suppleuerat,
1133 681 1232 718 edidit
1251 684 1360 718 Aldus
1376 685 1569 723 Manutius,
1595 683 1741 716 Venetiis

26 747 54 770 a.
70 745 152 781 ¹5¹⁴·
166 733 208 780 ''')
232 732 317 782 apud
341 732 464 769 Aldum
481 743 513 769 et
528 733 696 770 Andre-m
716 731 878 769 socerum.
905 732 966 770 fol.
993 754 1041 761 —
1070 733 1196 769 Deinde
1212 736 1348 769 Iacobus·
1366 735 1527 769 Bau-otus
1544 743 1573 769 et
1592 731 1669 768 Chri
1697 734 1740 765 ia-

26 797 87 820 nus
102 786 260 821 Herlinus
281 787 415 820 iuuenes
438 788 608 833 germani,
633 784 745 821 addito
767 783 981 834 scriptorum,
1009 787 1061 834 qui
1083 786 1121 820 ab
1135 786 1304 821 Athenaeo
1327 785 1516 832 laudantur,
1543 785 1681 820 elencho
1697 784 1741 826 ⁸),

27 836 163 885 aliisque
178 835 358 879 indicibus,
382 846 414 872 et
427 835 692 873 adnotationibus
710 839 744 872 in
758 836 833 873 loca
849 837 1007 884 quaedam
1020 864 1028 878 ,
1056 836 1200 872 collediis
1218 850 1257 871 ex
1274 837 1409 879 Budaei,
1436 838 1564 872 Erasmi
1587 835 1742 870 aliorum-

25 901 89 938 que
108 887 284 925 doc‘lorum
300 888 478 924 hominum
496 887 773 924 lucubrationibus
790 892 826 933 ⁰).
855 887 945 923 Bafil.
965 899 1039 933 ¹535-
1054 885 1115 923 fol.
1141 908 1187 915 -
1217 889 1302 923 Libri
1325 888 1445 923 decimi
1466 890 1567 936 quinti
1588 887 1740 921 lacunam

26 941 194 989 ingentem
212 952 231 974 a
248 951 322 987 pag.
338 941 412 983 647.
429 952 458 975 a.
482 938 522 974 ad
537 952 610 988 pag.
625 941 701 984 696.
715 952 742 974 a.
770 952 810 975 ex
826 940 1018 989 Farnfiaua
1039 938 1115 974 bibl.
1136 941 1261 988 primus
1282 938 1445 989 suppleuit
1463 939 1641 974 Guilelmus
1659 938 1741 973 Can-

25 997 116 1026 taerus
131 991 188 1026 IX.
206 1002 230 1026 1.
250 1002 365 1026 nouat.
385 990 459 1026 let‘J.
481 1003 552 1039 cap.
567 1003 612 1026 21.
638 991 689 1026 vbi
713 989 844 1025 alterius
868 992 954 1026 MSti
979 988 1117 1030 codicis,
1152 1004 1171 1024 a
1192 991 1312 1025 Fuluio
1332 992 1452 1040 Vtfino
1478 989 1534 1025 fibi
1559 988 1740 1031 monstrati,

25 1045 190 1079 meminit.
217 1059 266 1069 ——
294 1043 343 1077 Ex
366 1044 566 1077 accuratiore
590 1043 656 1076 Iar.
673 1042 910 1087 Delechampii,
938 1039 1152 1076 cadomensis
1177 1042 1314 1084 medici,
1347 1045 1629 1091 interpretatione,
1663 1053 1740 1074 cum

25 1091 177 1130 breuibus
201 1091 240 1128 ad
267 1104 360 1127 oram
390 1092 445 1138 [ff]
474 1095 559 1129 notis
581 1092 764 1128 Athenaeus
783 1092 882 1128 latine
902 1092 1105 1128 emendatius
1127 1090 1256 1128 recusus
1278 1093 1322 1129 est
1346 1093 1449 1141 Lugd.
1469 1107 1496 1128 a.
1517 1100 1600 1139 ¹583-
1618 1089 1680 1127 fol.
1709 1100 1740 1126 et

19 1143 101 1181 'licet
121 1157 190 1180 non
213 1157 314 1179 omne
333 1145 491 1191 punitum
517 1141 634 1180 tulisset
655 1144 934 1191 Dalechampiuc,
960 1158 977 1178 a
993 1141 1188 1179 Casaubono
1210 1147 1310 1180 ctiam
1334 1146 1410 1180 hinc
1429 1143 1504 1179 inde
1525 1157 1593 1179 non
1613 1151 1740 1192 praeter

17 1192 96 1232 'rem
120 1192 353 1246 reprehensus,
376 1197 538 1231 maiorem
562 1205 671 1230 tamen
692 1195 793 1243 longe
814 1193 1004 1230 industriam
1028 1195 1178 1242 probauit
1191 1197 1321 1231 Veneto
1342 1198 1533 1243 interprete,
1562 1204 1593 1230 et
1611 1207 1670 1240 per
1685 1196 1742 1228 tri·

19 1246 117 1296 'ginta
138 1245 251 1294 paullo
271 1249 381 1281 minus
398 1259 501 1281 annos
522 1247 610 1281 hunc
626 1244 754 1281 foetum
772 1243 880 1288 suum,
903 1256 1062 1294 quantum
1079 1259 1137 1293 per
1149 1244 1422 1295 frequentiffimas
1437 1246 1675 1294 aegrotantium
1698 1247 1742 1279 vi-

23 1297 187 1334 ficationes
201 1295 308 1333 facere
322 1299 441 1345 potuit,
465 1299 556 1332 horis
575 1295 736 1333 subsiciuis
761 1298 927 1346 expoliuit.
954 1316 1003 1323 —
1030 1295 1143 1332 Postea
1159 1310 1188 1332 a.
1206 1310 1290 1343 1597.
1305 1295 1366 1333 sol.
1394 1296 1529 1332 versioni
1547 1296 1741 1332 Dalecham-

18 1345 72 1402 'pii
92 1351 244 1398 uotisque
264 1363 282 1384 a
298 1349 518 1384 commelino
537 1347 654 1384 recufis
670 1347 794 1384 acceffit
809 1358 936 1398 praeter
953 1361 1108 1396 graecum
1127 1357 1251 1383 textum
1273 1362 1311 1384 ex
1330 1347 1426 1384 codd.
1448 1349 1627 1389 Palatinae,
1653 1349 1742 1382 Vati-

24 1414 122 1438 canae
138 1400 343 1450 aliarumque
363 1400 632 1436 bibliothecarum
649 1402 747 1436 MSS.
768 1401 806 1435 ab
826 1401 872 1447 Is:
889 1401 1076 1447 Cafiiubono
1098 1398 1326 1442 emendatum,
1353 1399 1578 1435 eruditiffimus
1594 1402 1627 1433 in
1641 1400 1740 1434 Athe·

20 1452 142 1490 ‘siacum
158 1451 306 1488 eiusdem
325 1450 507 1487 Casauboni
523 1455 791 1487 commentarius.
819 1450 916 1500 [toth.
936 1453 960 1486 l.
978 1463 1062 1497 1597.
1086 1463 1168 1487 tom.
1185 1453 1226 1487 Η.
1254 1451 1404 1500 Lugduni
1420 1454 1514 1487 1600.
1540 1449 1604 1486 vid.
1620 1449 1739 1486 Pinells·

25 1504 116 1541 oetal.
133 1506 191 1540 111.
213 1516 288 1551 pag.
305 1505 399 1549 109]
425 1522 477 1531 -—
503 1506 610 1553 Atque
631 1505 674 1539 ita
694 1504 878 1539 Athenaeus
898 1516 975 1538 cum
990 1502 1221 1552 Dalechampii
1240 1503 1386 1539 versione
1407 1505 1555 1551 notisque
1576 1511 1606 1537 et
1623 1499 1749 1537 Casan-²

23 1557 101 1592 boni
122 1556 370 1591 commentariis
394 1556 512 1591 iterum
533 1555 644 1603 praela
665 1553 758 1590 subiit
778 1554 929 1603 Lugduni
953 1564 1038 1590 tom.
1056 1556 1080 1590 l.
1103 1557 1184 1589 1612.
1212 1566 1294 1590 tom.
1312 1557 1351 1590 11.
1372 1557 1453 1590 1621.
1470 1552 1530 1589 fol.
1555 1557 1740 1601 iterumque

0 1615 1 1619 ’
24 1610 153 1653 3.ιό57.
180 1626 226 1634 -
253 1609 345 1649 1664.
370 1609 410 1641 Π.
425 1606 506 1644 voll.
530 1608 564 1641 in
588 1619 650 1655 qua
676 1605 820 1642 editione
841 1604 968 1641 aeceffit
996 1616 1122 1653 praeter
1151 1604 1394 1645 obseruationes
1418 1605 1570 1653 pauculas
1592 1608 1740 1640 virorum

23 1658 199 1695 illustrium
218 1659 256 1694 L.
275 1661 302 1694 1.
326 1667 357 1692 et
375 1658 472 1692 Pauli
486 1659 636 1700 Fermat,
662 1655 849 1693 senatorum
871 1654 1143 1699 Tolosanorum,
1171 1660 1203 1691 in
1225 1657 1386 1706 quaedam
1402 1657 1476 1693 loca
1492 1658 1666 1698 Athenaei,
1693 1659 1740 1690 in-

25 1707 87 1746 dex
106 1707 303 1758 scriptorum
317 1710 486 1744 Athenaeo
508 1708 718 1744 laudatorum
739 1712 772 1744 in
788 1709 950 1759 prioribus
968 1721 1087 1756 graeco
1109 1708 1216 1743 latinis
1233 1707 1383 1750 omissus,
1406 1718 1438 1744 et
1458 1709 1558 1756 longe
1581 1721 1682 1756 quam
1707 1709 1740 1742 in

24 1773 140 1810 graeca
163 1759 330 1797 Bafileenfi
352 1760 491 1808 plenior.
543 1761 682 1807 [inedita
700 1771 811 1796 tamen
834 1758 923 1803 sunt,
951 1773 1032 1809 quae
1053 1763 1086 1795 in
1110 1758 1245 1809 praefat.
1270 1759 1344 1796 suae
1367 1760 1434 1795 fine
1455 1758 1605 1807 promifit
1623 1756 1742 1794 Casau·

15 1813 146 1855 bonus,
174 1813 414 1862 prolegomena
432 1812 473 1847 de
489 1814 678 1855 Athenaeo,
704 1814 822 1861 quibus
842 1810 974 1860 copiose
995 1814 1060 1859 egit
1080 1809 1120 1846 de
1135 1813 1268 1846 :merore
1291 1824 1322 1847 et
1338 1822 1534 1858 argumento
1552 1813 1644 1845 huius
1665 1823 1740 1858 ope-

24 1867 86 1910 ris,
112 1862 200 1898 idem
217 1863 258 1897 de
273 1865 507 1898 conuiuatione
522 1863 651 1899 Larenfi
673 1873 704 1899 et
725 1864 878 1898 omnibus
899 1864 1060 1898 conuiuis.
1087 1861 1204 1897 Hunn.
1231 1883 1283 1889 -
1308 1864 1440 1898 Nouam
1463 1862 1641 1897 editionem
1665 1873 1741 1908 pro-

23 1913 183 1952 miserunt
196 1912 314 1949 celebb.
333 1914 468 1948 Boetius
481 1923 512 1949 et
525 1914 681 1961 D’Anſj‘e
696 1915 732 1948 de
752 1915 922 1961 leotson.
974 1918 1082 1960 Atque
1103 1926 1192 1948 noua
1210 1913 1311 1948 editio
1332 1927 1409 1948 cum
1425 1914 1665 1948 commentario
1679 1914 1741 1947 Ca-

23 1964 159 2005 sauboni
176 1964 386 2014 aliorumque
407 1967 448 2000 V.
465 1966 507 2001 D.
528 1968 614 2001 notis
637 1962 981 2014 obseruationibusque
1002 1965 1080 1999 hinc
1101 1962 1178 1999 inde
1199 1962 1312 2014 sparfis
1335 1964 1458 2014 Lipsiae
1483 1968 1516 2000 in
1538 1967 1614 1999 mai.
1633 1975 1664 2006 8.
1683 1961 1740 1997 sub

1642 2013 1739 2063 prelo

65 2087 109 2121 m)
130 2082 216 2115 Conf.
236 2081 365 2114 Clement
385 2084 416 2113 in
439 2083 579 2114 Biblioth.
598 2081 729 2113 curiense
744 2089 798 2113 etc.
819 2083 858 2114 11.
904 2080 1069 2122 exemplum
1087 2082 1195 2112 habent
1210 2081 1330 2113 Aldinae
1346 2085 1377 2113 in
1394 2081 1568 2113 excudendis
1592 2080 1738 2124 exempla-

26 2136 89 2170 μς,
107 2136 169 2165 179.
192 2143 235 2150 -
256 2125 361 2155 Aldum
383 2134 411 2155 et
427 2126 577 2156 Musurum
602 2136 696 2167 neque
712 2128 743 2155 in
761 2136 858 2155 exem·
902 2125 983 2154 ribus
1001 2126 1138 2155 incuriae.
1163 2124 1255 2156 Harl.

27 2169 153 2212 plat-ibn·
176 2168 371 2199 nanciscendis
392 2168 476 2199 fuisse
499 2168 614 2203 felices,
639 2179 732 2209 neque
749 2170 780 2197 in
797 2167 857 2197 edi-

25 2214 113 2243 tionis
132 2212 198 2242 suae
220 2211 424 2241 emendatione
441 2214 528 2241 nimis
548 2212 720 2249 diligentes,
749 2211 858 2240 iudicat
902 2233 919 2262 s
948 2236 952 2240 .
980 2237 985 2241 .
1165 2238 1168 2241 t
1704 2238 1709 2242 .

0 2270 1 2278 κ
26 2255 185 2285 Casuubon.
201 2257 231 2284 in
245 2253 364 2296 praefat.
399 2253 455 2284 Alii
470 2265 588 2295 quoque
602 2256 706 2289 critici,
724 2256 857 2293 quamuis
915 2235 1005 2284 euml.
1019 2235 1131 2276 Io'fius
1151 2235 1201 2267 hb·
1217 2238 1269 2267 IV·
1293 2246 1359 2277 Pag·
1375 2239 1439 2271 348.
1461 2234 1480 2265 s-
1503 2245 1568 2276 923-
1584 2244 1644 2274 271.
1663 2236 1735 2267 edm

0 2300 2 2313 ¹
26 2297 114 2328 Aldus
127 2297 204 2327 suam
221 2305 250 2326 et
265 2296 377 2328 Musuri
392 2307 511 2338 operam
527 2300 556 2327 in
573 2297 755 2326 conferendis
772 2296 855 2327 codd.
902 2278 1017 2308 Domu'
1040 2278 1134 2309 Harl'

0 2337 7 2371 ι’
26 2342 57 2370 in
74 2347 208 2370 contextu
224 2339 404 2369 emendando
419 2340 610 2381 augendoque
628 2348 656 2370 et
676 2342 705 2368 in
723 2341 857 2368 carmini.
945 2340 979 2377 o)
1001 2341 1132 2375 Qarum
1157 2341 1311 2380 praecipue
1334 2348 1391 2379 ope
1410 2336 1499 2368 multa
1523 2337 1642 2368 Aldinae
1663 2338 1733 2369 edit.

0 2384 7 2414 ‚l
26 2382 81 2412 bus
101 2386 129 2412 in
153 2382 200 2412 sua
225 2392 316 2412 metra
345 2384 528 2412 restituendis
548 2384 669 2412 mirifice
690 2381 858 2415 iafntaffem
901 2383 973 2410 vitia
995 2381 1181 2412 sustulerunt:
1206 2391 1334 2412 ceterum
1356 2391 1372 2410 a
1397 2380 1540 2410 librorum
1561 2380 1736 2421 scriptorum

0 2428 7 2466 l
26 2426 100 2459 hane
126 2432 221 2455 tamen
248 2425 318 2457 edit.
345 2427 471 2456 maxime
492 2425 626 2457 vitiosam
653 2433 682 2456 et
709 2433 858 2468 tamquam
901 2432 929 2454 et
944 2423 1068 2454 idoneae
1088 2425 1262 2456 eruditionis
1278 2423 1420 2467 praesidio
1436 2425 1582 2465 imparati.
1605 2423 1699 2455 Harl.

943 2194 978 2227 n)
1002 2194 1085 2221 Hunc
1107 2192 1269 2231 catalogum
1289 2192 1425 2234 pluribus
1446 2191 1553 2222 scatere
1573 2193 1736 2227 erroribus.
