2013 2725
181 78 248 116 632
304 69 433 108 Lim).
456 81 480 108 t.
496 69 573 107 XL.
842 69 1035 107 PHRASES
1063 69 1274 108 GRAECAE
1642 74 1738 114 Vol-‚X
1761 83 1778 109 Ρ
1796 76 1900 110 vtes

184 172 249 205 tico
266 171 333 216 ⁰⁰),
361 163 511 205 Francof.
529 167 615 208 1627.
632 160 667 206 4]
681 176 741 198 nec
762 176 830 199 non
848 162 920 198 Nic.
938 163 1114 211 Couffinus,
1137 164 1354 209 Triennium,
1377 168 1408 202 S.
1427 167 1450 203 Ῐ.
1467 168 1500 203 in
1515 164 1663 204 thesauro
1676 181 1811 217 graecae
1824 183 1903 219 poe-

186 217 269 256 seos,
324 220 479 265 Mogunt.
511 219 649 259 1614.'8.
679 225 710 250 et
745 215 813 249 1011.
845 214 1030 251 Vollandus
1059 219 1091 253 in
1118 217 1208 253 libris
1242 228 1381 267 quatuor
1408 218 1449 254 de
1479 231 1513 253 re
1537 222 1665 268 poetica
1691 222 1905 263 Graecorum,

187 283 270 320 quos
288 270 391 306 Mich.
408 267 562 308 Mandri,
585 268 802 315 praeceptoris
817 263 883 305 sui,
905 264 1051 316 auspiciis
1067 267 1224 318 congessit
1241 267 1404 319 ediditque
1417 268 1500 319 Lips.
1521 283 1607 317 ¹579·
1626 277 1657 310 8.
1675 281 1706 306 et
1723 283 1806 316 1592.
1821 274 1904 315 1613.

187 329 218 364 8.
242 323 306 368 [lo.
324 320 362 356 V
361 318 479 355 ollandi
494 317 673 365 elegantiae
695 319 751 353 Gr.
770 319 804 353 L.
825 315 878 352 seu
894 317 1102 356 locutionum
1120 333 1313 368 graecarum
1335 319 1502 358 formulae
1523 334 1541 358 e
1554 323 1774 360 notationibus
1801 323 1904 359 Mich.

187 372 338 411 Neandri
358 370 525 406 collec‘lae.
551 368 675 418 Lipsiae
697 381 754 418 per
780 371 827 404 10.
841 370 1042 407 Steinmann.
1063 380 1143 416 1583.
1165 379 1195 412 8.

286 425 354 458 lac.
378 420 523 469 Grctseri
546 419 997 469 plir'afiologia-gracco·lat.
1017 425 1050 458 iu
1073 427 1139 459 cius
1163 426 1252 473 Opp.
1272 434 1355 461 tom.
1371 425 1458 460 XVI.
1481 437 1556 474 pag.
1570 436 1642 470 491.

287 490 338 524 Ῑο.
361 488 450 523 Frid.
471 488 590 523 Reitzii
610 486 650 523 de
671 489 850 536 ambiguis,
884 488 999 525 mediis
1024 500 1054 524 et
1079 492 1269 533 contrariis,
1285 494 1288 496 ’
1302 490 1370 527 flue
1393 490 1433 527 de
1459 489 1696 539 fignificatione
1722 490 1901 528 verborum

185 554 222 576 ac
244 539 406 588 phralium
426 540 593 588 ambigua.
652 540 801 576 Traieffl
822 539 862 575 ad
883 542 989 577 Rheu.
1011 544 1095 585 1736.
1119 547 1148 581 8.
1170 561 1220 569 —-
1248 544 1299 578 De
1318 543 1420 579 verbis
1442 544 1646 579 Graecorum
1670 543 1786 578 mediis
1812 555 1902 579 com-

185 593 401 628 mentationes
420 589 500 626 Lud.
522 589 664 636 Kufleri,
691 592 737 627 Io.
759 591 879 627 Clerici
902 602 934 628 et
954 595 1082 629 Erasmi
1102 593 1265 630 Schmidii
1287 592 1445 631 recensuit
1478 592 1571 630 suam
1600 593 1716 630 adiecit
1743 593 1901 641 Chnstpls.

190 641 344 680 Wollius.
359 640 444 690 Lips.
465 653 543 688 1752.
559 649 589 682 8.
612 662 660 670 —
687 644 885 690 sigismundi
904 645 999 681 Fnd.
1031 645 1174 694 qufigii
1198 658 1322 682 comm.
1347 645 1387 681 de
1410 646 1513 683 verbis
1538 645 1654 683 mediis
1680 646 1722 682 N.
1736 645 1784 682 T.
1816 647 1902 690 (cur.

185 693 337 741 Ftscheri)
359 692 464 729 addita
490 692 535 728 est
557 693 681 729 Kiisteri
704 704 736 731 et
756 694 877 730 Clerici
899 708 1022 732 comm.
1044 696 1084 732 de
1108 697 1209 732 verbis
1232 697 1358 733 mediis.
1375 695 1458 746 Lips.
1476 709 1561 744 1755.
1576 704 1607 737 8.
1623 698 1732 744 Harl]
1757 693 1900 746 Λεξίδὶον

184 757 340 793 graecum
366 747 552 794 poeticum,
580 745 670 794 quod
693 749 725 780 in
745 744 877 795 specillo
900 747 1173 784 chressomathiae
1194 761 1328 797 graecae
1356 748 1508 799 promifit
1534 749 1610 788 lob.
1633 749 1806 786 Conradus
1822 748 1900 785 Die-
1968 746 1980 778 s

126 822 129 824 -
185 798 319 839 rericus,
348 809 417 832 non
442 795 521 831 vidit
543 797 652 832 lucem
677 797 764 845 quod
791 795 900 833 sciam.

284 863 335 899 Ex
348 859 556 911 scriptoribus
578 865 711 913 optimis
731 861 882 913 prosariis
901 864 1073 900 Martinus
1096 865 1285 908 Rutundus‚
1313 863 1544 914 frifingenfis,
1569 864 1612 902 de
1641 863 1814 903 emendata
1838 863 1899 902 lin.

181 925 266 963 guae
285 926 421 963 graecae
450 913 610 951 ssruetura
631 914 717 950 libro
738 912 892 952 seeundo.
945 918 1156 964 Argentorati
1186 929 1265 964 ¹559·
1288 925 1318 960 8.

284 979 335 1014 Ex
359 977 498 1017 Isocrate
518 982 619 1020 Micli.
638 982 810 1027 mundar,
836 981 930 1019 Basil.
954 991 1037 1029 1558.
1060 995 1144 1029 1572.
1167 991 1254 1030 1588.
1278 992 1310 1025 8.

284 1032 347 1066 lac.
364 1032 500 1076 Baiias,
525 1036 703 1076 Prunaeus‚
731 1047 830 1083 quem
852 1036 1173 1082 benemerenttffimum
1189 1037 1320 1084 linguae
1333 1048 1467 1084 graecae
1485 1034 1597 1073 laudat
1620 1048 1660 1072 ex
1680 1035 1802 1072 merito
1823 1034 1897 1070 Nic.

180 1081 372 1118 comnenus
395 1097 469 1133 pag.
486 1078 561 1120 260.
584 1095 729 1135 praenot.
750 1085 938 1135 mystagog.
952 1086 1052 1123 edidit
1074 1089 1296 1123 Locutionum
1317 1101 1508 1136 graecarum
1532 1091 1567 1123 in
1591 1100 1786 1124 communes
1805 1085 1898 1121 locor

181 1145 241 1180 per
261 1134 419 1183 alphabeti
440 1135 591 1172 ordinem
616 1135 833 1185 digestarum,
856 1140 1036 1182 volumen,
1062 1139 1166 1174 Duaci
1188 1147 1376 1186 1578.1599.
1392 1151 1438 1177 12.
1459 1138 1565 1189 Lugd.
1584 1146 1669 1183 1588.
1693 1144 1724 1180 8.
1746 1133 1899 1174 recusum

178 1182 275 1220 Paris.
296 1187 385 1229 1603.
400 1194 430 1228 8.
452 1188 577 1223 Geneu.
601 1198 689 1233 1594.
710 1191 799 1232 1603.
815 1201 857 1225 12.
881 1199 913 1225 et
933 1192 1019 1233 1614.
1041 1201 1086 1227 12.

286 1252 335 1286 Io.
350 1252 508 1288 Bentzius
518 1279 528 1295 ‚
548 1253 762 1290 Bruxeliensis
773 1282 783 1298 ‚
806 1257 839 1291 in
855 1254 1005 1292 thesauro
1021 1257 1216 1293 elocutionis
1231 1257 1407 1305 oratoriae,
1427 1255 1494 1294 fine
1508 1269 1590 1306 pure
1602 1254 1763 1306 loquendi
1777 1263 1809 1291 et
1822 1247 1898 1290 Teri-
1943 1270 1946 1271 ⁷

182 1297 300 1344 luendi,
327 1315 368 1338 ex
391 1304 438 1340 Io.
458 1305 592 1342 Sturmii
616 1305 754 1343 consilio
775 1306 951 1346 secundum
975 1318 1108 1345 naturae
1131 1322 1242 1346 rerum
1263 1311 1415 1345 ordinem
1437 1308 1562 1358 digesto
1586 1310 1620 1344 in
1641 1308 1735 1344 locos
1750 1307 1898 1343 LXXVI.

183 1364 250 1398 quo
273 1357 443 1391 neminem
470 1370 603 1393 veneres
622 1371 758 1406 graecae
772 1361 906 1409 linguae
921 1359 1108 1409 diligentius
1127 1364 1321 1410 maioreque
1336 1374 1413 1397 cum
1429 1361 1551 1396 iudicio
1568 1356 1775 1408 congessiffe,
1797 1357 1897 1407 idque

183 1413 266 1449 opus
287 1407 440 1443 omnibus
463 1408 496 1442 in
520 1422 635 1457 graeca
665 1409 852 1460 eloquentia
882 1412 1090 1448 collectaneis
1118 1410 1388 1462 praeferendum,
1424 1411 1545 1448 iudicat
1570 1413 1613 1449 D.
1636 1409 1828 1447 Morhofius
1844 1413 1895 1463 ’θ’

179 1453 301 1492 Prodiit
323 1456 415 1496 Bafil.
437 1467 517 1504 ¹581·
540 1458 602 1496 fol.
629 1473 661 1498 et
686 1465 892 1512 Argentorat.
915 1476 1000 1510 1594.
1022 1463 1082 1500 sol.
1547 1480 1550 1483 ⁴

284 1508 449 1557 Francisiti
474 1512 515 1545 V
512 1513 594 1558 igeri
617 1512 656 1548 de
677 1516 856 1562 praecipuis
878 1528 985 1564 graec.
1010 1516 1091 1565 ling.
1118 1513 1300 1552 idiotismis.
1352 1513 1476 1552 Parifiis
1501 1516 1593 1558 1627.
1619 1526 1664 1552 12.
1684 1513 1785 1550 Fabr.
1836 1509 1896 1548 Vi·

179 1567 274 1600 gerus
290 1559 436 1607 opellam
459 1560 546 1597 suam
567 1565 763 1612 compilarat
782 1579 820 1601 ex
838 1567 924 1601 Guil.
946 1565 1065 1603 Budaei
1088 1568 1334 1603 commentariis
1357 1566 1379 1606 1,
1393 1579 1443 1616 gr.
1464 1565 1518 1602 sed
1540 1576 1652 1600 tamen
1677 1577 1812 1615 propter
1833 1564 1894 1599 vti·

172 1605 304 1651 litatem
320 1608 441 1658 saepius
457 1622 523 1647 erat
537 1613 640 1649 editus
654 1615 799 1656 libellus,
829 1614 921 1653 Paris.
942 1620 1031 1662 1644.
1049 1630 1092 1653 12.
1113 1617 1217 1666 Lugd.
1233 1621 1267 1654 B.
1286 1620 1379 1657 1680.
1400 1630 1444 1652 12.
1470 1637 1519 1644 —
1547 1615 1587 1652 ad
1612 1613 1705 1651 vsum
1727 1614 1894 1651 seminarii

178 1657 285 1695 Patau.
301 1661 464 1699 Bellouaci
481 1666 570 1709 1692.
588 1678 637 1702 12.
655 1686 703 1692 —
720 1668 869 1702 Ledcrlin
883 1670 972 1703 auxit
986 1679 1017 1704 et
1032 1670 1228 1706 emaculauit
1245 1669 1278 1703 in
1292 1668 1342 1703 ed.
1354 1672 1485 1716 Argent.
1501 1676 1593 1712 1708·
1611 1663 1642 1705 8'.
1657 1668 1702 1712 (v.
1718 1679 1802 1715 quae
1817 1663 1892 1702 scri,

177 1706 227 1756 psi
246 1711 278 1744 in
295 1713 368 1746 vitis
385 1714 548 1762 philolog.
565 1717 628 1751 vol.
648 1718 701 1753 111.
719 1730 750 1764 p.
766 1729 810 1760 23.
827 1716 918 1767 sqq.)
937 1716 992 1756 sed
1012 1724 1173 1756 maiorem
1190 1718 1306 1755 adtulit
1322 1718 1540 1755 eruditionem
1555 1727 1586 1753 et
1601 1717 1768 1768 vtilitatem
1782 1719 1891 1755 Hmr.

175 1760 381 1806 Hoogmeen,
405 1767 459 1813 qui
474 1765 591 1802 librum
618 1770 781 1815 perpetuis
803 1769 998 1818 eruditisque
1025 1769 1357 1807 animadverfionibus
1379 1780 1409 1805 et
1432 1782 1532 1818 quam
1550 1768 1698 1816 plurimis
1714 1767 1890 1805 idiotismis

176 1807 213 1853 (s.
231 1816 339 1859 potius
355 1814 576 1863 idiomatibus)
602 1817 775 1854 illustrauit
794 1822 947 1869 auxitque
961 1821 1064 1869 Lugd.
1082 1824 1115 1859 B.
1139 1834 1228 1866 1742.
1245 1823 1325 1857 mai.
1341 1828 1371 1861 8.
1392 1831 1464 1858 tum
1479 1820 1521 1856 ad
1535 1822 1682 1868 quintam
1698 1830 1825 1869 partem
1840 1820 1891 1856 lo-

175 1862 372 1910 cupletauit,
405 1867 447 1901 ib.
467 1880 547 1913 1752.
561 1889 613 1895 -
633 1873 782 1913 tertium,
807 1873 893 1908 aurft.
913 1871 954 1907 ib.
968 1875 1058 1916 1766.
1074 1876 1151 1913 mai.
1169 1881 1200 1914 8.
1214 1893 1265 1900 —
1279 1874 1438 1921 Hoogeu.
1453 1870 1503 1908 ed.
1515 1870 1739 1908 recudendam
1753 1874 1890 1912 curauit,

173 1924 234 1947 nec
251 1911 443 1961 spernendas
454 1918 569 1955 adiecit
584 1919 664 1954 obss.
673 1922 791 1962 Zeum,
808 1921 892 1971 Lipfi
912 1936 997 1969 1777.
1023 1931 1056 1965 8,
1099 1927 1206 1973 Aegre
1225 1923 1256 1959 id
1278 1924 1350 1960 tulit
1373 1926 1601 1972 Hoogcueem
1633 1932 1666 1958 et
1687 1923 1887 1973 peculiarem

175 1962 275 1998 edidit
295 1964 441 2003 libellum
463 1980 559 2018 atque
585 1969 751 2008 censuram
780 1974 861 2020 [hoe
883 1976 997 2011 titulo:
1027 1977 1049 2015 Ι,
1067 1977 1103 2011 C.
1128 1977 1241 2012 Zeunii
1261 1975 1568 2014 Animaduerliones
1585 1976 1620 2009 in
1644 1975 1756 2022 Vigeri
1770 1996 1822 2003 —
1847 1973 1887 2009 li-

175 2013 282 2058 hrum,
309 2017 349 2053 ad
365 2018 480 2055 iustam
494 2025 651 2058 examinis
668 2022 795 2059 lancem
815 2035 987 2061 reuocatae
1009 2027 1047 2062 ab
1063 2029 1107 2063 H.
1126 2029 1344 2075 Hoogeueen,
1372 2029 1407 2062 L.
1427 2028 1459 2061 B.
1475 2031 1558 2070 ¹78¹·
1574 2024 1619 2070 8.]
1639 2027 1758 2061 lterum
1776 2037 1885 2062 tamen

173 2065 281 2102 Zemn
296 2081 438 2113 nouam,
465 2084 602 2122 eamque
624 2075 806 2112 auctiorem
830 2087 925 2126 atque
949 2078 1205 2115 emendatiorem
1223 2082 1347 2127 parauit
1366 2077 1564 2120 editionem,
1590 2073 1713 2124 Lipfiae
1731 2084 1820 2124 1789-
1836 2090 1885 2117 m·

168 2121 202 2159 8.
226 2122 315 2154 cuius
337 2120 486 2159 editionis
510 2123 608 2160 doc‘la
633 2125 677 2162 est
696 2125 830 2164 censura
851 2130 885 2163 in
906 2131 972 2164 len.
987 2132 1025 2168 Λ.
1044 2133 1078 2166 L.
1095 2131 1130 2167 Z.
1152 2145 1181 2167 a.
1197 2143 1279 2176 179¹-
1293 2143 1342 2166 nr.
1356 2136 1427 2174 328.
1452 2143 1497 2169 m.
1516 2130 1597 2167 Dec·
1617 2129 1668 2163 vbi
1688 2127 1821 2215 Plur³‚d
1835 2131 1885 2164 5¹1·

1751 2190 1800 2217 ter
1824 2193 1881 2218 um

203 2249 260 2284 pp)
283 2248 356 2279 Vide
375 2250 699 2293 Voetiibib1.1heolog.
713 2266 778 2296 pag.
797 2265 860 2295 374-
879 2264 907 2288 et
928 2257 999 2289 bibl.
1087 2262 1139 2300 qq)
1163 2259 1227 2290 Lib.
1245 2268 1267 2293 ς.
1288 2258 1426 2300 polyhist.
1448 2267 1513 2300 cap.
1530 2266 1558 2289 ι.
1576 2265 1641 2298 pag.
1655 2258 1759 2297 ειμι
1776 2254 1827 2286 lib·
1847 2263 1880 2292 4·

164 2285 434 2373 ἓΐῗῐξῑῦἒξζιςὲἳ.
449 2296 493 2328 10.
514 2296 658 2333 Fabricii,
684 2298 838 2339 ”theologi
858 2301 999 2343 Hclmst.)
1044 2311 1106 2345 cap.
1126 2309 1153 2337 8.
1167 2312 1232 2343 pag.
1249 2312 1298 2340 99.
1314 2301 1373 2345 seq.
