2013 2725
246 122 310 157 620
365 120 436 156 Lib.
449 117 521 156 JV.
536 130 561 154 e.
575 116 724 153 XXVI.
775 116 954 155 AELIANI
986 114 1107 153 HIST.
1139 114 1313 152 ANIMM.
1343 114 1594 155 EDITIONES
1646 117 1958 169 Vol—Yss-P·7Q

246 214 408 264 ampliora
422 223 573 261 excerpta
587 222 716 248 tantum
730 224 770 247 ex
788 211 924 249 Aeliano
940 213 1098 249 contineri
1116 211 1254 254 dixeris,
1281 214 1323 246 ita
1344 225 1424 261 quae
1447 211 1487 247 de
1507 211 1639 261 lingulis
1661 216 1878 251 animantibus
1902 213 1958 251 ille

247 268 390 316 pluribus
412 265 490 300 locis
513 262 699 311 scripserat,
726 277 783 312 per
798 265 883 300 XVI.
901 262 1026 314 digeffit
1047 264 1146 299 libros
1162 274 1192 298 et
1208 262 1356 299 ordinem
1373 264 1468 313 plane
1486 268 1644 306 mutauit⁷
1671 275 1701 300 et
1715 268 1819 302 multa
1836 265 1960 308 omisit,

248 329 278 355 et
301 332 340 354 ex
361 318 516 366 Oppiano
539 314 674 365 aliisque
696 315 787 364 plura
808 314 932 352 adiecit.
983 317 1096 364 Itaque
1113 316 1283 352 conradus
1299 316 1477 358 Gemmas,
1499 328 1604 363 quum
1629 317 1694 351 hoc
1713 329 1794 365 opus
1815 331 1855 354 ex
1877 317 1961 353 duo-

247 372 305 406 bus
323 369 418 404 MSS.
441 370 586 418 primum
605 379 716 414 graece
735 365 843 403 ederet
860 369 944 403 inter
960 367 1085 404 Aeliani
1102 379 1220 415 opera,
1243 367 1365 414 Tiguri
1382 370 1464 412 1556.
1481 365 1541 402 fol.
1569 367 1693 414 Gyllii,
1719 380 1816 416 quam
1836 367 1960 404 addidit

248 420 452 458 versionem,
479 417 511 455 se
532 421 566 454 in
592 417 742 454 ordinem
764 417 927 454 reuocaffe
952 428 983 454 et
1003 415 1193 468 suppleuiffe
1216 417 1367 461 testatur,
1401 418 1572 467 alienaque
1595 419 1635 453 ab
1660 419 1796 455 Aeliano
1819 417 1960 455 omifiss'e

248 483 279 509 et
300 475 335 508 in
355 469 450 507 suum
469 469 509 506 de
524 469 717 506 animalibus
736 482 818 519 opus
839 468 900 505 suis
921 482 1069 519 quaeque
1085 470 1165 505 locis
1184 468 1385 506 transtulisse.
1439 470 1550 506 Postea
1567 482 1647 506 vero
1663 470 1813 519 Lugduni
1830 485 1859 507 a.
1877 475 1961 515 1562.

249 533 279 566 8.
306 522 390 572 apud
415 522 503 558 Guil.
518 520 710 558 Rouillium
733 519 850 557 excusa
869 521 916 558 est
939 521 1040 557 versio
1063 522 1165 568 Gyllii
1188 523 1312 569 integra
1334 520 1432 557 nullis
1456 521 1679 558 omiffionibus
1701 521 1962 570 interpolationi-

249 577 350 611 busue
373 577 556 623 inquinata,
592 570 648 608 sed
671 570 730 609 suo
754 573 870 609 ordine
888 573 991 609 libros
1008 575 1110 609 XVII.
1138 571 1267 608 Aeliani
1288 575 1432 621 integros
1453 572 1553 609 latine
1576 573 1748 612 exhibens,
1781 586 1856 608 cum
1881 576 1964 609 eius·

249 626 328 663 dem
349 626 452 671 Gyllii
469 623 682 673 descriptione
700 624 865 674 elephanti
881 636 913 661 et
929 626 1088 660 Demetrii
1109 624 1212 660 CPol.
1234 624 1320 659 libris
1340 625 1381 660 de
1401 638 1478 660 cura
1492 627 1680 673 accipitrum
1698 637 1893 673 canumque,
1916 624 1963 660 la·

249 682 315 715 tine
343 678 510 714 translatis.
575 677 625 712 Ab
648 689 689 713 eo
718 686 867 724 tempore
888 675 1039 712 Aelianus
1062 674 1102 711 de
1124 675 1314 711 animalibus
1340 689 1381 711 ex
1402 677 1644 723 graeco-latina
1665 677 1799 712 Gesneri
1820 675 1965 712 editione

250 728 364 766 vitiose
389 725 518 765 recusus
540 727 584 763 est
605 726 760 776 Lugduni
788 726 874 777 apud
899 727 959 773 [if]
988 730 1033 764 10.
1049 725 1291 767 Tornaefium‚
1324 727 1412 774 [Col.
1432 727 1556 762 Allobr.
1587 728 1641 772 (al.
1667 729 1839 770 Geneuae3
1874 727 1964 763 locus

251 784 341 819 enim
363 784 397 816 in
416 794 492 816 meo
514 778 650 828 quidem
673 779 830 827 exemplo
849 777 976 814 additus
999 792 1068 815 non
1089 779 1248 826 legitur3)
1284 791 1360 814 cum
1383 781 1477 814 variis
1501 779 1692 814 leekionibus
1713 788 1744 814 et
1769 778 1965 813 coniectans

251 835 394 880 margini
415 830 585 881 adpositis,
612 842 661 878 gr.
680 842 717 866 ac
735 829 792 866 lat.
817 833 900 866 1611.
918 842 963 867 ιω.
987 849 1036 859 ·-—
1062 829 1139 865 ibid.
1161 843 1214 879 ap.
1230 830 1309 867 Phil.
1324 830 1514 874 Albertum,
1540 834 1625 867 1616.
1641 843 1684 866 ia.
1707 849 1758 858 -—
1783 828 1966 866 Pleniffima

252 883 352 921 editio
380 883 442 919 est:

352 959 425 995 Aet.
447 958 488 994 de
508 967 621 993 natura
645 957 839 994 animalium
863 956 936 993 libri
949 957 1055 993 Xvn.
1083 969 1134 1005 gr.
1151 967 1182 992 et
1196 955 1248 993 lat.
1273 970 1349 993 cum
1365 955 1699 993 animaduersionibus
1714 955 1810 993 conr.
1829 955 1970 991 Gesnm·
1992 957 1996 960 '

252 1024 283 1050 et
298 1014 386 1049 Dan.
405 1010 507 1047 With.
532 1009 678 1045 Trilleri.
728 1011 873 1045 Curante
892 1011 974 1044 Abr.
994 1010 1184 1049 Gronouio,
1209 1011 1266 1057 qui
1289 1019 1319 1044 et
1342 1007 1411 1043 suas
1428 1009 1656 1044 adnotationes
1676 1008 1800 1044 adiecit.
1825 1005 1966 1042 Londin.

252 1078 321 1102 exe.
338 1064 414 1099 Gul.
431 1064 584 1105 Boxvyer.
613 1071 703 1104 1744.
731 1063 806 1095 mai.
821 1073 853 1104 4.
881 1061 920 1095 11.
936 1060 1018 1098 voll.
1045 1062 1194 1095 Gronou.
1218 1063 1367 1109 inprimis
1393 1060 1548 1096 lediiones
1570 1059 1676 1097 codic.
1700 1059 1839 1097 medicei
1863 1056 1969 1106 publi-

177 1144 188 1149 l
251 1118 353 1153 cauit:
384 1114 545 1150 Trillerus
566 1124 681 1160 parum
706 1114 786 1148 noui
807 1110 942 1154 adtulit,
968 1125 1029 1147 nee
1045 1111 1244 1147 Schneidero
1265 1112 1415 1162 probauit
1434 1124 1569 1158 operam
1586 1110 1688 1147 suam.
1739 1111 1832 1146 Idem
1856 1120 1968 1144 tamen

252 1181 322 1204 non
347 1164 455 1202 solum
477 1164 605 1212 reliquit
628 1173 720 1199 notas
745 1172 880 1204 msstas,
908 1161 1040 1198 editioni
1058 1163 1130 1199 Ael.
1158 1165 1280 1199 Geneu.
1298 1166 1384 1198 1616.
1402 1161 1591 1211 adscripta,
1614 1162 1693 1210 (vid.
1708 1162 1802 1199 catal.
1817 1159 1967 1197 biblioth.

253 1218 410 1262 Trilleri,
443 1213 504 1251 fol.
520 1214 578 1250 vlt.
597 1228 647 1250 nr.
664 1215 733 1259 43.)
764 1212 818 1249 sed
840 1216 938 1250 etiam
968 1218 1001 1249 in
1026 1212 1107 1250 obss‘.
1129 1218 1265 1254 criticis,
1291 1213 1457 1259 (Francos,
1481 1215 1521 1250 ad
1539 1217 1656 1252 Moen.
1681 1226 1766 1261 1742.
1789 1215 1836 1258 8.)
1861 1210 1967 1247 multa

253 1270 328 1306 loca
351 1271 513 1314 Vtriusque
535 1264 685 1301 historiae
709 1275 740 1300 et
762 1268 870 1300 variae
891 1275 923 1300 et
943 1264 983 1301 de
1006 1268 1107 1301 anim.
1132 1265 1244 1314 pallini
1269 1265 1465 1302 emendauit.
1492 1286 1539 1292 —
1569 1265 1626 1301 Illa
1641 1264 1781 1302 Londin.
1800 1262 1899 1300 editio
1920 1275 1969 1298 re·

254 1319 328 1357 cusa
351 1320 394 1355 est
419 1319 515 1367 Bastl.
541 1328 626 1362 1750.
649 1328 681 1360 4.
711 1326 742 1352 et
765 1316 845 1351 alius
869 1316 1048 1364 bibliopola
1071 1315 1341 1353 Heilbronnenfis
1366 1316 1448 1352 tituli
1469 1314 1606 1360 folium,
1634 1328 1666 1352 vt
1687 1329 1795 1353 nouos
1817 1313 1969 1350 adiiceret

254 1382 412 1409 emtores,
437 1370 577 1405 mutauit
597 1378 629 1404 et
652 1367 801 1415 praefixit
826 1367 895 1402 loci
912 1378 943 1403 et
965 1371 1040 1403 anni
1065 1379 1198 1411 notam,
1222 1369 1440 1404 Heilbronnae
1465 1372 1549 1411 ¹765·
1568 1381 1597 1412 4.

357 1445 542 1484 Nouiffima
557 1459 658 1494 eaque
674 1446 784 1479 critica
803 1458 841 1478 ac
860 1444 1021 1491 praestans
1040 1445 1084 1480 est
1101 1444 1219 1488 editio,
1242 1447 1276 1480 in
1298 1458 1362 1493 qua
1384 1448 1419 1479 in
1439 1443 1594 1480 addendis
1615 1453 1647 1480 et
1667 1442 1849 1481 exeurfibus
1864 1441 1970 1480 multa

255 1500 326 1537 hist.
341 1509 405 1536 nat.
428 1499 533 1547 capita
554 1506 788 1546 comparantur
810 1505 842 1531 et
866 1496 1090 1545 explicantur:

356 1579 497 1614 Amare
524 1594 590 1608 —-.
643 1573 773 1608 Aeliani
792 1573 830 1606 de
854 1579 974 1607 natura
997 1574 1178 1625 animaliuru
1202 1573 1275 1608 libri
1290 1572 1423 1607 XVII.
1447 1583 1559 1619 graece
1574 1577 1604 1606 et
1623 1571 1721 1606 latine
1739 1583 1806 1607 cum
1815 1573 1969 1619 priorum

255 1632 465 1673 interpretum
489 1634 516 1660 et
530 1626 603 1672 suis
625 1625 945 1672 animaduezssonibus
967 1627 1010 1668 (et
1028 1627 1162 1665 ericius,
1190 1634 1220 1659 et
1239 1626 1293 1666 iis,
1322 1624 1436 1672 quibus
1453 1637 1501 1658 res
1517 1620 1678 1672 verbaque
1695 1636 1732 1658 ex
1752 1622 1885 1659 historia
1901 1628 1970 1657 nat.
1995 1636 1998 1637 ⁷

256 1690 286 1716 et
308 1681 528 1715 recentiorum
549 1673 627 1710 obff.
646 1674 737 1722 saepe
758 1675 972 1723 explanantur
993 1675 1281 1722 illustranturqueQ
1306 1677 1404 1709 edidit
1423 1676 1471 1709 lo.
1490 1675 1626 1708 Gottlob
1644 1674 1816 1715 Schneider.
1845 1672 1970 1722 Lipsiae

254 1740 346 1776 1734.
373 1732 448 1764 mai.
465 1736 495 1768 8.
522 1748 572 1755 —
600 1726 692 1761 Idem
709 1736 820 1761 tamen
836 1727 1016 1761 audianum
1033 1725 1299 1761 emendationum
1316 1738 1411 1773 atque
1427 1724 1581 1760 adnotatt.
1599 1723 1639 1759 ad
1653 1727 1712 1760 hos
1727 1725 1853 1760 Aeliani
1869 1725 1968 1759 libros

256 1781 342 1818 dedit
367 1784 399 1815 in
422 1791 502 1815 tom.
519 1780 556 1813 11.
582 1780 811 1813 commentarii
833 1777 872 1811 ad
890 1777 1028 1824 Reliqua
1047 1778 1206 1812 librorum
1224 1776 1373 1812 Friderici
1395 1778 1433 1810 11.
1456 1778 1657 1824 imperatoris
1680 1775 1719 1810 de
1742 1786 1808 1811 arte
1829 1774 1968 1810 venandi
2012 1802 2013 1807 ,

257 1847 332 1869 cum
350 1833 460 1867 auibus
481 1843 510 1865 et
529 1830 649 1864 Alberti
667 1830 717 1864 M.
744 1826 825 1877 Lips.
845 1836 932 1873 ¹789·
951 1843 980 1869 4.
1033 1831 1138 1863 Antea
1159 1841 1236 1863 vero
1258 1830 1290 1862 in
1313 1829 1394 1862 libro
1418 1825 1602 1874 periodicQ
1628 1830 1813 1874 germanice
1836 1824 1968 1873 scripto,
1991 1833 1994 1835 ’

256 1881 469 1929 Allerneueste
490 1880 855 1926 lfflnmigfaltigkeiten,
880 1879 1019 1914 Berolin.
1040 1888 1125 1922 ¹782·
1152 1878 1307 1914 hebdom.
1324 1886 1373 1919 28.
1402 1878 1441 1913 de
1466 1876 1521 1911 vsu
1543 1889 1574 1912 et
1596 1880 1701 1926 pretio
1728 1880 1848 1913 horum
1866 1877 1968 1913 XVH.

258 1938 418 1972 librorum
441 1933 566 1969 Aeliani
590 1932 760 1972 iudicauit,
785 1933 968 1978 nimiasque
985 1933 1117 1965 sanderi
1139 1929 1264 1972 laudes,
1291 1932 1323 1965 in
1347 1930 1532 1964 Aelianeam
1559 1928 1829 1977 compilationem
1851 1931 1886 1964 in
1906 1926 1970 1963 fin'-

258 1988 364 2038 gulari
390 1982 509 2035 prolus.
538 1983 731 2019 Carlsruhae
753 1985 839 2027 1776.
866 1980 1000 2024 effusas,
1028 1982 1066 2017 ad
1093 1996 1230 2030 aequam
1253 1980 1378 2029 redegit
1399 1980 1681 2026 aestimationem]
1762 1985 1766 1987 “

359 2061 530 2098 Nonnulla
550 2063 644 2095 huius
670 2061 777 2107 operis
801 2058 873 2093 loca
893 2057 1031 2093 feliciter
1056 2058 1192 2093 illustrat
1212 2056 1462 2093 accuraril'simus
1486 2055 1622 2105 scriptor
1640 2058 1826 2091 Lambertm
1841 2055 1910 2090 Bos
1933 2057 1968 2091 in

261 2112 539 2151 obseruationibus
565 2114 680 2146 criticis
702 2125 770 2157 cap.
787 2112 935 2145 XXXIV.
961 2112 1089 2145 Faba-ic.
1143 2110 1209 2156 [Ad
1232 2111 1529 2157 interpretationem
1552 2112 1714 2156 Vtriusque
1729 2107 1881 2142 historiae
1899 2119 1970 2154 par-

261 2170 319 2201 tim
344 2169 507 2207 criticam,
538 2166 653 2211 partim
684 2166 952 2209 grammaticam,
996 2160 1093 2196 millis
1117 2173 1147 2196 et
1170 2162 1230 2195 illis
1256 2171 1480 2195 commentatt.
1517 2171 1593 2208 quas
1616 2161 1681 2194 iam
1702 2160 1905 2200 memoraui,
1935 2166 1969 2193 et

261 2218 343 2256 illis,
370 2230 446 2265 quas
470 2218 502 2250 in
525 2214 700 2249 introduct.
722 2216 743 2248 l.
761 2227 833 2261 pag.
850 2226 907 2257 254
928 2212 969 2262 sq.
993 2213 1141 2254 laudaui⁷
1169 2215 1343 2259 pertinent:

366 2293 438 2328 Car.
456 2292 562 2326 Gostl.
582 2292 673 2325 wilm
699 2289 738 2322 de
761 2292 810 2322 via
833 2299 862 2323 et
886 2292 1027 2330 fanone,
1052 2303 1113 2338 qua
1135 2289 1185 2323 Cl.
1201 2289 1373 2330 Aelianus,
1399 2290 1433 2322 in
1458 2286 1591 2322 historia
1614 2286 1807 2322 animalium
1831 2283 1970 2322 conscri-

264 2344 386 2389 benda,
413 2341 482 2380 vsu»
503 2343 557 2379 est.
583 2341 706 2391 Lipsiae
726 2353 812 2384 ¹777-
831 2352 861 2384 4.

1871 2413 1967 2450 Corn.
2002 2414 2013 2457 Ι
