2013 2725
206 170 272 209 '402
324 163 395 197 Lib.
411 159 516 197 IV.c.
531 158 641 193 XIX.
695 155 995 192 SINGVLORVM
1029 155 1266 190 LtBRORVM
1302 154 1473 197 GJtLENL

209 259 316 292 Vertit
339 264 369 290 et
394 256 528 288 Ioanms
543 253 755 288 Guintherius
773 250 992 285 Andernacus.
1018 269 1069 276 ——
1101 250 1181 283 Ren.
1200 250 1386 284 Chartcrius
1409 251 1532 295 priores
1551 247 1711 285 versiones
1726 248 1923 288 'emendanit'
1960 285 1965 287 Α
2002 243 2008 247 .

209 306 367 354 suamque
395 304 576 340 versionem
607 302 712 338 effecit
741 306 840 337 textui
865 306 969 349 tnagis
992 299 1257 348 respondentem.
1290 320 1339 327 --
1374 302 1461 334 Cum
1487 301 1601 335 tabulis
1623 312 1653 335 et
1677 306 1922 338 commentariis

219 360 377 395 Theodori
396 358 565 403 Zreingeri
587 354 709 403 prodiit
730 353 867 388 Bnfileae
890 358 968 396 1501.
993 351 1054 387 fol.
1074 357 1091 375 *-
1120 363 1149 386 et
1170 356 1252 397 1568.
1271 349 1330 387 fol.
1358 365 1435 386 cum
1458 351 1537 386 aliis.
1562 373 1612 378 —-
1638 352 1747 386 Exstat
1768 357 1863 389 etiam
1886 356 1922 399 in

213 425 290 447 eum
314 409 425 454 Clu-ist.
446 409 553 454 Heylii
583 405 756 441 artificialis
785 408 978 445 medicatio⁹
1010 401 1062 438 scu
1088 401 1296 453 pammatii&
1330 403 1490 450 Mogunt.
1514 416 1595 449 ¹534-
1620 415 1652 446 4.
1674 407 1693 424 *
1726 424 1777 430 --
1810 407 1922 440 franc.

210 460 411 498 Valleriolae
432 462 505 494 artis
528 457 671 493 medicae
694 455 906 492 fundamenta
926 458 957 490 in
974 456 1088 490 Galcni
1114 455 1231 489 librum
1251 452 1291 487 de
1315 454 1543 489 constitutione
1566 459 1640 490 artis
1663 454 1816 490 medicae.
1846 457 1927 502 (Ge·'

210 514 330 556 nenne)
349 524 434 556 1577.
453 518 482 550 8.
508 509 612 558 Lugd.
636 512 726 544 1626.
749 516 775 551 8.
802 529 853 536 —-·
880 509 995 541 Fiam.
1015 506 1200 541 Valln-iolae
1217 516 1397 542 comment.
1421 508 1455 542 in
1478 505 1551 542 libr.
1574 507 1688 542 Galcni
1711 505 1750 541 de
1772 506 1924 553 constitu·⁴
1957 521 1967 530 ’

211 567 301 602 tione
322 566 398 600 artis
424 561 581 598 medicae.
607 560 629 598 s.
649 561 725 598 loco
747 559 835 610 apud
851 560 986 596 Abetem
1003 559 1139 602 Riuary.
1167 569 1249 604 1577.
1270 564 1300 599 8.
1317 563 1336 583 *

315 675 346 709 8.
372 667 451 717 Περὶ
471 667 537 705 τῶν
556 662 641 705 καθ’
657 660 888 714 Ἱπποκράτην
909 660 1062 711 §cxxc-imit
1079 661 1215 706 βιβλία
1232 658 1280 705 β’.
1332 663 1386 697 De
1407 662 1556 698 elementis
1577 675 1616 697 ex
1634 663 1831 709 Hippocrate
1851 663 1926 701 libri

211 719 287 756 duo.
338 719 470 755 Exstant
492 722 525 754 in
543 717 617 753 edit.
634 719 781 767 principe
796 716 915 752 Aldina
938 726 1016 763 part.
1033 717 1055 749 1.
1071 713 1130 749 sol.
1149 727 1171 748 1.
1199 717 1232 748 in
1248 727 1363 761 graeca
1382 713 1473 750 Basti.
1489 726 1568 762 part.
1585 717 1608 749 1.
1627 728 1700 762 pag.
1718 720 1774 759 46.
1801 718 1835 749 in
1851 714 1926 750 edit.

212 772 254 807 R.
272 773 429 807 Charterii
451 781 533 806 tom.
552 770 607 806 111.
625 782 700 818 pag.
719 781 741 803 1.
765 770 797 802 in
819 765 953 816 septima
971 769 1088 802 luntar.
1106 763 1190 800 class.
1208 768 1228 800 l.
1244 763 1304 800 fol.
1321 778 1348 800 2.
1374 767 1516 801 Galenus
1537 764 1600 801 sese
1620 769 1685 801 eius
1705 766 1797 809 libri,
1825 779 1926 814 quem

212 833 245 858 et
269 822 362 870 saepe
383 824 478 862 citat,
504 822 672 857 audiorem
698 817 761 854 effe
791 817 909 854 fatetur
932 816 1081 866 expreffis
1104 817 1208 851 verbis
1231 829 1307 851 cum
1330 819 1364 852 in
1386 816 1470 852 libro
1487 818 1526 852 de
1546 818 1632 853 libris
1653 820 1790 866 propriis
1811 831 1880 866 cap.
1896 830 1926 854 2.

211 887 288 924 pag.
308 882 356 917 38.
379 884 460 909 tom.
476 874 499 907 Ι.
524 883 592 909 tum
614 875 648 907 in
663 881 731 907 arte
748 871 894 912 medica,
921 883 989 917 cap.
1008 881 1055 913 37.
1077 881 1151 916 pag.
1170 880 1239 911 ³30.
1256 879 1340 902 tom.
1357 869 1394 902 11.
1450 869 1589 917 Vultque
1607 869 1762 909 Galenus,
1787 878 1820 902 vt
1843 871 1927 903 inter
1991 888 1996 890 ν

211 926 312 964 libros
338 928 403 960 eius
425 926 463 960 ab
486 927 548 967 eis,
574 925 629 975 qui
653 933 799 957 mentem
821 920 911 956 suain
936 923 1072 968 penitius
1094 917 1224 967 adsequi
1246 919 1363 960 velint,
1390 923 1517 967 primus
1541 922 1697 954 omnium
1719 920 1866 968 legatur,
1892 922 1926 954 in

212 990 284 1025 cap.
301 988 349 1020 37.
369 986 426 1012 art.
448 974 592 1011 medicae
615 987 691 1023 pag.
715 975 799 1008 citat.
870 975 908 1007 ln
931 975 1039 1019 primo
1063 971 1145 1005 libro
1165 981 1393 1017 exponuntur,
1432 983 1514 1018 quae
1535 970 1652 1005 medici
1676 983 1714 1005 ac
1738 968 1927 1020 philosophi

212 1028 254 1064 de
280 1028 449 1063 elementis
476 1024 657 1062 senserunt:
696 1028 721 1059 is
742 1027 886 1059 maxime
906 1034 1020 1058 contra
1043 1024 1263 1063 Athenaeum,
1297 1031 1327 1056 et
1349 1021 1444 1056 simul
1466 1021 1540 1057 ideo
1564 1019 1697 1069 scriptus
1722 1022 1784 1064 est,
1818 1033 1852 1057 vt
1874 1023 1927 1058 de-

211 1079 430 1125 monstretur,
474 1089 630 1127 quatenus
660 1075 778 1124 possint
810 1077 978 1125 qualitates
1007 1074 1248 1108 elementorum
1279 1075 1312 1106 in
1341 1075 1490 1109 humano
1521 1086 1662 1120 corpore
1688 1071 1835 1122 ipsorum
1863 1073 1927 1110 ele.

212 1140 405 1168 mentorum
423 1130 500 1166 loco
516 1127 589 1165 esse.
641 1131 679 1163 ln
695 1128 797 1164 altero
813 1128 898 1163 libro
914 1136 1055 1175 quatuor
1072 1127 1228 1160 humores
1244 1135 1368 1165 tuetur,
1396 1128 1449 1174 qui
1467 1123 1528 1161 {int
1546 1124 1750 1167 animalium,
1771 1123 1927 1174 sanguine

213 1182 450 1233 praeditorum,
472 1185 607 1231 propria
626 1181 796 1216 elementa.
821 1199 872 1206 —
897 1178 1036 1214 Codices
1058 1179 1164 1224 graeci
1190 1176 1311 1211 exstant
1329 1180 1360 1211 in
1378 1177 1451 1211 bibl.
1470 1178 1559 1226 publ.
1575 1175 1671 1212 Paris.
1692 1191 1738 1212 nr.
1755 1179 1928 1213 MXCVH.

213 1237 250 1270 in
268 1232 485 1272 Taurinenfi,
511 1236 542 1267 in
565 1232 638 1267 bibl.
654 1234 724 1266 Cai.
743 1230 875 1265 Gonuil.
897 1241 929 1264 et
944 1233 978 1264 in
994 1229 1069 1264 bibl.
1088 1230 1209 1263 montis
1227 1230 1258 1263 S.
1274 1229 1458 1264 Michaelis.
1513 1231 1549 1263 ln
1568 1227 1771 1264 Mertonensi
1790 1242 1839 1264 nr.
1855 1231 1928 1274 685.

213 1286 255 1321 In
270 1285 346 1319 bibl.
365 1285 489 1320 Veneta
506 1286 546 1320 D.
562 1286 686 1325 Marci,
711 1281 784 1318 cod.
803 1283 990 1316 CCLXXV.
1013 1281 1123 1327 (catal.
1137 1293 1212 1328 pag.
1232 1280 1311 1323 134.)
1338 1299 1388 1306 —-
1417 1278 1532 1314 Codex
1554 1281 1671 1314 latinus
1688 1280 1789 1315 exstat
1804 1284 1836 1315 in
1852 1280 1927 1315 bibl.

217 1337 259 1374 V
258 1337 460 1385 indobomnſs
474 1333 628 1371 Caesarea
652 1336 736 1370 etin
759 1333 905 1368 biblioth.
928 1331 1101 1368 monaster.
1120 1329 1319 1374 Gaybacens.
1343 1329 1402 1366 fol.
1424 1345 1471 1365 nr.
1491 1338 1558 1376 285.
1580 1351 1630 1358 —
1657 1332 1811 1366 Hebraico
1829 1331 1929 1367 exstat

216 1401 257 1424 ex
271 1388 366 1423 Arab.
390 1385 499 1422 versus
520 1402 538 1422 a
559 1388 598 1423 R.
615 1387 742 1421 Chanin
759 1385 821 1420 ben
838 1383 923 1419 Isaac
945 1387 977 1419 in
1001 1383 1147 1418 biblioth.
1171 1383 1209 1417 V
1209 1383 1401 1428 indobonenfi
1421 1384 1574 1417 Lambec.
1596 1381 1646 1416 ed.
1668 1383 1793 1418 Kollar.
1815 1381 1886 1418 libr.
1902 1384 1929 1419 Ι.

214 1451 290 1488 pag.
307 1451 385 1484 290.
426 1439 560 1473 Arabice
587 1437 705 1472 dicitur
733 1435 853 1472 exstare
881 1434 987 1470 versus
1017 1436 1055 1470 ab
1076 1436 1211 1469 Honain
1228 1436 1293 1469 Ben
1312 1433 1435 1474 Iscimr,
1470 1434 1583 1469 titulo:
1623 1433 1723 1469 Ketab
1741 1434 1771 1469 al
1787 1437 1929 1483 Mezage

215 1493 250 1527 in
269 1490 415 1526 biblioth.
433 1490 523 1538 publ.
540 1486 631 1525 Paris.
681 1487 791 1522 Exstat
809 1490 906 1522 etiam
928 1487 1052 1522 arabice
1067 1490 1098 1520 in
1120 1485 1265 1520 biblioth.
1284 1483 1496 1521 Escurialens.
1514 1499 1562 1520 nr.
1581 1487 1657 1531 869.
1675 1489 1750 1530 876.
1775 1506 1823 1513 —
1851 1486 1928 1522 Edi-

217 1544 322 1578 tiones
343 1542 481 1576 Graecae
498 1538 586 1576 sunt:
612 1560 662 1568 —
693 1540 808 1574 Galem'
824 1537 863 1572 de
885 1538 1054 1573 elementis
1074 1535 1251 1572 secundum
1272 1539 1508 1584 Hippocratem
1529 1537 1601 1572 libri
1617 1538 1656 1573 ΙΙ.
1711 1536 1864 1574 Eiusdem
1887 1537 1930 1574 de

218 1595 347 1643 optima
369 1595 515 1641 corporis
538 1591 638 1628 nostri
664 1590 905 1626 constitutione.
968 1589 1123 1624 Eiusdem
1149 1588 1189 1624 de
1213 1590 1302 1624 bono
1324 1589 1445 1624 habitu.
1478 1602 1603 1637 graece.
1631 1586 1724 1624 Paris.
1748 1588 1834 1638 apud
1855 1591 1929 1625 Sor-

215 1645 358 1685 bonam,
385 1657 470 1688 1530.
487 1651 518 1685 8.
546 1640 833 1692 graeceprodiiss'e
855 1654 928 1675 curn
948 1641 1016 1675 aliis
1034 1638 1127 1676 Paris.
1144 1643 1218 1685 1546
1244 1638 1302 1675 sol.
1332 1640 1429 1675 refert
1446 1642 1557 1676 Haller
1572 1643 1605 1675 in
1619 1640 1692 1676 bibl.
1709 1652 1791 1676 anat.
1810 1651 1889 1677 tom.
1903 1643 1928 1676 1.

215 1709 295 1745 pag.
307 1699 360 1736 86.
388 1716 439 1724 —-
468 1696 510 1731 V
507 1697 636 1744 erstones
657 1697 773 1729 latinae
793 1692 879 1727 sunt:
909 1695 954 1726 lo.
974 1692 1172 1731 Guintfzemh
1201 1693 1394 1731 Andemact,
1421 1706 1502 1741 quae
1521 1693 1642 1742 prodiit
1663 1706 1725 1728 vna
1744 1706 1820 1729 cum
1837 1693 1929 1729 libris
1980 1704 1983 1708 '

215 1749 365 1796 corporis
391 1757 642 1796 temperaturam
666 1748 766 1781 animi
789 1757 898 1780 mores
919 1741 1026 1792 sequi3
1061 1743 1101 1778 de
1125 1746 1206 1777 vitiis
1234 1746 1334 1778 animi
1363 1754 1393 1779 et
1415 1757 1530 1779 eorum
1552 1743 1723 1788 remediis3
1758 1745 1797 1779 de
1823 1742 1929 1783 sefflsa

215 1798 476 1836 introdtid'torim
503 1797 543 1833 de
564 1797 782 1847 plenitudine,
807 1795 847 1832 de
869 1799 999 1845 optimo
1022 1797 1170 1843 corporis
1194 1795 1291 1839 statu3
1316 1793 1355 1829 de
1376 1796 1463 1830 bono
1483 1796 1610 1839 habitu3
1638 1793 1676 1830 de
1691 1805 1759 1830 atra
1780 1796 1860 1838 bile,
1888 1795 1929 1832 de

215 1850 398 1887 tumoribus
413 1860 538 1898 praeter
551 1859 719 1892 naturam,
747 1847 837 1884 Basti.
855 1847 941 1896 apud
961 1849 1095 1883 Froben.
1114 1858 1198 1891 ¹529·
1215 1859 1245 1890 4.
1271 1865 1323 1873 —-
1349 1848 1471 1882 Eadem
1489 1845 1591 1882 versio
1608 1845 1730 1895 prodiit
1745 1860 1823 1883 cum
1840 1848 1928 1883 libris

216 1902 257 1937 de
281 1902 477 1937 naturalibus
502 1899 716 1937 facultatibus.
753 1899 854 1946 Lugd.
877 1906 964 1944 1548.
990 1911 1035 1934 12.
1097 1898 1192 1932 Solus
1222 1897 1263 1932 de
1292 1897 1460 1933 elementis
1490 1898 1571 1933 liber
1599 1897 1742 1946 prodiit,
1783 1909 1929 1936 vertente

216 1955 431 1995 Guintherio7
461 1951 554 1989 Paris.
579 1966 659 1999 ¹54¹·
703 1952 848 1989 Victoris
869 1950 1073 1989 Trina-auelli,
1099 1961 1182 1997 quae
1205 1947 1323 1996 prodiit
1342 1950 1444 1998 Lugd.
1468 1962 1549 1994 1550.
1564 1962 1610 1985 η.
1626 1953 1646 1972 *
1699 1949 1808 1986 Exstat
1829 1953 1928 1988 etiam

215 2006 297 2041 haec
319 2004 422 2039 versio
445 2007 477 2039 in
499 2003 632 2054 septima
651 2006 818 2039 luntarum
841 2001 914 2037 edit.
947 2003 1072 2036 Nicolai
1087 2002 1264 2040 Leontem,
1288 2013 1371 2049 quae
1393 2000 1490 2036 exstat
1511 2004 1544 2036 in
1564 2003 1702 2050 antiquis
1726 2000 1811 2037 editt.
1835 2016 1928 2050 oper.

215 2056 328 2091 Galerii
350 2058 382 2090 in
399 2055 539 2091 editione
556 2055 696 2104 Papienfi
717 2067 747 2091 et
766 2059 797 2091 in
814 2054 925 2089 Galeni
942 2055 1028 2101 Opp.
1052 2052 1138 2087 latin.
1155 2051 1230 2088 edit.
1248 2053 1312 2087 Iani
1329 2054 1488 2088 Cornurii.
1518 2073 1565 2080 —
1593 2055 1832 2089 Commentarii
1853 2055 1926 2091 MS.

215 2108 345 2143 Nicolai
359 2107 394 2141 de
416 2107 537 2154 Anglia
560 2105 631 2142 sunt
655 2110 687 2142 in
709 2107 784 2143 bibl.
809 2104 896 2141 Caes.
917 2103 1172 2139 vindobonensi.
1200 2124 1250 2130 —
1278 2106 1342 2138 Iar.
1358 2105 1460 2151 Sgn'uii
1482 2107 1515 2139 in
1537 2106 1745 2152 Hippocratis
1766 2105 1927 2141 elementa
1955 2108 1957 2110 ’

216 2161 483 2194 εοιιιιῃεηῑπὶω.
510 2156 602 2193 Paris.
621 2171 705 2203 1542.
725 2157 783 2193 fol.
811 2160 894 2202 1561.
912 2164 942 2196 8.
971 2159 1081 2191 Vener„
1103 2168 1182 2198 ¹543·
1200 2162 1229 2193 8.
1256 2153 1345 2194 Ram.
1363 2159 1445 2200 1556.
1462 2162 1504 2191 16.
1531 2159 1610 2191 etin
1624 2159 1709 2204 Opp.
1725 2156 1830 2192 studio
1848 2158 1929 2193 Rm.

214 2211 364 2246 Mvreau.
398 2211 521 2245 Geneu.
548 2214 640 2251 1630.
663 2208 722 2243 fol.
750 2219 834 2252 1035.
857 2206 918 2242 fol.
951 2229 990 2234 —-
1021 2210 1069 2241 lo.
1087 2208 1186 2252 Bapt.
1205 2207 1350 2239 Montani
1371 2211 1400 2241 in
1425 2208 1537 2241 Galeni
1560 2207 1659 2242 libros
1681 2207 1720 2242 de
1743 2207 1928 2253 elementis,

214 2261 257 2297 de
278 2272 391 2296 nctui'a
417 2264 577 2304 bumana,
611 2259 650 2295 de
678 2270 746 2295 atra
772 2261 851 2300 bile,
882 2259 922 2294 de
944 2260 1211 2308 temperamentis
1236 2260 1389 2305 perioche
1411 2257 1616 2299 merhod³ca‚
1649 2258 1763 2294 edente
1787 2263 1832 2296 10·
1849 2263 1927 2295 Cra-

214 2324 291 2348 ton?
337 2314 468 2346 Hauon.
498 2326 574 2359 ¹595-
610 2332 661 2338 -—-
704 2313 879 2346 perior-hen
910 2312 1029 2345 horum
1058 2310 1218 2345 librorum
1249 2306 1399 2357 scripfifl'e
1421 2312 1518 2344 etiam
1544 2312 1794 2355 Guintherium,
1827 2309 1926 2349 refert

215 2367 317 2411 Conr.
332 2366 492 2402 Gesnerus
513 2366 548 2402 in
569 2374 748 2401 enumerat.
769 2364 882 2401 libror.
898 2362 1034 2406 Galeni,
1061 2365 1173 2408 tertiae
1193 2359 1327 2398 editioni
1339 2362 1558 2399 Frobeuianae
1576 2360 1759 2412 praemiss'a.
1979 2356 1983 2359 ¹

1780 2486 1813 2521 9.
1842 2474 1924 2525 Hae}
