2013 2725
212 149 276 188 288
356 145 428 182 Lib.
440 142 507 180 IV.
520 155 543 178 c.
554 141 665 180 XVI.
794 140 1043 180 EDITIONES
1076 138 1352 190 ‘rx-:TRABiBLr‘
1713 145 1929 180 V0¹·111-p-419
1973 147 1981 150 ’

316 239 465 287 [Plenior
491 236 535 274 est
557 234 738 285 inscriptio:
774 237 824 273 CI.
844 238 980 273 Ptolem.
1000 237 1040 273 de
1060 238 1334 287 praedictionibus
1357 236 1535 274 astronom.
1558 240 1610 273 eui
1632 238 1764 276 titulum
1785 238 1935 277 fecerunt

214 291 516 341 Qadripartitum,
543 302 593 337 gr.
617 300 647 324 et
668 288 722 324 lat.
742 287 816 323 libr.
832 289 888 324 lv.
914 290 1155 325 Melanchtlzone
1179 293 1372 337 interprete,
1399 292 1467 338 (qui
1491 289 1557 325 duo
1578 289 1695 338 poster.
1715 290 1787 326 libr.
1811 293 1932 336 vertit.)

215 343 329 380 Eiusd.
353 344 485 380 Fructus
510 343 621 378 libror.
651 337 808 381 suorum,
850 354 890 375 ex
918 340 1064 377 versione
1090 344 1219 377 Ioniam*
1235 342 1387 376 Pontant‘.
1417 341 1504 386 (lat.)
1545 341 1636 377 Basil.
1670 355 1727 388 per
1748 345 1795 378 10.
1811 344 1933 392 Opori-

214 410 306 432 num.
334 415 384 423 -·
411 395 511 445 Cqfiri
530 396 563 428 in
584 392 659 427 bibl.
678 392 1002 441 arabico-hispanica
1023 403 1105 428 torn.
1123 395 1163 429 11.
1181 406 1255 441 pag.
1271 397 1330 436 346
1347 389 1390 441 sq.
1411 391 1544 441 copiose
1565 390 1707 428 recenset
1728 392 1801 432 cod.
1819 393 1933 429 litteris

215 450 360 497 cuphicis
382 456 573 488 exaratum,
598 445 654 492 qui
675 447 821 479 continet
839 446 1002 480 arabicam
1023 444 1207 481 versionem
1230 445 1391 479 librorum
1407 444 1489 480 Ptol.
1503 445 1785 490 Quadripartitum
1800 456 1831 481 et
1845 446 1934 480 Fru-

214 500 283 535 &us
305 495 547 545 inscriptorum.
605 494 866 538 Animaduertit,
897 497 1057 532 arabicam
1079 496 1171 532 illam
1194 495 1376 531 versionem
1399 495 1550 543 plurimis
1573 499 1607 530 in
1629 495 1711 530 locis
1734 511 1752 531 a
1778 506 1934 532 contextu

213 563 332 599 graeco
355 547 535 590 dissentire,
563 556 595 581 et
619 550 769 582 omittere
789 547 932 596 infinita3
959 562 998 583 ex
1019 548 1072 583 illa
1097 558 1206 583 autem
1231 546 1376 583 versione
1396 545 1580 582 desumtam
1600 545 1663 583 esse
1685 550 1852 596 antiquam
1873 559 1935 582 no·

213 596 311 640 slram
330 603 462 639 latinam
474 624 484 638 ‚
510 598 622 635 multis
639 597 748 634 modis
762 599 930 634 barbaram
948 609 979 634 et
993 600 1032 634 ab
1047 598 1118 648 ipso
1133 601 1261 634 arabico
1281 601 1363 634 mire
1382 597 1565 647 discrepare
1573 599 1798 647 autographo.
1841 601 1934 636 Prior

213 667 293 691 vero
317 665 387 702 pars
413 665 482 687 non
507 653 653 686 continet
669 663 782 685 veram
796 650 1029 700 Qadripartiti
1049 653 1367 700 interpretationem,
1397 648 1452 685 sed
1467 650 1554 686 illius
1574 660 1700 686 tantum
1720 650 1826 686 modo
1843 663 1934 686 com-

214 705 392 755 pendium,
430 702 520 753 quod
547 703 707 737 Thubctus
728 702 810 737 olim
833 701 942 738 edidit.
999 704 1187 747 (Thabetus
1211 713 1321 738 tamen
1349 701 1435 750 apud
1463 703 1561 751 Cqfir.
1581 704 1605 737 I.
1627 715 1703 751 pag.
1720 709 1791 746 387.
1818 703 1871 738 vbi
1893 701 1935 738 de

213 758 275 794 illo
300 759 425 806 agitur,
451 753 689 803 compendium
712 754 784 788 libri
800 756 903 799 primi
926 752 1034 789 fecisse
1055 754 1194 800 dicitur.)
1247 754 1311 789 Alii
1330 764 1456 803 praeter
1475 768 1511 789 ea
1528 754 1646 788 Arabes
1663 753 1733 788 aliis
1755 753 1937 802 castigatio-

212 822 286 847 rem
309 808 468 844 dederunt
491 804 673 841 versionem
696 804 941 853 Qadripartiti.
995 807 1095 855 Casiri
1114 807 1289 854 praecipue
1309 804 1419 840 laudat
1437 808 1739 853 interpretationem
1755 806 1936 841 Abrabami

215 863 285 897 Ben
303 860 454 906 Alsalat,
481 871 579 906 quam
598 858 783 898 Honorum,
810 855 906 892 Isaaci
924 856 1026 899 filius,
1053 857 1252 893 emendauit.
1277 856 1356 903 (vid.
1374 869 1504 905 quoque
1522 857 1663 903 C'cy‘irum
1676 855 1741 892 vol.
1759 859 1782 891 Ι.
1799 871 1832 906 p.
1847 858 1934 901 349.)

215 913 461 948 commentariis
482 922 560 944 vero
582 907 778 942 illustrarunt
793 908 933 944 Omarus
948 909 1020 943 Bm
1035 909 1207 947 Farklzan,
1231 907 1253 943 s.
1269 909 1443 943 Pharkfzan
1460 909 1586 944 Abi-ah.
1604 909 1671 942 Bm
1684 908 1794 949 Salat.
1819 908 1937 944 Alnai-

213 966 320 998 rizim
343 972 374 997 et
394 961 618 1006 Albategnus‚
651 960 721 1006 (qui
751 962 851 993 etiam
881 960 962 994 alios
991 970 1188 995 exornarunt
1212 959 1342 1005 libros,)
1377 962 1458 995 item
1478 960 1537 995 Ali
1552 960 1624 994 Bm
1640 959 1814 1003 Rcdlzuan,
1846 961 1935 996 cuius

215 1015 494 1051 commentarium
518 1010 617 1046 latine
638 1008 761 1044 editum
784 1009 912 1044 testatur
934 1009 1113 1045 Cardanus.
1141 1010 1256 1057 Harl]

317 1092 432 1125 Latine
456 1087 582 1136 pridem
605 1096 741 1123 verterat
758 1086 918 1135 Acgidius
941 1088 1132 1123 Tebaldinus
1152 1086 1220 1123 fiue
1242 1087 1509 1123 latino-barbare
1531 1100 1570 1123 ex
1591 1084 1756 1136 hispanica
1777 1088 1936 1133 versione,

216 1141 356 1183 Alfonfi.
375 1140 533 1176 Casteilae
550 1142 645 1187 regis,
664 1136 745 1173 iussu
762 1151 801 1173 ex
820 1140 960 1173 Arabico
974 1143 1009 1181 κ)
1025 1138 1185 1175 confecia.
1214 1160 1262 1167 —
1291 1141 1427 1185 [Latina
1442 1138 1545 1174 versio
1563 1139 1796 1189 Qadripartiti
1817 1152 1848 1177 et
1863 1155 1937 1177 cen-

216 1195 346 1243 tiloquii
359 1191 382 1228 s.
398 1190 543 1242 Κάρπις,
567 1203 642 1227 curn
660 1190 751 1235 Haly
774 1201 955 1226 comment.
981 1204 1019 1225 ex
1041 1192 1170 1227 arabico
1191 1188 1297 1233 facia,
1322 1190 1445 1239 prodiit
1465 1191 1608 1226 Vmetiis
1625 1204 1684 1239 per
1699 1194 1775 1227 Erh.
1790 1192 1936 1230 Ratdolr.

218 1253 310 1290 1484.
329 1257 361 1289 4.
390 1244 471 1288 (vid.
488 1244 581 1289 Foffii
597 1242 687 1277 catal.
705 1241 779 1277 bibl.
796 1242 952 1290 Magliab.
971 1252 1052 1278 tom.
1069 1245 1108 1278 11.
1127 1256 1203 1291 pag.
1222 1255 1280 1288 419
1298 1239 1344 1290 sq.
1371 1242 1502 1277 Panzer
1517 1244 1558 1277 A.
1576 1243 1621 1277 T.
1642 1244 1696 1276 111.
1714 1257 1787 1292 pag.
1805 1256 1879 1288 204.
1904 1255 1937 1286 et

219 1311 301 1346 quos
320 1298 375 1332 ille
397 1294 533 1341 laudam)
567 1304 662 1342 atque
682 1307 760 1328 cum
781 1293 892 1329 multis
915 1294 1057 1329 aliorum
1084 1293 1265 1343 opusculis,
1291 1292 1365 1328 ibid.
1388 1307 1446 1341 per
1467 1295 1580 1329 Bonet.
1595 1295 1819 1339 Locatellum,
1848 1309 1936 1342 1493.

218 1349 281 1385 fol.
309 1347 373 1383 vid.
392 1348 523 1382 Panzer
543 1345 619 1381 ibid.
638 1358 712 1394 pag.
728 1357 792 1388 332.
813 1347 963 1394 inprimis
982 1347 1143 1381 Mirarelli
1159 1350 1193 1380 in
1209 1344 1347 1394 adpend.
1364 1344 1436 1380 libr.
1455 1343 1534 1380 saec.
1552 1347 1623 1380 XV.
1641 1346 1704 1380 col.
1720 1355 1783 1392 389
1803 1345 1871 1396 sqq.
1891 1366 1938 1374 --

220 1399 453 1448 Qadripartiti
480 1398 549 1432 libr.
568 1398 640 1432 1111.
668 1397 716 1441 de,
739 1400 953 1432 inerrantium
984 1397 1149 1432 stellarum
1174 1397 1486 1445 fignificatioiiibUS‚
1525 1398 1578 1432 fik.
1596 1398 1621 1432 1.
1646 1399 1836 1445 (interprete
1865 1400 1936 1434 Nic.

218 1453 395 1495 Leonico.)
437 1459 466 1485 et
493 1449 740 1497 Centiloquium
771 1449 990 1492 (lo.10uiano
1012 1452 1161 1484 Pontano
1194 1450 1396 1497 interprete,)
1432 1461 1508 1482 curn
1542 1449 1709 1483 Hermetis
1738 1460 1769 1484 et
1793 1450 1935 1485 aliorum

219 1502 400 1551 opusculis..
437 1505 490 1543 (ex
522 1499 687 1549 superiore
713 1498 788 1537 edit.
815 1500 1022 1548 probabiliter
1050 1503 1219 1549 repetitis,)
1252 1500 1307 1535 lat.
1331 1498 1430 1533 additi
1460 1497 1532 1535 sunt
1554 1501 1632 1533 Iulii
1646 1500 1774 1535 Firmici
1791 1502 1937 1536 Materni

219 1554 475 1592 Astronomixc'b'v
496 1553 563 1587 libr.
583 1553 671 1586 Vlll.
702 1564 758 1597 per
775 1552 879 1586 Nicol.
899 1552 1125 1590 Prnckncrum,„
1141 1573 1192 1579 —
1218 1553 1257 1586 ab
1281 1553 1460 1586 innumeris
1483 1550 1611 1585 mendis
1633 1550 1810 1588 vindicatis.
1842 1552 1934 1588 Bafil.

219 1620 276 1656 per
295 1608 342 1641 lo.
359 1606 590 1652 Herxwagium.
607 1614 683 1647 1551.
700 1600 759 1637 fol.
787 1602 869 1637 adde
886 1604 1019 1637 Srheihel
1030 1603 1146 1639 astron.
1166 1604 1245 1638 Bibl.
1262 1614 1343 1651 part.
1360 1604 1397 1636 11.
1416 1615 1448 1650 p.
1468 1615 1480 1637 1
1495 1600 1539 1650 sq.
1570 1603 1683 1648 ΗΜΛ]
1711 1623 1775 1637 --.
1788 1606 1890 1639 Vertit
1904 1613 1936 1640 et
1987 1633 1993 1636 r

219 1660 373 1694 Antonini
389 1656 549 1701 Gogaua,
576 1656 700 1689 Louan.
715 1661 798 1697 1548.
813 1666 843 1697 4.
871 1656 988 1688 Patauii
1006 1657 1094 1699 1658.
1112 1668 1153 1689 12.
1181 1657 1301 1703 Pragae
1322 1657 1407 1689 1610.
1428 1667 1470 1689 12.
1525 1656 1778 1690 Commentario
1798 1655 1936 1691 illussra·
2000 1675 2005 1678 >

218 1713 262 1744 vit
280 1708 414 1745 Hieron.
433 1707 602 1742 cardamus
624 1707 782 1752 prioribus
807 1707 844 1738 11.
862 1705 949 1739 libris
973 1708 1171 1747 Camerarii,
1198 1706 1428 1753 posterioribus
1454 1707 1612 1753 Gogauae
1633 1705 1780 1742 versione
1802 1705 1936 1750 seruata,

219 1759 313 1796 Basil.
333 1771 411 1804 1554.
431 1756 491 1793 fol.
508 1760 537 1801 ⁹)
566 1770 651 1802 1579.
667 1754 725 1791 fol.
751 1756 854 1803 Lugd.
875 1768 951 1801 1555.
972 1763 1001 1796 8.
1016 1767 1046 1791 et
1061 1760 1093 1790 in
1112 1756 1251 1791 Cardani
1272 1759 1359 1805 Opp.
1376 1757 1467 1801 [cura
1485 1758 1560 1791 Car.
1577 1759 1701 1802 Sponii,
1730 1759 1830 1806 Lugd.
1848 1762 1937 1802 1663.

219 1811 281 1847 sol.
303 1822 384 1845 tom.
401 1811 441 1843 V.
467 1822 541 1857 pag.
558 1821 596 1854 93
614 1807 659 1856 sq.
694 1806 758 1841 vid.
773 1808 942 1855 Freysagii
971 1807 1113 1856 adparat.
1143 1809 1237 1843 litter.
1255 1810 1310 1842 111.
1339 1820 1409 1854 pag.
1426 1820 1482 1851 725
1498 1805 1542 1855 sq.
1571 1809 1683 1853 Hau-L]
1715 1831 1766 1837 -—
1800 1812 1937 1858 Georgii

223 1864 342 1900 Vallne
360 1863 626 1898 commentarius.
642 1872 728 1893 anno
747 1871 833 1904 1502.
858 1859 973 1900 editus,
990 1859 1071 1893 nihil
1088 1858 1174 1894 aliud
1190 1860 1251 1901 est,
1279 1872 1380 1907 quam
1398 1858 1496 1893 latina
1513 1858 1616 1894 versio
1632 1857 1832 1896 scholiorum
1847 1875 1939 1909 grae·

220 1925 356 1957 corum3
384 1911 449 1947 siue
473 1909 644 1959 exegeseos
671 1913 796 1944 ieiunae
819 1911 1004 1954 Demophili
1030 1913 1062 1944 in
1083 1911 1294 1951 tetrabiblou,
1323 1923 1403 1958 quae
1423 1923 1499 1944 cum
1521 1911 1692 1958 Porphyrii
1706 1910 1772 1947 siue
1785 1914 1938 1949 Antiochi

220 1964 357 2013 Isagoge
373 1977 486 2011 graece
507 1975 537 1997 et
553 1965 669 2007 latine,
697 1960 805 1995 addita
823 1962 958 1995 Hieron.
977 1961 1091 2006 [Volfii
1109 1961 1266 2004 versione,
1286 1962 1396 1996 lucem
1411 1961 1489 1997 vidit
1505 1959 1598 1996 Baffl.
1619 1974 1704 2007 1559.
1718 1961 1778 2001 fol.
1830 1965 1866 2000 In
1887 1967 1937 2000 his

221 2010 350 2053 scholiis
374 2016 561 2051 Dorotheus
587 2016 702 2048 citatur
723 2026 798 2061 pag.
815 2020 868 2056 48.
886 2025 941 2048 110
958 2023 989 2047 et
1006 2026 1073 2059 ¹39·
1101 2013 1276 2062 Cleopatra
1291 2026 1365 2062 pag.
1381 2020 1445 2062 88„
1463 2015 1684 2062 Porphyrius,
1709 2011 1937 2066 philosophus,

1671 2080 1850 2128 vaag.
1866 2071 1936 2114 169.

263 2172 303 2205 x)
327 2168 440 2200 Selden-
460 2179 535 2198 vxor
553 2169 645 2198 Hebr.
663 2178 727 2208 pag.
744 2176 811 2203 342.
855 2169 992 2197 Ceterum
1016 2167 1052 2198 de
1105 2166 1252 2197 trabiblon
1280 2166 1434 2204 indignum
1463 2165 1517 2195 ess‘e
1537 2166 1695 2197 Ptolemaei
1716 2169 1802 2205 genio
1825 2175 1853 2198 et
1871 2168 1938 2199 sub.

222 2213 361 2254 Alphonfi
381 2214 457 2249 regis
476 2222 544 2241 cura
566 2213 595 2240 111
618 2210 820 2251 proniouenda
837 2212 957 2240 Arabica
973 2214 1051 2247 Qia-
1105 2211 1245 2240 dititium.
1291 2209 1433 2249 Equidem
1456 2211 1498 2238 Io.
1516 2212 1581 2239 Pico
1603 2210 1702 2240 iudice
1723 2210 1773 2240 lib.
1789 2212 1813 2242 1.
1836 2220 1937 2242 contra

222 2257 370 2297 dripartiti
393 2255 542 2289 versione,
573 2254 657 2288 vide,
686 2254 704 2281 si
730 2252 838 2292 placet,
868 2253 938 2284 Nic.
955 2252 1052 2284 Anto·
1106 2253 1271 2291 Astrologos
1288 2263 1315 2292 p.
1330 2260 1391 2287 285.
1415 2251 1595 2281 Ptolemaeus
1616 2253 1766 2283 malorum
1788 2254 1846 2284 siue
1866 2265 1936 2296 apo·

223 2300 307 2329 nium
328 2301 358 2328 in
373 2296 447 2326 Bibl.
463 2299 557 2326 veteri
572 2296 699 2336 Hispana
715 2303 786 2324 tom.
802 2297 842 2326 ΙΙ.
857 2306 922 2335 pag.
940 2305 981 2331 55.
1005 2295 1051 2326 vel
1105 2296 1349 2326 telesniaticorum
1365 2297 1405 2323 est
1419 2297 1557 2334 optimus.
1580 2296 1702 2326 Fabric.
1738 2296 1818 2326 Adde
1837 2296 1937 2328 Weid-

224 2343 286 2371 acm
302 2340 382 2370 erud.
406 2350 431 2369 a.
449 2343 531 2376 1697.
556 2348 621 2377 pag.
638 2348 699 2371 302.
743 2337 859 2368 Viderit
876 2349 965 2378 porro
984 2338 1052 2368 Gas-
1106 2340 1160 2369 ler.
1178 2350 1241 2379 pag.
1263 2344 1307 2370 181
1326 2337 1365 2378 sq.
1387 2345 1414 2366 et
1429 2337 1633 2368 Heilbrotmer
1650 2350 1712 2379 pag.
1726 2348 1787 2374 349.
1810 2339 1904 2370 Harl.

225 2384 346 2418 sendus,
374 2384 425 2422 qui
449 2385 478 2411 in
502 2381 688 2423 philosophia
714 2381 851 2420 Epicuri,
881 2381 931 2409 vbi
953 2389 1054 2411 contra
1146 2382 1185 2421 y)
1217 2379 1435 2412 Vid.Scl1eibel
1456 2379 1473 2408 l.
1495 2391 1518 2408 c.
1541 2388 1614 2420 part.
1631 2383 1668 2412 11.
1692 2392 1759 2425 pag.
1776 2390 1805 2424 15
1821 2381 1879 2425 sqq.
1907 2389 1939 2414 et

223 2426 383 2465 astrologos
400 2424 525 2468 disputat
542 2432 613 2456 tom.
627 2425 665 2455 11.
680 2433 743 2465 pag.
758 2432 819 2460 501.
837 2423 996 2460 contendit,
1013 2431 1054 2456 te·
1106 2434 1169 2466 pag.
1185 2431 1221 2464 98
1236 2424 1296 2467 sqq.
1315 2422 1352 2454 de
1367 2421 1424 2456 seq.
1443 2422 1507 2455 edd.
1531 2423 1624 2456 Harl.
