2049 2720
407 166 472 202 ET
509 164 691 215 QmEM
724 148 1052 205 GENv1N0R‘vM‚
1085 165 1309 201 RECENsio
1362 158 1673 201 Lehmaxrx.
1722 169 1778 203 413

67 262 276 302 Guintherii,
303 264 390 305 1634.
407 263 455 296 16.
483 279 532 286 —
560 262 588 294 A
607 261 656 294 Io.
675 260 844 294 Bet-nardo
860 259 1017 294 Feliciano
1040 261 1236 308 interpretati
1260 269 1290 295 et
1312 257 1351 294 ad
1371 268 1518 294 veterum
1539 253 1780 304 exemplarium

64 316 166 352 fidem
185 317 342 361 recogniti
367 313 521 359 leguntur
543 313 575 346 in
598 309 733 358 septima
757 314 924 346 luntarum
948 310 1091 346 editione
1115 324 1253 359 operum
1271 313 1397 347 Galeni.

65 394 68 398 ·
164 386 217 421 29.
243 373 320 422 Περὶ
337 371 463 422 χρέως
481 373 546 409 τῶν
560 373 590 408 ἔν
608 366 778 420 &Semina
796 368 932 418 σώματι
953 373 1070 421 μορίων
1092 367 1190 417 λέγω
1207 368 1262 419 ιζ’.
1315 373 1370 407 De
1390 369 1449 417 vsu
1466 368 1614 415 partium
1635 366 1777 408 corporis

64 425 192 462 {rumoni
206 428 279 460 libri
294 425 423 459 XVII.
478 423 609 458 Exstant
626 425 656 457 in
672 423 747 458 edit.
770 422 888 457 Aldina
904 433 986 472 part.
1002 425 1025 458 1.
1042 420 1102 457 fol.
1121 435 1144 459 1.
1170 425 1203 457 in
1223 436 1338 470 graeca
1358 420 1448 458 Bastl.
1472 429 1554 469 part.
1571 418 1592 451 Ι.
1613 428 1688 465 pag.
1703 417 1776 459 367.

62 479 98 512 in
115 476 192 513 edit.
209 479 291 512 Ren.
306 477 468 512 Chat-terii
485 485 567 510 tom.
585 476 639 509 IV.
656 487 732 523 pag.
751 481 824 518 284.
852 476 887 509 in
903 472 1039 523 septima
1057 477 1176 509 luntar.
1192 472 1276 510 class.
1293 476 1316 510 1.
1341 472 1400 510 fol.
1417 483 1478 514 113.
1530 468 1687 505 Meminit
1711 467 1777 499 eiu‘

62 528 157 567 libri,
184 530 239 576 qui
258 531 382 575 integer
396 526 435 561 ad
452 540 511 562 nos
529 527 694 574 peruenit,
724 526 866 561 Galenus
882 528 917 560 in
931 526 1002 561 libr.
1020 524 1060 560 de
1081 525 1169 560 libris
1191 528 1330 573 propriis
1353 538 1422 573 cap.
1440 536 1468 567 3.
1482 533 1513 557 et
1534 523 1567 555 in
1581 528 1637 554 art.
1655 515 1775 553 medic.

63 593 134 626 cap.
149 592 195 622 37.
213 592 288 628 pag.
305 590 376 620 230.
390 588 471 613 tom.
488 579 525 612 ll.
580 579 667 612 Citat
680 580 777 612 etiam
796 575 993 625 saepfflime,
1019 591 1048 612 v.
1064 590 1094 625 g.
1118 576 1158 612 de
1182 575 1304 612 semine
1317 576 1388 612 libr.
1407 578 1444 610 u.
1467 587 1537 621 cap.
1550 584 1579 607 2.
1607 570 1647 605 de
1670 567 1775 603 admi-

62 631 182 666 nistrat.
199 641 281 665 anat.
298 629 367 664 libr.
385 631 408 664 Ι.
426 642 495 677 cap.
515 642 538 664 r.
566 631 599 663 in
616 628 686 662 libr.
702 627 742 662 de
760 630 887 675 optima
900 632 1046 677 corporis
1060 629 1160 663 nostri
1177 627 1337 663 constitut.
1353 641 1424 675 cap.
1441 638 1469 661 2.
1491 628 1525 659 in
1542 635 1666 657 comm.
1687 622 1719 653 in
1737 620 1776 652 Π.

61 681 255 729 Ηῐρρρετειτ.
275 678 453 730 aphorism.
472 693 496 715 1.
524 681 558 714 in
576 690 755 716 comment.
773 681 798 716 1.
823 681 856 714 in
881 680 1050 729 prognosi.
1065 681 1262 729 Hippocrat.
1285 689 1361 714 text.
1377 690 1424 720 23.
1445 687 1475 712 et
1495 671 1672 721 saepissime
1687 669 1774 705 alias.

61 731 195 781 Scripsit
215 746 291 768 eum
313 732 432 767 librum
448 733 609 771 Galenus,
636 744 738 780 quum
761 733 913 767 Marcum
932 734 1148 773 Antoninum,
1175 734 1207 766 in
1225 732 1424 766 Germanico
1447 727 1535 763 bello
1562 731 1772 772 occupatum,

61 785 191 821 Romae
213 786 416 832 expediam,
443 783 619 818 valetudini
642 781 823 819 Commodi
845 781 1044 830 praefectus,
1072 794 1103 819 et
1121 782 1195 832 post
1218 781 1357 818 consulis
1373 781 1487 816 Boethi
1507 772 1695 813 discessum,
1723 773 1775 806 cui

59 844 172 872 tamen
187 837 334 885 primum
349 834 390 871 de
405 832 459 869 vsu
487 836 628 882 partium
647 834 769 870 librum
790 836 855 869 iam
871 833 1001 871 dederat
1020 834 1097 870 teste
1118 848 1188 883 cap.
1204 847 1233 870 a.
1255 833 1295 869 de
1309 835 1397 869 libris
1415 831 1566 882 propriis,
1617 829 1666 861 Ex
1693 825 1776 873 opti-

61 890 124 924 mis
146 885 210 922 effe
229 900 306 923 eum
327 885 368 922 de
393 884 449 921 vsu
474 888 614 935 partium
629 886 746 922 Galeni
771 886 912 929 librum,
939 899 1023 935 quos
1045 887 1232 935 reliquerit,
1259 887 1432 926 Hallerus,
1459 882 1544 916 testis
1561 877 1633 914 sane
1647 876 1775 913 summe

61 938 218 980 idoneus,
245 938 374 974 testatur
390 940 423 972 in
439 938 588 973 biblioth.
604 947 687 973 anat.
704 947 787 973 tom.
807 939 828 971 l.
845 951 916 986 pag.
935 950 983 984 93.
1040 937 1088 973 Ad
1108 940 1253 986 optimos
1275 939 1375 971 etiam
1399 934 1516 971 Galeni
1537 931 1636 966 libros
1661 925 1773 962 retulit

60 1003 137 1026 cum
153 990 241 1025 libris
256 988 296 1025 de
311 988 390 1024 locis
404 987 538 1024 adfecstiS
548 1015 558 1030 ,
585 987 745 1024 methodo
758 988 930 1031 medendi,
958 999 989 1024 et
1002 987 1042 1023 de
1056 987 1254 1036 fimplicium
1277 987 1595 1023 medicamentorum
1617 977 1775 1015 facultati·

58 1042 118 1078 bus
141 1041 252 1076 Thom.
270 1041 485 1076 Bartholimas
500 1037 568 1075 diss‘]
589 1042 642 1074 111.
660 1039 700 1076 de
715 1038 803 1074 libris
819 1039 965 1088 legendis
985 1052 1059 1088 pag.
1078 1047 1126 1085 85.
1176 1038 1278 1075 Conf.
1298 1039 1340 1074 de
1361 1041 1426 1074 hoe
1446 1038 1531 1073 libro
1559 1032 1771 1068 Theodorias:

59 1092 131 1128 libr.
146 1094 185 1126 V.
202 1099 242 1127 de
256 1094 424 1127 haereticis
441 1090 542 1127 fabul.
561 1105 632 1140 cap.
650 1104 679 1137 9.
702 1101 734 1126 et
747 1093 797 1127 Io.
818 1092 913 1126 Conr.
933 1093 1113 1127 Dietcricus
1136 1093 1170 1125 in
1192 1093 1360 1126 anatomia
1382 1088 1467 1125 sacra
1487 1099 1561 1136 pag.
1578 1096 1651 1128 774-
1708 1083 1772 1116 De·

58 1142 204 1180 scribitur
219 1147 254 1179 in
268 1157 308 1179 eo
326 1156 425 1191 opere
442 1146 583 1192 partium
597 1144 747 1188 corporis
763 1144 900 1177 humani
920 1140 1043 1177 fabrica
1060 1151 1090 1176 et
1104 1139 1194 1184 vsus,
1218 1144 1263 1177 ita
1288 1152 1321 1176 vt
1341 1142 1380 1176 ab
1403 1141 1539 1176 externis
1563 1136 1706 1184 partibus
1729 1146 1746 1166 a

57 1198 197 1231 internas
212 1193 359 1230 transitus
374 1193 422 1229 fit.
475 1196 564 1228 HInc
577 1193 617 1228 de
632 1192 753 1227 fabrica
767 1206 882 1228 manus
893 1219 902 1233 ‚
929 1193 1040 1241 pedis,
1067 1195 1199 1239 incipit,
1224 1191 1392 1241 progressu
1409 1190 1497 1226 facio
1519 1188 1558 1224 ad
1574 1185 1770 1224 abdominis.

56 1249 216 1297 Ρεέῖοτίε,
241 1248 351 1293 capitis
368 1243 504 1287 viscera,
537 1243 576 1279 ad
595 1243 728 1284 oculos,
756 1243 795 1278 ad
819 1255 967 1279 externas
986 1242 1078 1279 faciei
1103 1254 1225 1291 partes,
1252 1243 1291 1277 ad
1313 1242 1494 1278 medullam
1512 1237 1689 1288 spinalem‚
1716 1247 1771 1283 ὅθ·

55 1298 169 1335 uitales
188 1301 336 1332 virorum
356 1296 598 1345 mulierumque
620 1306 744 1344 partes,
771 1294 966 1344 tandemque
987 1295 1026 1331 ad
1050 1308 1181 1330 neruos.
1234 1296 1320 1329 Finis
1341 1293 1438 1329 simul
1456 1292 1577 1327 Galerio
1604 1291 1628 1323 is
1650 1288 1711 1330 est,
1735 1294 1771 1320 vt

56 1348 286 1387 admirandum
307 1348 434 1396 opificis
457 1358 587 1383 naturae
609 1347 800 1387 artificium,
829 1360 894 1395 quo
918 1351 950 1382 in
975 1346 1107 1395 fiiigulis
1129 1347 1267 1394 partibus
1290 1343 1530 1394 componendis
1548 1339 1618 1377 vsus
1636 1339 1692 1381 fir,
1716 1335 1771 1371 de·

55 1401 226 1438 monstret.
279 1402 365 1435 Citat
381 1400 524 1434 Galenus
540 1402 571 1433 in
586 1400 636 1433 his
653 1398 758 1433 libris:
784 1398 854 1435 libr.
873 1401 895 1434 l.
917 1413 986 1447 cap.
1004 1401 1050 1435 16.
1071 1398 1192 1432 librum
1215 1396 1254 1433 de
1270 1398 1478 1446 Hippocratis
1500 1405 1531 1430 et
1552 1393 1694 1428 Platonis
1717 1388 1772 1423 de·

56 1455 159 1489 eretis.
189 1451 261 1487 libr.
277 1454 318 1486 V.
340 1464 408 1498 cap.
428 1462 457 1493 4.
483 1451 550 1486 libr.
574 1449 615 1485 de
635 1447 839 1485 facultatibus
861 1451 1070 1485 naturalibus.
1104 1449 1174 1484 libr.
1190 1451 1243 1484 Vl.
1267 1463 1337 1497 cap.
1360 1462 1403 1486 12.
1426 1448 1546 1484 librum
1559 1444 1635 1494 πὲςῖ
1651 1437 1771 1483 πάσης·

56 1507 119 1549 τῆς
133 1507 164 1542 ἐν
181 1504 260 1542 τοὶἱς
277 1501 473 1551 οἱνοιτομοὶἱς
488 1498 684 1550 διαφωνίας.
707 1501 780 1537 libr.
795 1502 833 1535 X.
850 1515 918 1550 cap.
935 1514 965 1548 9.
985 1500 1024 1537 de
1037 1511 1132 1536 motu
1145 1499 1384 1536 musculorum.
1411 1500 1482 1535 libr.
1497 1498 1568 1533 XII.
1583 1508 1652 1543 cap.
1667 1501 1698 1534 8.
1714 1491 1769 1527 ad-

55 1556 331 1593 ministrationum
347 1557 605 1589 anatomicarum
621 1556 745 1600 priores
761 1552 878 1595 libros,
906 1554 1019 1601 quibus
1037 1551 1244 1600 persedliores
1268 1552 1379 1600 postea
1399 1549 1574 1586 substituit..
1594 1547 1664 1595 libr.
1680 1546 1767 1579 xlv.

55 1620 126 1656 cap.
141 1607 196 1642 vlt.
211 1606 311 1642 libros
326 1605 367 1641 de
380 1604 513 1641 semine.
536 1625 585 1632 —
612 1604 729 1640 Codex
745 1607 812 1639 eius
828 1604 899 1640 libri
920 1617 1009 1640 anno
1023 1605 1120 1640 MIX.
1141 1617 1180 1639 ex
1200 1603 1311 1652 legato
1332 1603 1371 1639 ad
1394 1600 1582 1637 facultatem
1603 1596 1767 1633 medicam

54 1657 230 1697 Parifinam
245 1667 454 1706 peruenerat,
481 1656 559 1692 teste
578 1657 679 1692 Guid.
696 1657 819 1690 Patina
835 1659 868 1690 in
882 1658 1004 1692 Lettres
1019 1657 1042 1690 1.
1062 1668 1134 1704 pag,
1148 1667 1194 1701 52·
1219 1675 1270 1682 —
1299 1654 1413 1691 Codex
1426 1654 1501 1689 MS.
1514 1662 1652 1700 graecus
1667 1644 1768 1684 exstat

55 1714 90 1748 in
105 1710 251 1746 biblioth.
268 1711 345 1744 Diu.
360 1712 466 1745 Marci
488 1709 612 1743 Veneta
627 1706 700 1745 cod.
718 1708 971 1743 CCLXXXVH.
984 1717 1017 1743 et
1034 1711 1066 1742 in
1083 1709 1224 1741 Medicea
1240 1705 1319 1742 duo.
1371 1707 1407 1740 In
1430 1704 1578 1740 biblioth.
1596 1700 1683 1751 publ.
1700 1699 1766 1733 Pa·

54 1764 113 1810 1¹1ss
137 1761 263 1797 codices
285 1763 393 1809 graeci
418 1759 505 1795 sunt:
546 1773 594 1795 nr.
611 1760 871 1795 MMCXLVlll.
893 1759 1181 1794 MMCCLXXXL
1202 1769 1234 1793 et
1256 1758 1358 1800 alius,
1385 1760 1418 1792 in
1440 1769 1504 1806 quo
1527 1765 1587 1790 tres
1612 1753 1686 1789 libri
1709 1748 1765 1784 de-

54 1813 129 1850 sunt
150 1813 324 1861 postremi,
356 1826 405 1848 nr.
422 1813 623 1847 MMCLlV.
676 1812 748 1845 Pars
770 1809 843 1845 libri
865 1812 941 1845 XIV
961 1819 993 1844 et
1016 1812 1087 1846 XV.
1109 1809 1153 1844 est
1175 1822 1291 1858 graece
1312 1812 1346 1844 in
1370 1808 1517 1843 biblioth.
1541 1804 1630 1854 publ.
1654 1800 1764 1847 Partfi

56 1879 106 1902 nr.
129 1865 338 1900 MMCCLH.
403 1866 481 1898 Erat
508 1865 604 1897 etiarn
636 1863 670 1896 in
700 1860 896 1896 bibliotheca
923 1862 1023 1897 Missi.
1045 1862 1271 1896 Cantacuzeni.
1332 1857 1545 1907 Imperfectus
1574 1853 1678 1890 codex
1711 1864 1763 1887 nr.

53 1916 323 1954 DCCCCXLVI.
341 1916 373 1948 in
387 1914 505 1961 colleg.
523 1915 592 1947 Cai.
606 1912 739 1947 Gonuil.
757 1913 949 1958 Cantabrig.
983 1912 1101 1945 Galerii
1117 1911 1158 1946 de
1173 1911 1315 1958 partibus
1336 1910 1410 1946 libri
1429 1910 1515 1944 VllI.
1537 1905 1610 1942 sunt
1632 1909 1667 1940 in
1689 1903 1765 1938 bibl.

57 1968 242 2006 Coislinitm.
266 1963 454 2000 Montfauc.
480 1974 560 2011 part.
578 1963 616 1997 Π.
635 1975 708 2011 pag.
722 1974 796 2006 447.
831 1982 881 1989 —-
913 1964 952 1996 In
972 1962 1119 1998 biblioth.
1142 1961 1231 2009 publ.
1249 1961 1355 2008 Paris]
1382 1961 1479 1996 exstat
1499 1960 1620 1994 arabice
1647 1955 1763 1992 titulo:

57 2021 196 2056 Galinus
212 2026 241 2053 le
255 2015 383 2062 ntcnegfe'
397 2017 432 2050 al
445 2015 564 2056 aiudha,
591 2023 734 2049 vertente
755 2023 787 2048 et
809 2023 1054 2049 commentante
1074 2014 1227 2054 Honain,
1253 2013 1325 2049 filio
1346 2010 1461 2055 isaaci,
1495 2012 1697 2059 cognomine
1721 2004 1764 2042 Al

55 2067 175 2111 madi,
210 2071 232 2103 Ι.
262 2062 697 2104 nn‘DCCCcLXXXVm.
769 2066 808 2099 In
839 2064 1031 2100 bibliotheca
1052 2065 1205 2111 Narcff,
1245 2063 1475 2113 archiepiscopi
1506 2057 1762 2109 Armaghienfis,

19 2140 22 2142 ’
54 2137 105 2159 nr.
118 2122 310 2158 MDCCiX,
352 2120 455 2165 ‘Alius
471 2118 575 2153 codex
591 2119 755 2156 arabicus,
779 2126 920 2152 vertente
938 2115 1178 2151 Abdulralzman
1191 2117 1258 2151 Ben
1275 2116 1328 2152 Ali
1343 2117 1409 2151 Ben
1426 2116 1496 2151 Abu
1516 2113 1624 2155 Sadir‚
1652 2114 1708 2159 qui
1731 2119 1766 2145 et

54 2173 177 2211 scholia
193 2172 325 2207 adiecit.
347 2171 391 2206 est
410 2174 443 2205 in
456 2170 603 2205 biblioth.
622 2169 710 2216 publ.
726 2168 835 2213 Paris.
851 2181 900 2203 nr.
919 2169 1074 2203 MXLIV.
1126 2169 1178 2203 De
1194 2180 1234 2203 eo
1248 2167 1362 2203 codice
1383 2166 1451 2203 vid.
1466 2167 1620 2201 Hei-haelot
1637 2165 1668 2198 in
1685 2161 1760 2197 bibl.

57 2230 173 2263 orient.
224 2227 355 2258 Nouem
373 2222 462 2262 libri,
488 2236 506 2256 a
524 2221 656 2256 decimo
670 2232 769 2268 vsque
785 2218 824 2253 ad
839 2218 1007 2254 decimum
1022 2216 1217 2267 septimum,
1243 2216 1314 2254 sunt
1333 2222 1368 2254 in
1384 2218 1532 2254 biblioth.
1547 2211 1761 2253 Escurialenfi

55 2291 105 2315 nr.
123 2275 341 2312 DCCCX'LV.
368 2296 419 2302 —-
446 2272 566 2310 Graece
588 2273 677 2306 hunc
699 2271 817 2306 librum
843 2273 1006 2319 integrum
1024 2269 1174 2319 prodiisse
1199 2280 1332 2306 curante
1353 2272 1403 2309 Io.
1424 2270 1521 2310 Caio,
1556 2265 1647 2303 Bafil.
1674 2276 1760 2310 1544.

57 2327 156 2364 refert
175 2328 289 2361 Haller
305 2329 337 2360 in
354 2325 500 2360 b³{›litoli.
518 2335 663 2359 anatom.
677 2333 760 2358 tom.
777 2325 799 2357 1.
819 2335 850 2370 p.
868 2326 921 2367 96.
976 2323 1038 2357 Sed
1059 2321 1181 2372 prodiit
1205 2332 1329 2357 tanturn
1350 2320 1575 2370 fragmentum
1596 2319 1667 2353 libri
1683 2318 1758 2351 VH.

58 2399 109 2407 —
136 2381 260 2413 Partem
281 2378 349 2413 libri
369 2379 422 2410 lll.
438 2379 584 2424 priorem
600 2388 716 2421 graece
729 2372 894 2422 prodiisse,
915 2384 1048 2409 curante
1067 2377 1115 2409 Io.
1129 2375 1223 2415 Caio,
1249 2372 1339 2408 Bafil.
1357 2386 1440 2419 ¹544-
1456 2372 1517 2408 fol.
1543 2370 1628 2406 idem
1645 2366 1755 2404 refert.

57 2450 109 2460 ·—-
128 2430 253 2481 Decem
274 2429 372 2465 libros
394 2441 510 2477 graece
531 2425 664 2465 seorfim
686 2423 841 2476 prodiiffe
861 2423 1060 2514 Ρεὲἱὲἶὶιςΰ.
1085 2423 1149 2463 sol.
1176 2424 1265 2462 idem
1286 2423 1395 2462 refert.
1422 2443 1476 2476 .'-
1511 2425 1652 2510 Qartt}³
1675 2421 1759 2508 liper

217 2510 221 2512 ,
992 2488 1009 2521 3
1638 2485 1694 2509 eor
1709 2481 1758 2509 mn
