2013 2725
201 164 266 199 208
370 152 441 189 Lib.
456 151 526 188 IV.
546 164 568 187 c.
583 149 694 189 XIII.
795 145 1061 185 PLVTARCHI
1093 146 1341 186 EDITIONES

203 262 313 287 autem
340 263 367 284 a.
387 260 467 293 ¹542·
491 257 617 283 curata:
644 245 685 282 de
705 247 839 281 veritate
861 247 938 280 anni
959 247 1100 280 vitarum
1127 257 1206 290 1523.
1228 259 1332 295 paene
1351 243 1483 281 dubito:
1507 245 1669 283 Fabricius
1693 247 1826 296 quidem
1843 248 1918 286 edit.

204 302 348 337 eiusdem
364 303 437 335 anni
453 299 617 344 laudarat;
643 309 673 333 at
687 300 753 333 iam
769 298 986 333 Heumannus
1002 299 1035 332 in
1051 294 1108 332 suo
1128 297 1310 345 exemplari
1326 306 1508 333 correxerat
1528 311 1702 335 numerum
1713 328 1723 344 ‚
1751 299 1920 337 scribendo

203 365 285 401 1533.
301 351 407 388 addita
424 363 519 393 nota,
545 349 576 386 se
592 348 697 398 ipsum
713 349 805 385 illam
824 350 941 384 habere
960 348 1136 384 editionem
1148 376 1158 391 .,
1184 360 1215 385 et
1229 362 1293 398 ego
1310 349 1395 385 illius
1411 351 1486 384 anni
1501 360 1614 385 notam
1631 366 1649 386 a
1673 352 1816 399 pluribus
1839 351 1921 388 indi-

201 416 309 442 catam
324 406 437 453 reperi.
487 402 565 438 Aliis
581 405 679 451 igitur
692 400 920 451 inquirendum
936 401 1084 451 relinquo
1096 429 1105 444 ,
1131 415 1213 437 num
1227 401 1327 437 editio
1347 414 1479 450 quoque
1493 415 1520 437 a.
1538 413 1618 447 1523.
1634 416 1748 438 reuera
1762 403 1872 440 exstet.

306 471 418 509 Postea
434 471 561 513 Reiske,
584 470 623 505 ab
638 469 816 519 bibliopola
830 472 993 512 inuitatus,
1017 481 1142 505 nouam
1159 468 1337 505 editionem
1356 482 1468 504 curare
1488 469 1639 506 instituit:

306 538 479 575 Plutarchi
498 538 610 573 Chaer.
626 537 883 586 quaestaperstmt
901 539 1023 578 onmia,
1047 550 1162 585 graece
1178 548 1208 573 et
1222 537 1277 573 lat.
1295 537 1492 586 principibus
1514 551 1554 572 ex
1579 537 1776 574 editionibus
1792 537 1924 587 castiga-

203 596 270 633 vit,
294 594 510 638 virorumque
527 590 702 625 doc'koruin
716 587 842 638 suisque
857 598 1012 624 annotatt.
1038 589 1183 624 instruxit
1198 591 1247 623 Io.
1262 591 1322 625 Iac.
1338 590 1458 624 Reiske.
1486 588 1610 638 Lipsiae
1630 589 1783 639 impenfis
1805 592 1926 626 Gotth:

202 645 360 691 Theoph.
378 644 520 689 Georgii.
539 649 766 686 1774—1782.
794 643 866 677 xli.
883 640 960 678 voll.
975 643 1051 676 mai.
1066 649 1098 683 8.
1126 644 1165 676 V.
1179 640 1258 677 voll.
1275 641 1414 689 implent
1426 644 1504 676 vitas
1519 655 1595 678 cum
1610 646 1695 677 notis
1710 644 1828 688 Bryani
1844 642 1936 678 alio-'

203 708 343 744 rumque
359 695 500 741 integris,
553 694 675 729 Reiskii
691 704 798 728 autem
814 702 911 728 notae
926 691 996 728 sunt
1011 706 1073 728 vna
1098 705 1174 727 cum
1189 693 1340 728 Palmerii
1360 691 1546 741 Rualdique
1570 693 1844 729 animaduerfion.
1861 694 1925 729 'fini

204 746 382 784 subiectae:
409 744 488 781 voll.
502 748 544 781 V.
559 747 731 781 continent
748 758 847 794 opera
861 743 1086 793 philosophica
1102 757 1178 779 curn
1201 748 1287 780 notis
1302 743 1484 789 Xylandri‚
1508 746 1661 794 Stephani
1690 756 1721 781 et
1740 746 1861 781 Reiskii
1885 744 1925 779 ab

206 799 272 835 alio
287 801 358 833 viro
375 796 478 831 dudio
496 807 583 832 texto
599 795 766 833 subiectis:
792 811 869 832 narn
888 797 1021 832 morbus
1039 795 1209 832 diuturnus
1223 807 1254 832 et
1269 795 1408 845 denique
1426 809 1518 832 mors
1545 796 1591 843 (d.
1608 799 1694 832 XIV.
1711 799 1795 846 Aug.
1816 797 1926 841 1774.)

207 849 449 899 impediuerunt
462 850 569 884 virum
586 848 724 884 dod‘tum
741 849 944 898 bonumque,
965 862 1030 898 quo
1045 851 1151 883 minus
1167 862 1267 898 opera
1282 848 1336 883 illa
1350 846 1590 896 philosophica,
1620 863 1762 898 quorum
1779 848 1937 897 plurium.

206 912 377 937 contextus
396 898 490 934 valde
504 898 635 936 vitiosus
649 910 896 949 corruptusque,
924 911 954 936 et
970 899 1010 935 ad
1025 899 1243 936 exercendum
1263 902 1432 948 ingenium
1449 902 1599 936 criticum
1613 898 1732 949 'plenus
1745 900 1851 935 adhuc
1870 899 1927 942 est,

206 954 323 990 eadem
339 951 506 999 diligentia
521 949 739 1000 percenseret,
765 951 1026 1000 promissamque
1047 962 1080 987 et
1101 962 1203 986 textus
1224 962 1253 987 et
1274 951 1459 986 editionum
1479 954 1622 987 criticam
1647 954 1858 987 concinnaret
1879 951 1928 985 hi-

205 1005 355 1041 storiam.
405 1002 515 1037 Nullis
530 1002 660 1050 quidem
679 1000 750 1036 vsus
766 1003 810 1037 est
827 1001 923 1038 codd.
949 1001 1003 1037 sed
1019 1015 1058 1037 ex
1077 1005 1193 1051 primis
1209 1001 1402 1037 editionibus
1419 1012 1450 1036 et
1468 1005 1599 1050 ingenio
1617 1003 1723 1039 multa
1734 1002 1821 1046 loca,
1836 1009 1937 1052 prae-'⁴

205 1060 300 1105 cipue
325 1057 358 1089 in
379 1055 453 1088 vitis
476 1052 651 1090 emendare
671 1052 800 1089 studuit.
851 1056 929 1090 Duo
949 1055 1062 1090 vltima
1081 1054 1159 1090 voli.
1183 1052 1466 1103 comprehendunt
1480 1054 1572 1090 vtiles
1594 1054 1777 1104 plenosque
1790 1056 1825 1089 in
1841 1055 1932 1103 Opp.

204 1109 287 1145 Plut.
307 1105 438 1142 indices.

307 1174 521 1209 Reiskianam
545 1170 768 1208 recensionem
793 1175 827 1207 in
847 1173 918 1207 vitis
939 1171 1020 1207 Plut.
1044 1169 1123 1207 fecit
1142 1171 1249 1213 basin,
1275 1181 1396 1208 veteres
1420 1172 1507 1208 editt.
1531 1182 1629 1221 atque
1648 1174 1940 1223 interpretationes.

207 1227 317 1263 denuo
342 1225 514 1273 diligenter
536 1222 694 1266 contulit,
717 1220 907 1272 nouamque
929 1227 1054 1259 curauit
1077 1223 1277 1267 editionem,
1303 1235 1333 1260 et
1357 1225 1507 1259 breuibus
1529 1224 1726 1274 eruditisque
1748 1228 1851 1266 notis,
1878 1226 1930 1269 (in

206 1282 278 1314 vitis
301 1289 410 1312 tamea
432 1279 598 1312 Ciceronis
621 1285 652 1311 et
675 1275 907 1312 Demosthenis
940 1289 980 1311 ex
1003 1276 1138 1313 Bartoni
1164 1276 1318 1327 exemplo
1346 1275 1459 1325 paullo
1485 1275 1748 1326 copiofiorib11s‚)
1781 1276 1932 1312 instruxit

208 1330 249 1366 cl.
269 1331 417 1365 Hutten:

312 1404 544 1445 Πλετωρχος.
579 1396 746 1432 Plutarchi
769 1395 1027 1440 Chaeronenfis,
1055 1411 1139 1447 quae
1164 1394 1332 1446 supersunt
1354 1399 1478 1432 omnia.
1538 1398 1624 1432 Cum
1645 1405 1803 1432 annotatt.
1827 1397 1933 1431 vario&

209 1463 282 1485 rum
300 1450 487 1496 animaque
504 1447 654 1483 lediionis
672 1448 873 1491 diuersitate,
901 1462 1000 1497 opera
1018 1451 1065 1483 10.
1081 1451 1219 1496 Georgiz‘
1236 1450 1383 1488 Hm‘tem
1410 1445 1527 1496 philos.
1544 1450 1637 1494 Mag.
1654 1460 1685 1483 et
1701 1446 1832 1483 scholae
1848 1449 1933 1481 Ana-

208 1501 266 1537 tol.
282 1501 430 1548 Tubiug.
445 1501 603 1534 Recioris.
631 1500 696 1534 vol.
712 1502 848 1535 I—-VL
863 1513 989 1547 graece.
1017 1502 1196 1549 Tiibingae
1211 1513 1283 1546 1791
1296 1511 1444 1544 —1794
1461 1508 1492 1540 8.
1543 1499 1681 1548 Reliqua
1700 1499 1882 1540 volumina,
1899 1499 1934 1533 in

211 1553 327 1602 quibus
349 1551 546 1587 desideratur
570 1552 690 1585 Reiskii
716 1564 792 1586 cura
815 1560 846 1587 et
871 1549 1026 1593 sollertia,
1052 1551 1215 1587 liberalius
1238 1549 1434 1587 recensenda
1455 1549 1560 1585 adhuc
1584 1550 1726 1586 editurus
1748 1550 1793 1586 est
1807 1552 1856 1585 vir
1871 1548 1932 1584 do·

210 1607 292 1640 (lus.
317 1623 368 1630 —-
401 1603 455 1639 W
449 1603 686 1649 yttenbaclzms,
712 1605 849 1645 Bernas,
875 1601 1039 1638 Professbr
1053 1602 1234 1639 Amstelod.
1255 1606 1320 1638 iam
1345 1617 1363 1638 a
1385 1601 1493 1637 multis
1510 1606 1600 1638 annis
1618 1606 1650 1638 in
1665 1615 1755 1638 noua
1768 1602 1945 1637 Plutarchi*
1998 1595 2002 1608 ⁸

211 1658 299 1704 Opp.
315 1654 474 1695 editione,
502 1652 689 1689 recensione
703 1664 800 1703 atque
813 1657 1079 1703 interpretatione
1092 1653 1250 1695 versatus,
1274 1656 1329 1703 qui
1351 1657 1417 1689 eius
1437 1651 1689 1702 descriptionem
1711 1659 1754 1689 'ac
1766 1651 1947 1701 specimeu'

214 1706 302 1742 dedit
319 1708 353 1740 in
366 1705 442 1740 bibl.
459 1708 566 1740 critica
579 1705 644 1740 vol.
661 1707 717 1741 111.
736 1716 816 1754 part.
834 1708 857 1741 Ι.
886 1705 1066 1741 Amstelod.
1089 1714 1176 1751 1787.
1193 1713 1221 1747 8.
1241 1718 1316 1753 pag.
1335 1719 1404 1740 1—
1416 1717 1463 1749 32.
1491 1714 1522 1740 et
1543 1716 1624 1755 part.
1641 1708 1680 1741 11.
1703 1718 1775 1755 pag.
1791 1701 1934 1754 icfiaesqq.

213 1771 349 1805 operam
367 1754 553 1796 absoluiss‘e,
581 1766 613 1791 et
629 1759 795 1804 integrum
819 1755 915 1792 suum
936 1768 1058 1795 mstum
1080 1767 1175 1806 atque
1195 1756 1407 1805 adparatum,
1433 1759 1624 1802 oxonium,
1647 1757 1700 1792 vbi
1720 1769 1810 1793 noua
1834 1755 1946 1792 editio'

212 1808 418 1844 subiiceretur
439 1808 551 1856 prelo,
577 1809 644 1843 iam
666 1806 783 1843 mififfe
804 1809 1001 1857 perhibetur.

254 1875 257 1876 ⁷
315 1877 451 1912 Latinas
467 1874 629 1910 versiones
643 1872 721 1910 saec.
739 1876 811 1909 XV.
830 1874 928 1910 editas
942 1878 1006 1910 iam
1024 1873 1117 1924 supra
1134 1878 1333 1912 enumeraui.
1384 1877 1553 1924 Sequitur,
1579 1886 1613 1912 vt
1635 1889 1652 1911 e
1665 1875 1811 1911 Fabricio
1829 1875 1865 1910 'et
1888 1874 1938 1910 la:-

213 1932 294 1964 tinas
309 1938 341 1962 et
357 1928 433 1962 alias
450 1939 590 1975 operum
605 1926 688 1962 Plut.
707 1929 1007 1975 interpretationes,
1034 1941 1116 1976 quae
1133 1925 1338 1975 sequentibus
1361 1925 1492 1962 saeculis
1516 1925 1588 1962 sunt
1608 1925 1762 1963 formulis
1780 1935 1937 1975 typograg

212 1981 315 2028 phicis
329 1976 521 2026 descriptae,
546 1980 657 2026 paucis
671 1976 813 2013 indicem
830 1991 1009 2026 earumque
1025 1980 1197 2020 notitiam,
1224 1988 1385 2027 quantum
1405 1977 1478 2013 fieri
1499 1979 1624 2028 potest,
1646 1977 1859 2027 amplificem.

316 2047 396 2080 Sunt
415 2048 511 2093 igitur
525 2046 656 2088 latinae,
683 2044 776 2088 (add.
790 2044 828 2080 ad
847 2043 934 2080 editt.
949 2042 1137 2093 opusculor.
1156 2042 1335 2092 singulares
1357 2046 1444 2092 not.)

316 2115 436 2161 Opera.
462 2113 499 2147 11.
517 2112 594 2148 voll.
622 2110 772 2148 Francof.
801 2123 893 2158 1500.
916 2109 975 2147 fol.
1003 2114 1105 2160 (quae
1126 2121 1236 2148 tamen
1256 2111 1355 2147 editio
1380 2112 1476 2147 dubia
1495 2111 1621 2148 videtur
1641 2113 1813 2148 Maittaire
1829 2114 1867 2149 Δ.
1887 2112 1934 2149 Τ,
1988 2106 2010 2150 1ς

213 2167 270 2199 lv.
287 2176 360 2213 pag.
376 2177 450 2207 740.
472 2167 544 2211 quia
569 2177 640 2199 non
662 2162 806 2206 resciuit,
835 2161 1041 2198 francofurti
1065 2163 1124 2199 illo
1148 2173 1299 2212 tempore
1318 2164 1419 2199 libros
1435 2162 1496 2199 esse
1520 2162 1715 2212 impress'OS.)
1742 2185 1792 2191 —
1815 2165 1950 2201 Paral-
1987 2167 2013 2196 ¹=='

215 2217 295 2256 zela,
325 2215 376 2250 lat.
400 2229 458 2265 per
481 2215 660 2250 Guarinum
681 2229 698 2250 e
720 2227 840 2263 graeco
864 2213 1030 2251 traducta:
1058 2228 1121 2250 vna
1136 2228 1212 2250 cum
1231 2218 1325 2251 Aem.
1341 2216 1436 2250 Probi
1453 2217 1523 2250 vitis
1545 2228 1613 2251 exc.
1631 2219 1779 2263 imperat.
1806 2218 1935 2265 Argen-

215 2277 277 2303 tor.
297 2270 383 2312 1506.
399 2279 428 2310 4.
453 2286 505 2293 ——·
532 2263 626 2302 Paris.
642 2278 720 2312 1514.
736 2264 798 2303 fol.
826 2264 912 2301 edita
926 2264 988 2301 effe
1000 2267 1094 2303 Plut.
1112 2279 1217 2312 opera,
1235 2264 1356 2315 scripsit
1371 2267 1542 2301 Maittaire
1556 2269 1592 2303 A.
1610 2267 1658 2303 T.
1674 2268 1712 2302 ΙΙ.
1728 2280 1802 2316 pag.
1817 2278 1881 2314 255.
1901 2276 1934 2302 et

215 2322 250 2352 in
276 2328 354 2352 nota
375 2331 413 2352 ex
433 2316 521 2352 Badii
543 2316 767 2366 praefatione,
795 2319 926 2352 auctore
948 2318 1135 2360 Cheviller‚
1160 2316 1322 2365 quaedam
1344 2316 1493 2353 adducit:
1515 2328 1548 2353 at
1571 2315 1678 2354 insunt
1697 2316 1932 2354 tantummodo
1984 2326 1985 2337 ¹

217 2371 298 2404 vitae
308 2370 426 2414 piu-all.
442 2383 481 2404 ex
500 2372 711 2416 interpretatt.
729 2371 806 2416 Lapi
819 2369 1028 2415 aliorumque
1042 2384 1060 2404 a
1075 2372 1151 2404 Ger.
1166 2369 1362 2405 Vercellano
1379 2370 1551 2411 correctis,
1575 2380 1605 2405 et
1628 2371 1661 2404 in
1682 2369 1770 2405 calce
1793 2369 1932 2418 legitur:
1982 2402 1984 2410 ,

219 2424 248 2457 in
264 2420 519 2469 μίἸιιιΙτοςνιζρΙιία
537 2420 737 2474 Aficnfiana,
752 2419 1172 2474 ,idlbnNW-‚MDKHHJ
1199 2419 1407 2474 Badius-vero
1424 2423 1523 2468 yitam
1539 2422 1711 2471 Euagorae
1724 2422 1872 2469 Isocrati,
1888 2423 1935 2456 vi·
1982 2422 1983 2428 ’

1864 2481 1932 2511 tam
