2013 2725
167 92 234 133 446
282 88 354 125 Lib.
369 85 414 123 V.
433 79 550 121 c.XL2
813 76 956 119 {NDEX
981 78 1280 118 SCRIPTORVM
1568 83 1887 131 v-otix.p.683r⁶sg

274 181 363 218 dolis
387 178 449 215 suis
468 168 668 213 subruerunt.
721 175 856 211 Athenis
875 178 972 225 igitur
997 174 1108 225 pulsus
1125 178 1157 210 in
1177 176 1470 224 Aegyptum·6enit
1486 187 1537 220 et,
1559 178 1647 227 apud
1661 179 1888 217 Ptolemaeum

269 236 425 272 ,Soterem
444 229 583 278 degens,
603 223 714 263 morsu
729 224 843 276 aspidis
863 230 959 277 periit
981 239 1013 264 et
1035 231 1069 264 in
1090 225 1292 276 praefectura
1313 226 1604 279 Bufiritideprope
1627 230 1821 281 Diospolin,
1851 234 1887 268 in

274 280 554 333 paludibussitam
564 307 574 320 ,
592 277 731 328 sepultus
739 278 800 314 est.

169 339 382 384 Demetrius,
409 341 635 383 cognomento
657 332 769 373 Ixion,
797 334 1035 379 grammaticus
1058 334 1324 375 Atraniyttenus‚
1359 331 1495 380 Augusti
1517 333 1716 382 temporibus
1736 335 1888 382 Pergami

264 391 371 431 ,υξχὶῃ
401 383 592 434 <scripsitque
613 385 650 418 cle
673 384 776 417 verbis
796 385 830 417 in
851 400 908 430 μι,
941 383 1017 433 περὶ
1038 382 1249 432 οἰντωνυμιῶν
1272 385 1310 417 de
1331 386 1581 428 pronominibus.
1637 388 1672 423 ln
1699 388 1888 421 Homerum

266 439 554 478 »commentarium
577 445 608 471 et
630 437 663 470 in
683 433 875 470 Hesiodum.
936 438 1033 470 Ixion
1057 434 1161 470 dietus
1182 434 1248 476 est,
1285 434 1373 483 quod
1400 433 1614 484 deprehensus
1636 434 1710 471 ess'et
1732 439 1766 471 in
1785 433 1889 477 furto,

266 503 383 528 vaureas
403 490 545 528 bradieas
557 485 728 522 finiulacri
742 487 883 521 Iunonis
899 485 1133 522 Alexandrinae
1154 483 1311 535 surripere
1335 497 1491 530 conatus3
1517 487 1587 529 vel,
1611 486 1700 535 quod
1716 485 1888 535 Euripidio

273 542 454 578 Philotimo
463 541 623 580 Ixionem,
635 535 797 580 fabulam,
816 536 1004 581 abstuliiset3
1031 537 1091 576 vel,
1109 538 1198 586 quod
1213 551 1289 573 cum
1305 537 1501 576 Aristarcho,
1519 539 1687 586 magistro,
1704 534 1889 574 contendis.

276 591 337 634 set,
362 593 415 640 [ff]
437 594 597 640 ingratuS,
618 589 707 625 velut
719 592 813 624 Ixion
828 587 976 624 aduersus
994 591 1101 628 Deos,
1129 591 1183 637 qui
1203 602 1279 624 eum
1302 589 1465 625 beneficiis
1484 586 1679 626 adfecerant.

162 643 398 688 J'Democedes,
416 643 665 692 Calliphontis,
692 643 749 689 qui
768 639 870 675 Cnidi
889 639 1068 689 Aesculapii
1090 637 1238 676 sacerdos
1257 638 1338 683 fuit,
1364 639 1469 683 filius,
1494 643 1720 682 Crotoniates,
1745 642 1888 689 Aeginae

263 706 375 732 artem
390 694 551 729 medicam
570 694 713 728 exercuit
727 702 758 727 et
773 705 910 727 vxorem
925 693 1024 727 duxit.
1078 691 1299 735 Polycratem,
1326 701 1516 737 tyrannum,
1538 695 1629 739 patsta
1643 691 1793 729 mercede
1807 691 1888 727 duo-

266 759 348 783 .rum
366 747 584 786 talentorum,
608 746 741 779 curauit.
793 745 928 779 Curauit
945 745 1043 778 etiam
1060 744 1198 778 Darium
1215 747 1346 791 eiusque
1362 756 1509 785 vxorem,
1527 743 1690 785 ffloffam,
1718 756 1775 791 per
1790 756 1889 791 quam

275 801 482 847 impetrauit,
510 807 544 832 vt
565 799 600 832 iu
614 797 785 836 Graeciam
802 794 907 834 redire
926 793 984 830 fibi
999 794 1126 831 liceret.
1147 805 1207 830 etc.
1263 795 1337 840 (Ex
1360 795 1558 841 Herodoto.)
1619 793 1751 843 Scripsit
1778 799 1887 844 locres-

271 847 327 888 κὲν
347 849 489 892 βιβλίον
510 847 630 882 librum
659 845 834 882 medicum.

164 902 416 941 Demochares,
443 897 674 934 Demosthenis
699 910 738 931 ex
762 895 875 931 sorore
897 908 1021 944 nepos.,
1044 905 1192 943 praetura
1212 904 1246 930 et
1265 898 1377 931 ceteris
1393 897 1573 931 honoribus
1589 906 1722 931 ornatus
1734 897 1774 931 ab
1791 898 1889 932 Athe-

272 950 453 992 niensibus,
479 948 557 985 teste
573 947 733 993 Polybi03
770 948 934 983 Timaeus
955 956 1066 982 tamen
1093 960 1169 983 eum
1186 956 1355 995 tamquam
1376 945 1675 986 libidinosissimum
1703 957 1734 983 et
1756 948 1888 992 Botryis

272 1017 312 1039 ac
334 1000 527 1037 Philaenidis
551 1001 809 1036 commentarios
828 996 1045 1036 obscoenitate
1068 997 1122 1034 sua
1150 996 1356 1046 superantem
1381 998 1531 1034 traduxit.

161 1056 396 1092 Democritus,
423 1050 632 1101 Hegesistrati
655 1050 706 1086 vel
729 1052 931 1087 Athenocriti
950 1049 1000 1085 vel
1023 1048 1210 1099 Damasippi
1232 1052 1265 1085 F.
1289 1053 1367 1085 vixit
1387 1062 1427 1085 eo
1451 1060 1616 1098 tempore,
1645 1063 1711 1100 quo
1726 1052 1887 1094 Socrates,

264 1108 358 1145 ,circa
379 1104 519 1153 Olymp.
533 1103 690 1144 LXXVII.
706 1103 756 1137 vel
773 1103 900 1137 LXXX.
953 1100 1105 1137 Abderita
1119 1102 1254 1141 Thrax,
1279 1099 1498 1150 philosophus
1514 1112 1545 1137 et
1559 1100 1744 1150 discipulus,
1768 1113 1802 1137 vt
1818 1105 1887 1150 qui-

274 1157 352 1192 dam
367 1155 516 1196 tradunt,
535 1157 746 1203 Anaxagorae
761 1163 792 1189 et
808 1155 982 1201 Leucippi:
1011 1155 1091 1200 quin
1107 1155 1220 1194 etiam,
1245 1163 1278 1188 vt
1293 1154 1345 1188 alii
1361 1151 1511 1195 scribunt,
1540 1154 1724 1201 Magorum
1740 1163 1773 1189 et
1787 1153 1886 1189 Chal·

266 1208 434 1245 daeorum
458 1210 492 1242 in
515 1204 623 1241 Perfia.
674 1204 763 1240 Adiit
787 1207 875 1240 enim
898 1215 927 1239 et
954 1202 1058 1240 Persas
1082 1213 1112 1238 et
1142 1203 1241 1239 Indos
1271 1214 1301 1239 et
1332 1207 1513 1254 Aegyptios
1543 1215 1578 1239 et
1601 1203 1815 1253 vfingulorum
1842 1202 1886 1240 sa-

272 1260 433 1309 pientiam
457 1256 621 1293 addidicit.
674 1255 804 1293 Deinde
833 1255 973 1291 domum
1000 1253 1144 1290 reuersus
1168 1269 1245 1290 cum
1265 1253 1432 1298 fratribus,
1462 1254 1638 1291 Herodoto
1665 1267 1695 1291 et
1716 1255 1883 1298 Damaste,

271 1311 362 1345 vixit.
410 1306 551 1345 Praefuit
571 1317 601 1343 et
624 1307 851 1343 Abderitarum
881 1310 959 1355 reip.
982 1309 1038 1356 qui
1068 1307 1180 1342 honor
1202 1317 1336 1356 propter
1359 1305 1547 1355 sapientiam
1573 1306 1630 1356 ipsi
1658 1307 1784 1346 habitus
1811 1305 1885 1349 fuir,

267 1358 453 1407 Discipulus
478 1363 544 1395 eius
561 1359 686 1395 illustris
703 1358 766 1394 fuit
781 1358 1012 1402 Metrodorus,
1047 1359 1168 1399 Chius,
1195 1360 1284 1395 cuius
1308 1357 1440 1393 vicissim
1463 1357 1624 1395 auditores
1643 1356 1778 1398 fuerunt
1799 1361 1886 1394 Aua-

270 1413 407 1448 xarchus
423 1422 454 1447 et
471 1413 687 1459 Hippocrates
698 1439 708 1452 ,
734 1409 889 1446 medicus.
941 1409 1032 1446 Idem
1046 1412 1298 1458 cognominatus
1314 1412 1449 1457 Σοφία,
1479 1410 1657 1456 Sapientia,
1692 1420 1725 1445 et
1740 1415 1888 1453 Γελασῖ·

270 1479 340 1505 νος,
366 1463 467 1509 risor,
496 1461 587 1510 quod
608 1464 716 1498 inania
738 1464 915 1498 hominum
931 1460 1037 1495 studia
1061 1460 1164 1496 ridere
1190 1459 1316 1497 soleret.
1370 1463 1510 1497 Genuini
1533 1463 1599 1496 eius
1619 1461 1691 1496 libri
1709 1458 1782 1498 sunt
1803 1460 1885 1505 duo,

270 1518 386 1563 μέγας
407 1510 588 1561 διάκοσμος
611 1526 746 1561 magmu-
767 1514 959 1554 diacos-mus,
983 1521 1014 1547 et
1036 1512 1112 1562 περὶ
1136 1509 1268 1560 φύσεως
1287 1510 1398 1560 κόσμε
1420 1515 1457 1548 de
1483 1520 1600 1548 natura
1624 1512 1744 1552 niundi.
1803 1515 1886 1548 Scri·

268 1565 330 1615 psit
357 1567 455 1600 etiam
477 1564 648 1610 Epistolas.
701 1567 840 1599 Athenas
861 1577 931 1599 non
951 1563 1027 1598 adiit
1049 1574 1109 1599 etc.
1131 1565 1300 1599 cLab'rtio.
1353 1566 1460 1598 Morti
1482 1566 1603 1598 vicinus
1621 1567 1704 1598 circa
1719 1564 1884 1600 Thesmo-

272 1617 472 1665 phoriorum
489 1614 627 1657 festum,
665 1628 708 1650 ne
736 1614 791 1649 illa
819 1615 910 1649 luctu
938 1616 1004 1649 hoc
1025 1613 1185 1649 celebrare
1207 1615 1455 1663 prohiberetur,
1487 1614 1625 1665 panibus
1647 1613 1821 1653 calentibus
1842 1615 1882 1655 ad

272 1680 364 1704 nares
387 1666 527 1702 admotis
550 1669 650 1703 vitain
671 1664 715 1701 ad
738 1664 858 1702 festum
879 1678 977 1715 vsque
998 1663 1170 1716 produxit.

165 1719 407 1761 “Demodocun
438 1728 561 1756 cantor.

172 1770 409 1819 DemophiluS,
451 1767 618 1818 episcopus
637 1769 737 1804 CPol.
766 1767 868 1817 rapidi
897 1771 1036 1816 vagique
1057 1771 1207 1804 torrentis
1233 1767 1330 1804 instar
1348 1768 1531 1818 plurimum
1552 1769 1612 1804 luti
1631 1777 1662 1803 et
1684 1766 1828 1810 sordium
1850 1774 1885 1809 ia

273 1821 475 1858 sermonibus
499 1818 559 1855 suis
581 1820 702 1854 vehens
718 1830 777 1855 etc.
803 1832 817 1853 e
844 1819 1068 1864 PliilostorgiO.

167 1874 428 1915 Demosthenes,
456 1869 674 1912 Atheniensis,
701 1869 951 1913 Demosthenis,
971 1869 1161 1918 gladiorum
1177 1867 1279 1911 fabri,
1307 1879 1338 1904 et
1355 1870 1534 1905 Cleobulae
1549 1872 1583 1906 F.
1600 1881 1730 1913 orator,
1756 1873 1884 1922 populo

275 1921 494 1965 Paeauienfis,
529 1925 584 1970 qui
611 1924 737 1960 maiore
764 1921 929 1969 diligentia
959 1932 990 1956 et
1012 1920 1142 1962 fludio,
1183 1934 1280 1969 quam
1305 1922 1428 1969 ingenii
1450 1919 1601 1959 felicitate
1623 1923 1786 1971 praeditus
1809 1923 1883 1969 fuit,

275 1987 308 2011 vt
329 1975 444 2010 auctor
467 1973 511 2008 est
535 1975 737 2021 Hermippus
753 1982 810 2008 etc.
834 1971 921 2017 (vide
943 1971 1036 2022 supra
1055 1971 1209 2017 Batalus.)
1262 1971 1313 2006 Ad
1337 1972 1478 2009 studium
1505 1973 1709 2022 eloquentiae
1732 1979 1883 2015 animum

277 2026 422 2074 adpulit,
449 2038 550 2073 quum
567 2023 805 2066 Callistratum,
830 2037 891 2073 pro
907 2026 1039 2072 Oropiis
1055 2023 1235 2062 dicentem,
1256 2022 1389 2062 vidisset.
1440 2023 1571 2061 Audiuit
1586 2021 1721 2067 Isaeum,
1739 2025 1882 2067 Isocratis

264 2076 486 2126 discipulum,
512 2074 647 2124 vsusque
664 2075 708 2110 est
725 2076 922 2111 orationibus
937 2074 1040 2114 Zoili,
1064 2074 1328 2122 Amphipolitae,
1353 2077 1407 2124 qui
1430 2077 1566 2115 Athenis
1590 2077 1810 2123 eloquentiam
1826 2079 1885 2115 do.

266 2133 358 2169 cuit,
386 2131 527 2176 itemque
551 2127 747 2171 Polycratis,
773 2138 804 2162 et
825 2126 1074 2165 Alcidamantis,
1095 2128 1257 2172 (Gorgiae
1272 2124 1452 2175 discipuli,)
1478 2137 1509 2162 et
1532 2126 1627 2176 ipfius
1645 2127 1798 2165 Isocratis.
1843 2133 1881 2166 In

272 2181 480 2228 eloquentiae
501 2178 605 2214 studio
630 2177 732 2213 socios
748 2179 859 2213 habuit
872 2179 929 2225 [ff]
946 2177 1130 2219 Aesionein,
1150 2178 1377 2214 Atheniensem
1396 2189 1428 2213 et
1440 2179 1723 2227 Theopompum,
1750 2184 1882 2226 Chium,

275 2230 519 2280 philosophum.
570 2232 734 2264 Praeterea
749 2229 871 2264 audiuit
893 2228 1111 2269 Eubulidem,
1138 2227 1362 2270 dialecfficunh
1395 2239 1431 2264 *et
1457 2229 1635 2266 Platonem.
1688 2232 1828 2268 Deceffit
1848 2237 1882 2271 in

273 2283 441 2324 Calabria,
469 2293 535 2330 quo
559 2294 636 2329 prae
659 2290 749 2315 metu
775 2283 948 2328 Antipatri,
975 2283 1058 2328 regis
1081 2278 1316 2324 Macedoniae,
1347 2278 1494 2329 fugerat,
1526 2294 1627 2329 quum
1647 2296 1705 2330 per
1719 2287 1881 2327 Archiam,

275 2333 489 2377 histrionem,
511 2335 542 2369 vi
556 2329 894 2383 abstrahendusbeffet,
932 2331 1046 2370 hausto
1077 2334 1112 2369 in
1141 2330 1220 2378 aede
1238 2333 1381 2382 Neptuni
1403 2344 1550 2376 veneno,
1588 2332 1680 2382 quod
1702 2336 1736 2370 in
1759 2336 1882 2371 annulo

1745 2400 1882 2424 circum-

1983 1021 1992 1097 l

1982 1097 1991 1212 zzz—2⁴1
