2049 2720
46 151 111 180 voi.
124 150 173 178 m.
187 157 212 184 p·
228 148 374 182 302r503
710 145 891 185 LVCIANI
923 144 1114 183 SCRIPTA
1248 145 1319 182 Lib.
1331 145 1402 183 IV.
1416 157 1438 182 c.
1451 144 1606 183 XVIII.
1705 147 1763 190 343⁴

49 257 123 290 tate,
149 259 189 283 ex
205 244 309 281 diuite
326 255 468 293 egenum
485 241 670 280 redditum:
696 243 830 292 Iupiter,
846 257 865 278 a
878 243 1047 279 Mercurio
1064 242 1219 283 monitus,
1236 242 1333 282 iubet,
1362 241 1492 278 Plutum
1512 254 1590 278 cnm
1603 237 1754 276 thesauro

48 298 88 336 ad
102 299 289 334 Timonem
304 295 456 332 accedere
468 324 477 338 ,
506 296 613 332 Plutus
631 293 770 340 recusat,
794 298 977 343 iterumque
990 290 1086 327 iussus
1102 295 1148 326 ire
1167 292 1342 335 claudicat,
1366 293 1442 329 licet
1461 308 1479 329 a
1500 294 1594 333 Dite,
1628 293 1752 342 quoties

48 352 204 391 mittitur,
231 360 352 384 etcum
374 345 439 383 sese
462 350 591 396 recipit,
616 346 771 382 aduolare
791 347 961 382 celerrime
983 354 1014 379 et
1034 340 1191 392 aufugere
1212 343 1408 392 rapidissime
1427 343 1639 381 consueuerit.
1690 346 1753 379 De-

47 405 146 451 nique
161 400 320 438 deductus
335 399 374 435 ad
391 401 587 440 Timonem,
610 399 735 441 labore,
761 398 895 440 robore,
919 394 1113 433 fortitudine
1129 406 1159 431 et
1175 393 1329 445 sapientia
1346 396 1509 444 stipatum,
1531 397 1569 431 ab
1583 389 1647 430 hoc
1661 407 1756 443 aegre

47 455 203 503 recipitur
226 454 350 501 ingenti
374 449 524 488 thesauro
545 445 674 488 effoss‘o.
700 449 777 498 [vid.
792 463 861 499 cap.
878 460 932 492 40.
947 461 1023 497 pag.
1037 459 1092 492 151.
1108 448 1217 495 ibique
1232 447 1399 494 lensium]
1450 450 1535 485 Mox
1559 448 1665 483 Timo
1689 443 1757 494 ipse

47 516 207 554 quantum
221 514 363 540 mutatus
379 503 416 538 ab
431 502 501 540 illo.
553 505 582 539 A
599 501 742 538 Philiade
756 499 976 548 adsentatore‚
1002 514 1019 534 a
1035 497 1245 535 Gnathonide
1261 499 1399 548 parasito
1422 510 1453 536 et
1468 502 1594 536 Demea
1614 500 1756 539 rhetore,

47 554 297 606 Thrasycleque
312 552 534 604 philosopho,
561 564 634 591 turn
650 552 773 603 Blepsia
787 554 925 589 Lachete
941 565 979 588 ac
996 551 1176 599 Gniphone
1192 549 1386 587 adulationis
1409 551 1626 601 perfidiaeque
1648 560 1679 586 et
1703 563 1757 584 cu-

45 607 184 659 piditatis
199 620 323 656 poenas
341 608 465 655 repetit.
518 607 565 642 Ita
579 617 685 642 totum
702 608 767 642 hoc
782 604 935 653 scriptum
955 602 1141 654 perstringit
1162 605 1308 653 ineptam
1331 602 1517 639 diuitiarum
1534 602 1757 652 cupiditatem,

45 657 215 709 peruersos
238 658 379 695 diuitum
397 671 523 700 mores,
550 656 797 707 profusionem,
824 657 959 700 luxum,
991 652 1212 703 asperitatem,
1233 652 1371 694 fastum,
1399 657 1588 694 auaritiam.
1621 652 1761 702 denique

47 710 176 748 diuitias
198 708 300 760 ipsas,
328 709 468 760 indignis
492 707 561 746 fere
585 711 812 753 obuenientes,
846 719 878 746 et
899 708 1067 758 improbos
1089 705 1315 742 adsentatores.
1351 715 1434 743 tom.
1452 708 1475 741 1.
1503 720 1575 756 pag.
1594 706 1759 750 51-167.

47 765 89 811 [Ι.
105 775 179 813 pag.
193 762 387 811 98—175.]
412 762 512 798 latine
526 765 622 799 vertit
637 763 807 799 Erasmus.
861 761 949 797 Cum
962 762 1049 796 notis
1075 756 1245 807 separatim
1270 757 1368 795 edidit
1382 760 1574 794 Lambertus
1589 757 1759 797 Barlaeur,

45 813 152 864 Lugd.
170 816 237 850 Bat.
255 816 337 860 1652.
353 822 385 855 8.
408 826 438 849 et
461 813 662 850 emendatius
686 815 765 850 Tan.
780 814 886 849 Faber
905 826 981 849 cum
999 812 1104 853 notiS,
1132 808 1227 847 Paris.
1243 813 1326 857 1655.
1345 823 1376 854 4.
1414 811 1531 857 [Fabri
1555 810 1702 845 laborem
1728 817 1760 844 et

47 877 151 903 artem
169 868 314 902 criticam
336 864 429 901 valde
450 864 561 901 laudat
581 866 758 914 Hemsterh.
780 867 816 900 in
837 875 906 901 not.
923 878 995 914 pag.
1011 875 1076 907 139.
1130 863 1189 898 Ille
1214 872 1326 898 tamen
1346 861 1518 910 aliquoties
1538 859 1697 897 refutatur
1720 860 1759 895 ab

46 917 166 955 eodem
184 928 214 954 et
229 916 344 953 lensio.
369 918 487 964 Harl.]
541 920 716 966 Vtriusque
731 915 1027 953 animaduersiones
1048 917 1080 949 in
1104 913 1298 950 editionibus
1316 912 1643 950 Amstelodamenfib.
1668 925 1759 949 corn-

46 979 178 1020 parent,
201 969 324 1005 Barlaei
340 967 471 1018 quidem
489 968 622 1018 singulis
640 967 799 1005 subietstae
818 971 961 1017 paginis,
988 967 1081 1003 Fabri
1103 966 1142 1001 ad
1173 968 1289 1013 prioris
1315 966 1492 1001 voluminis
1516 966 1651 1001 calcem.
1704 966 1764 1004 Les,

46 1024 136 1070 gitur
149 1030 180 1057 et
194 1034 270 1056 cum
286 1020 349 1056 alia
366 1019 511 1056 versione
525 1023 559 1056 in
573 1020 713 1069 dialogis
729 1018 851 1057 seledtis
866 1021 1011 1062 Luciam,
1039 1017 1132 1052 editis
1149 1017 1352 1065 Augustoriti
1368 1020 1551 1054 Pleionum.
1564 1017 1619 1065 [if]
1636 1016 1760 1051 Fabric.

46 1074 127 1109 Hoc
142 1069 357 1122 opusculum,
383 1074 427 1107 ait
441 1073 493 1108 M.
509 1074 554 1107 dn
568 1073 647 1107 Soul
660 1074 731 1108 init.
746 1082 816 1108 not.
842 1074 897 1120 qui
918 1084 995 1106 cum
1012 1069 1236 1114 Aristophanis
1254 1070 1356 1104 Pluto
1375 1069 1568 1111 contulerit,
1604 1069 1762 1116 palmam,

45 1124 70 1161 fi
86 1138 220 1161 mecum
238 1122 362 1165 sentiat,
388 1125 466 1160 huic
482 1124 593 1160 nostro
607 1124 717 1160 multis
735 1123 777 1160 de
791 1122 904 1159 cauffis
920 1122 1041 1161 deberi,
1058 1119 1153 1156 facile
1170 1119 1334 1156 concedet.
1388 1123 1504 1170 Neque
1521 1132 1631 1156 tamen
1649 1122 1762 1155 Lucia.

46 1190 107 1213 nus
121 1190 231 1212 mores
244 1175 508 1225 colloquentium
524 1176 643 1224 vbique
659 1174 809 1211 seruauit.
863 1176 916 1210 Sic
931 1171 1120 1209 Hemsserh.
1144 1174 1216 1220 (qui
1240 1170 1396 1207 eruditiss.
1411 1183 1505 1208 notas
1529 1175 1563 1207 in
1580 1174 1668 1207 hune
1685 1184 1762 1207 con-

46 1227 169 1276 scripsit
184 1227 385 1276 dialogum.)
408 1240 482 1276 pag.
499 1239 566 1271 174.
587 1225 838 1269 animaduertit,
863 1225 938 1261 talia
961 1227 1141 1262 Lucianum
1165 1220 1360 1271 adscripsisse
1379 1222 1578 1270 Thrasycli,
1610 1236 1692 1271 quae
1716 1235 1764 1258 re-

46 1280 244 1317 centioribus
260 1276 466 1327 philosophis
484 1282 571 1327 prius
587 1281 823 1322 conuenirent,
850 1291 951 1327 quam
968 1280 1025 1323 iis,
1052 1277 1107 1325 qui
1127 1276 1288 1311 Timonis
1307 1285 1409 1311 aetate
1427 1280 1587 1311 vixerunt.
1614 1274 1715 1310 Harl.

150 1359 201 1391 73.
228 1342 375 1397 Τοξοὶςις
400 1341 418 1389 ἢ
439 1347 556 1393 φιλίαι.
616 1347 758 1381 Toxaris
771 1347 832 1393 fin
856 1346 1001 1380 amicitia.
1062 1343 1242 1391 Dialogus,
1284 1356 1350 1392 quo
1379 1344 1522 1378 Toxaris
1554 1344 1764 1386 Scytharum,

45 1397 240 1448 Mnesippus
260 1410 372 1434 autern
387 1399 589 1433 Graecorum
607 1400 640 1434 in
664 1401 805 1434 amicitia
830 1397 931 1433 fidem
956 1393 1129 1444 praedicat.
1166 1404 1248 1430 tom.
1265 1395 1303 1429 Η.
1323 1407 1397 1443 pag.
1413 1404 1563 1439 32—75.
1604 1394 1659 1440 [11.
1686 1405 1761 1441 pag.

45 1463 108 1498 507
120 1470 167 1478 —
180 1451 265 1497 567.]
322 1451 425 1484 Vertit
437 1450 602 1484 Erasmus.
655 1448 778 1484 Prodiit
796 1452 896 1484 etiam
912 1445 1086 1496 separatim
1102 1449 1271 1493 AntWerp.
1288 1456 1375 1491 1547.
1399 1456 1431 1489 4.
1488 1443 1613 1482 Gallice
1635 1445 1763 1494 Blafius

46 1504 84 1537 de
104 1502 264 1550 Vigenere
283 1500 440 1536 transtulit
463 1515 525 1536 vna
549 1513 627 1535 cum
652 1500 794 1537 Platonis
818 1498 934 1546 Lyside
955 1509 986 1534 et
1008 1497 1121 1533 Laelio
1147 1498 1329 1533 Ciceronis.
1364 1494 1461 1532 Paris.
1482 1509 1569 1542 1579.
1598 1508 1628 1540 4.
1681 1500 1764 1531 Ante

47 1566 126 1590 eum
155 1553 313 1589 Claudius
332 1553 517 1594 Puteanus,
548 1550 715 1602 professor
741 1552 877 1602 linguae
908 1550 1048 1601 gallicae
1077 1552 1113 1585 in
1138 1548 1306 1586 academia
1332 1547 1546 1594 Louaniensi,
1593 1551 1764 1597 Antwerp2

45 1608 129 1652 ¹563·
155 1617 187 1650 4.
1496 1616 1497 1619 ,

149 1684 202 1717 74.
231 1668 522 1724 Τςαγοποδοὶγςα
538 1671 604 1708 flue
619 1671 734 1709 drama
748 1673 864 1716 breue,
892 1684 959 1723 quo
981 1669 1163 1722 podagrae,
1185 1670 1274 1706 velut
1294 1668 1374 1705 deae
1398 1669 1543 1708 alicuius,
1569 1667 1706 1717 poteslas
1732 1677 1764 1702 et

46 1727 94 1759 vis
121 1724 310 1760 celebratur.
344 1725 434 1771 [add.
454 1736 524 1760 not.
547 1739 623 1774 pag.
640 1728 715 1770 644.
740 1735 770 1760 et
791 1728 895 1761 Reitz.
917 1722 1053 1774 praefat.
1084 1736 1157 1772 pag.
1175 1723 1263 1769 560]
1298 1732 1381 1757 tom.
1399 1723 1438 1756 ΙΙ.
1462 1732 1536 1769 pag.
1557 1727 1763 1763 804—823.

48 1775 121 1821 [111.
142 1788 217 1825 pag.
234 1779 347 1819 643—
363 1777 457 1822 664]
510 1778 668 1812 Carmine
697 1780 795 1813 vertit
822 1779 958 1812 loannes
973 1777 1121 1821 Sinas-aius
1150 1777 1240 1809 cuius
1261 1771 1480 1822 metaphrasin
1500 1770 1641 1807 seruauit
1665 1774 1764 1807 etiam

47 1826 254 1863 Burdelotius
271 1829 305 1862 in
322 1825 376 1862 sua
391 1827 535 1863 editione
555 1840 585 1863 et
601 1827 723 1875 Caspar
738 1831 926 1864 Dornauius
947 1827 1188 1875 amphitheatro
1212 1823 1386 1872 sapientiae
1406 1822 1590 1859 socraticae.
1624 1833 1705 1859 tom.
1722 1824 1762 1859 11.

42 1891 123 1932 pag.
141 1882 210 1924 196.
237 1879 366 1914 Fabrir.
417 1882 453 1913 In
470 1879 544 1915 edit.
562 1881 679 1914 Reitzii
692 1879 827 1915 insertae
844 1878 916 1915 sunt
930 1879 1062 1914 Erasm.
1079 1878 1227 1912 Schmidt?
1243 1874 1322 1911 obss]
1338 1875 1486 1913 ineditae.
1514 1876 1612 1910 Harl.

148 1958 195 1992 75.
222 1945 508 1993 Tragopodagrae
523 1948 554 1980 in
572 1948 701 1981 Luciani
719 1945 794 1981 edit.
813 1944 974 1981 subiicitur
999 1940 1154 1986 ὦκιῖπες,
1181 1940 1204 1978 s·
1219 1943 1380 1989 ῑθῘθνῐΡσῐ,
1407 1943 1546 1979 ²ltesum
1568 1940 1765 1983 dramation,

48 2010 115 2048 quo
132 1996 285 2033 Podalirii
302 1996 356 2032 ille
373 2007 404 2032 et
419 1996 553 2033 Astatiae
570 1997 665 2039 silius,
682 1996 878 2046 podagricos
890 2011 960 2033 non
975 1999 1112 2044 impune
1127 1993 1247 2035 ridens,
1264 1992 1318 2030 sed
1332 2005 1364 2031 et
1381 1992 1446 2043 ipse
1461 1994 1570 2043 postea
1587 2008 1605 2029 a
1621 1992 1765 2042 podagra

47 2047 165 2086 misere
177 2048 366 2098 prostratus,
384 2048 556 2084 inducitur.
583 2059 663 2085 tom.
681 2050 721 2085 11.
736 2063 768 2097 p.
787 2056 979 2093 823—833.
1007 2051 1104 2095 [tom.
1124 2048 1176 2081 111¹.
1190 2060 1222 2095 p.
1240 2049 1306 2089 664
1319 2067 1362 2074 —
1376 2049 1446 2091 673.
1473 2045 1534 2081 Sed
1550 2047 1600 2080 M.
1619 2046 1662 2080 du
1676 2045 1766 2085 SouL

50 2100 184 2136 Gesner.
197 2110 228 2136 et
243 2101 383 2135 Guietus
399 2102 464 2135 hoc
483 2114 604 2149 poema
622 2099 778 2148 frigidum
791 2128 801 2143 ,
829 2100 998 2136 inficetum
1022 2100 1235 2147 Lucianoque
1258 2097 1429 2146 indignum
1441 2126 1449 2138 ‚
1476 2107 1573 2146 atque
1594 2097 1632 2131 ab
1653 2096 1766 2145 aliquo

49 2151 333 2201 Tragopodagrae
348 2154 513 2188 imitatore
527 2151 680 2201 scriptum
697 2151 759 2188 else
776 2151 949 2197 iudicant]
1001 2152 1105 2186 Vertit
1121 2151 1268 2186 carmine
1282 2160 1406 2199 praeter
1423 2151 1570 2184 Iacobum
1585 2148 1764 2194 Micyllum,

50 2206 141 2253 cuius
153 2202 373 2252 metaphrasin
386 2204 594 2240 Burdelotius
610 2217 743 2254 quoque
757 2203 909 2247 seruauit,
918 2204 1089 2240 Adrianus
1101 2201 1234 2243 Chilius,
1244 2205 1422 2251 ,Antwerp
1439 2212 1519 2247 1533.
1535 2207 1564 2240 8.
1591 2196 1726 2284 Comlcer,
1742 2197 1766 2233 si

1646 2264 1668 2299 p
1684 2260 1764 2293 acet,

20 2348 32 2354 ‘
49 2334 116 2381 pag]
130 2342 191 2370 ¹62.
207 2346 236 2370 et
256 2339 407 2379 Tanaquil
415 2338 550 2370 Fabi-um
568 2350 629 2381 cap.
647 2350 667 2371 ι.
684 2339 886 2371 animaduerss‘.
930 2347 959 2370 et
973 2341 1003 2370 in
1020 2349 1146 2376 annum,
1171 2348 1231 2380 quo
1251 2339 1323 2369 haec
1346 2337 1518 2376 acciderint,
1537 2346 1611 2380 quae
1633 2345 1648 2367 a
1663 2336 1765 2366 Lucia·

51 2384 84 2413 in
99 2384 277 2419 Timonem,
300 2386 330 2413 in
344 2383 420 2413 calce
435 2391 495 2412 tom
523 2386 543 2413 1.
560 2385 630 2413 edit.
647 2386 770 2420 Reitzu‘,
798 2385 846 2414 vbi
862 2387 886 2414 is
930 2395 968 2415 no
984 2384 1142 2424 finguntur.
1168 2382 1260 2417 Harl.

51 2434 169 2467 ,quoque
191 2427 316 2468 inquirit
337 2428 368 2458 in
388 2435 521 2470 tempus,
552 2438 611 2469 quo
630 2430 738 2459 vixerit
758 2429 885 2470 Timon,
