2049 2720
30 68 89 95 vol.
110 66 157 93 W-
184 74 209 97 Ρ-
229 63 286 98 406
599 63 809 99 POLchts
837 64 1101 101 EDlTIONES.
1259 65 1330 100 Lib.
1345 65 1414 102 IV.
1437 78 1462 101 c.
1478 64 1637 101 XXXV.
1687 77 1739 111 ¹43

25 159 195 196 massicum
207 187 216 201 ,
243 169 275 194 et
290 160 428 199 Irim-te,
455 168 513 205 per
533 156 679 206 fingulos
707 155 807 191 libros
830 166 985 205 quatenus
1010 157 1061 192 vel
1079 170 1154 192 cum
1170 158 1325 208 exemplo
1341 158 1578 194 Wetlieiniano
1593 169 1624 194 et
1640 157 1736 194 codd.

23 225 43 247 a
60 212 178 246 Sebero
196 221 224 245 et
242 212 485 257 lungermanno
504 209 628 244 collatis
645 206 825 256 conspiret,
854 209 902 242 vel
919 211 957 243 ab
973 211 1008 243 iis
1023 207 1201 257 discrepet,
1227 210 1289 246 late
1307 214 1453 259 exponit.
1505 210 1594 245 ldem
1618 213 1736 245 Irimwe

22 275 96 312 pag.
116 274 184 305 277.
210 271 372 296 memorat
396 263 478 295 inter
499 260 595 295 codd.
620 259 849 295 Mendozanae
873 259 946 294 bibl.
972 259 1120 294 codicem
1156 275 1206 296 nr.
1231 273 1300 304 340.
1333 266 1387 310 qui
1417 264 1563 296 continet
1598 264 1736 297 tabulam

7 317 57 349 ‘in
83 314 242 348 Pollucem
265 319 294 346 et
318 313 526 346 Athenaeum.
554 332 605 338 -—
659 316 695 346 In
719 312 767 345 Μ.
788 312 968 352 Britannia,
995 308 1190 356 (secundum
1214 313 1307 348 catal.
1330 313 1426 349 codd.
1443 316 1518 358 etc.)
1545 314 1666 349 Oxonii
1689 315 1734 348 in-

22 366 205 401 «erssMSSra
227 362 358 411 collegii
374 365 519 411 corporis
535 361 672 403 Christi,
699 362 838 397 Pollucis
854 363 1025 398 onomast.
1043 364 1076 396 in
1093 362 1165 398 cod.
1183 377 1231 399 nr.
1249 366 1422 401 MDXLH.
1475 366 1511 399 In
1533 364 1639 400 indice
1659 367 1735 400 nisti

22 415 94 452 cod.
116 417 250 450 Antonii
276 416 436 463 Eparchi,
463 415 572 456 (Fabr.
592 416 625 449 B.
643 415 700 449 Gr.
715 413 779 448 vol.
796 415 832 448 X.
858 427 931 462 pag.
950 421 1025 456 480.
1043 424 1101 448 vet.
1117 414 1182 460 ed.)
1209 419 1347 451 citantur
1363 419 1450 450 varia
1474 429 1512 450 ex
1531 414 1736 451 onomassico

21 467 172 504 Pollucis.
198 466 281 501 adde
308 467 417 501 Paulli
437 466 596 514 Colonusti
618 465 692 500 bibl.
712 464 852 506 choifie,
881 467 914 500 in
932 468 997 500 eius
1015 466 1194 513 Operibus,
1217 481 1234 501 a
1251 467 1397 502 Fabricio
1418 467 1562 502 collec‘lis
1580 467 1736 515 editisque

23 519 208 564 Hamburg.
229 530 317 562 1709.
336 528 365 560 4.
392 530 464 563 pag.
482 519 558 559 446.
575 515 620 565 sq.
650 517 700 551 vbi
722 516 831 552 Seberi
855 515 928 552 edit.
952 517 1096 552 Pollucis
1119 518 1176 554 ille
1196 517 1356 558 recenset,
1381 529 1410 554 et
1426 518 1647 568 quorumdam
1667 531 1737 553 nie·

21 572 118 606 minit
141 568 235 604 codd.
260 579 347 603 msst.
392 569 508 614 Hora]

121 645 291 681 Editiones
316 645 455 680 Graecae
476 654 538 678 tres
553 642 703 679 viderunt
718 643 850 684 lucem,
878 647 986 692 prima
1003 645 1100 684 Auli,
1127 643 1231 681 dicata
1248 645 1366 681 Heliae
1388 644 1555 694 Capreolo
1570 647 1736 685 Brixiano,

21 699 135 734 Venet.
157 709 246 742 1502.
265 694 323 731 fol.
342 692 395 742 s).
448 697 557 730 Altera
581 696 763 731 Bernhardi
784 699 901 732 luntac
923 710 999 732 cum
1025 694 1159 746 praefat.
1175 710 1290 745 graeca
1305 699 1465 745 Scipionis
1480 699 1737 736 Carteromachi‚

19 751 165 786 florent.
193 761 281 792 1520.
305 746 366 782 fol.
405 746 562 783 adiuntsto
587 749 755 796 Stephano
777 749 855 793 Byz.
908 749 1024 783 Tertia
1047 750 1227 798 Bastlecnsis
1255 761 1295 783 ex
1320 751 1368 784 10.
1385 750 1526 797 Oporini
1554 748 1686 783 officina
1704 750 1736 792 ⁸)

18 804 56 836 A.
81 803 166 845 1536.
188 812 218 843 4.
254 813 331 834 cum
354 797 459 832 indice
487 800 660 833 auctorum
687 809 717 833 et
737 798 939 845 praefatione
964 801 1108 834 Simonis
1131 802 1283 845 Grynaei.
1343 801 1464 835 Latina
1497 802 1590 834 vnica
1613 798 1738 847 prodiit

19 851 111 888 Bassl.
129 863 207 895 1541.
224 863 253 893 4,
279 864 297 884 a
315 850 486 894 Rndolpho
503 850 689 891 Gualtlzero„
707 851 887 897 Tigurinm
914 850 1096 886 admodum
1114 851 1220 886 adhuc
1239 849 1452 893 adolescente,
1477 851 1676 899 compofita,
1705 860 1737 885 et

21 901 146 938 absente
169 902 243 941 illo,
280 915 389 949 neque
415 899 592 936 emendatis
623 905 744 948 graecis
769 901 932 936 codicibus
959 900 1034 944 vso,
1065 916 1134 938 non
1155 900 1227 938 satis
1253 903 1424 938 emendate
1448 900 1572 937 excusa.
1627 904 1737 948 Qare

20 957 89 990 eius
109 952 202 1000 saepe
227 951 373 1000 puduiile
395 949 424 986 se
447 950 552 986 scribit
578 950 643 1000 ipse
666 954 697 986 in
719 953 851 991 litteris.
884 953 1132 1001 quadragesimo
1153 952 1223 989 fere
1247 968 1333 989 anno
1356 954 1428 1003 post
1454 955 1597 989 exaratis.
1647 955 1738 988 Eius·

19 1005 95 1041 dem
127 1006 290 1040 Gualtheri
319 1001 559 1039 obseruationes
591 1007 623 1038 in
646 1001 831 1038 obscuriora
855 1004 994 1039 Pollucis
1014 1007 1087 1040 loca
1111 1006 1151 1040 ib.
1168 1017 1251 1051 1542.
1270 1017 1299 1047 4.
1353 1007 1592 1040 Graecolatinac
1614 1003 1738 1040 exstant

21 1056 121 1096 duae,
147 1070 209 1090 vna
236 1057 436 1103 bVolfigangi
457 1057 580 1092 siheri,
620 1058 675 1103 qui
697 1054 737 1089 ad
761 1058 884 1090 Graeca
906 1056 1086 1103 castiganda
1108 1056 1235 1091 duobus
1254 1058 1348 1091 MSS.
1383 1056 1531 1091 Palatinis
1557 1066 1650 1104 atque
1674 1057 1739 1090 Au-

21 1109 158 1156 gust-”ino
180 1117 210 1142 et
235 1110 319 1141 notis
343 1106 424 1141 Frid,
450 1106 613 1152 Sylburgii
642 1103 731 1140 vsum
754 1104 785 1140 se
810 1105 872 1141 effe
898 1107 1040 1145 testatur,
1067 1108 1244 1143 etlatinam
1265 1107 1434 1143 Gualtheri
1451 1106 1631 1142 verfionem
1656 1108 1737 1142 locis

22 1162 115 1203 variis
140 1157 345 1197 emendauit,
372 1168 465 1192 notas
491 1156 630 1204 denique
646 1156 783 1192 eruditas
801 1168 830 1192 et
847 1157 966 1192 indices
981 1159 1133 1193 meliores
1147 1157 1287 1196 addidit,
1316 1157 1454 1193 verfioni
1469 1160 1646 1193 accuratius
1662 1171 1739 1192 exa·

20 1203 193 1247 minandae
216 1210 416 1257 peculiarem
441 1205 469 1241 se
495 1207 671 1256 aliquando
693 1221 828 1254 operam
850 1208 1055 1244 addidhirum
1081 1209 1259 1257 pollicitus.
1302 1207 1454 1246 Francos.
1475 1207 1562 1258 apud
1586 1208 1737 1244 Wechel.

21 1264 111 1310 1698.
134 1273 165 1304 4.
218 1259 328 1295 Altera
349 1258 596 1295 luculentissima
612 1258 665 1293 illa
689 1259 905 1302 Wctsteniana
919 1260 1052 1295 Amssel.
1071 1263 1164 1302 1706.
1180 1259 1243 1296 fol.
1265 1262 1451 1296 curantibus
1472 1260 1643 1308 praeclaris
1659 1262 1736 1294 viris

20 1315 69 1353 Io.
90 1314 193 1347 Hmr.
217 1312 384 1346 Lederlino
407 1322 438 1346 et
468 1311 595 1345 Tiberio
613 1311 851 1361 Hemsterhusto.
907 1311 943 1346 ln
963 1314 1022 1347 hac
1044 1315 1072 1357 1)
1089 1313 1212 1347 Graeca
1236 1311 1337 1360 longe
1358 1311 1581 1347 emendatiora
1604 1321 1635 1347 et
1657 1314 1737 1346 inte-

22 1366 131 1414 griora
150 1364 341 1399 exhibentur
367 1376 432 1412 ope
452 1365 619 1397 variorum
642 1361 793 1397 codicum
812 1364 908 1398 MSS.
935 1365 1106 1412 praecipue
1133 1363 1193 1398 illo
1211 1363 1369 1407 Demetrii
1385 1363 1655 1408 Chalcondylae‚
1679 1364 1737 1411 qui

21 1415 129 1466 postea
153 1413 334 1450 seruabatur
357 1416 569 1461 Antwerpiae
590 1415 624 1448 in
639 1413 792 1460 Collegio
810 1415 841 1448 S.
859 1417 881 1449 1.
908 1413 1026 1450 deinde
1056 1413 1324 1462 praestantislimo
1347 1413 1446 1451 Isaaci
1468 1413 1586 1456 Voss‘ii,
1620 1415 1737 1463 (quem

3 1465 129 1504 'laudat
150 1469 202 1502 hie
223 1469 305 1501 notis
328 1465 367 1501 ad
391 1464 511 1501 Catull.
533 1477 604 1512 pag.
622 1476 666 1508 53.
689 1478 725 1499 ac
748 1468 824 1500 Var.
841 1463 918 1500 Obs.
941 1479 1014 1514 pag.
1032 1469 1174 1501 101.116.
1197 1475 1226 1500 et
1243 1463 1352 1509 alibi.,)
1380 1475 1450 1501 tuni
1466 1465 1737 1513 castigationibus,

22 1531 98 1568 quas
123 1516 294 1553 Salmasius
317 1531 334 1551 e
353 1516 450 1552 codd.
473 1515 642 1557 Palatinis,
675 1517 719 1551 Η.
739 1515 882 1552 Valesius
905 1531 922 1552 e
939 1519 1097 1552 Straucbii
1121 1527 1152 1552 et
1174 1516 1447 1564 Falckenburgius
1469 1530 1508 1552 ex
1532 1518 1596 1552 alio
1622 1516 1737 1552 codice

22 1570 108 1607 libris
125 1568 184 1604 suis
200 1567 446 1617 adscripserant,
474 1578 503 1603 et
520 1566 801 1603 emendationibus
812 1568 1050 1604 Guilcanteri.
1105 1570 1142 1614 a)
1170 1569 1283 1602 Latina
1302 1567 1405 1603 verfio
1422 1582 1459 1603 ex
1469 1569 1578 1603 Seberi
1593 1567 1738 1603 editione

23 1620 152 1661 finitur,
178 1622 268 1656 cuius
291 1621 457 1669 praecipui
479 1621 573 1654 naeui
597 1619 630 1652 in
654 1621 739 1653 notis
765 1620 970 1668 castigantur.
1023 1623 1055 1665 3)
1083 1621 1233 1655 Numero
1252 1622 1394 1666 capitum
1421 1617 1564 1659 seruato,
1590 1618 1662 1654 libri
1677 1619 1739 1655 sm·

0 1709 1 1713 ,
22 1672 88 1721 guli
111 1676 143 1707 in
167 1673 312 1707 minores
335 1674 430 1707 etiam
450 1668 700 1706 subdiuiduntur
722 1669 891 1706 sectiones.
943 1674 977 1715 4)
1004 1671 1145 1719 Singulis
1168 1673 1292 1718 paginis
1314 1668 1523 1705 subiiciuntur
1545 1681 1669 1719 praeter
1685 1672 1739 1706 Se-

21 1724 88 1759 beri
111 1734 201 1758 notas
221 1722 330 1757 inediti
355 1733 428 1758 ante
450 1723 679 1757 commentarii
703 1725 848 1757 virorum
873 1721 1134 1758 doc‘liffimorum
1157 1721 1349 1767 Gotlzrffredi
1372 1724 1602 1769 langermanni
1618 1722 1658 1766 h),
1683 1723 1738 1756 Pa-

21 1775 124 1811 latino
146 1787 176 1809 et
197 1773 307 1808 Caroli
330 1773 446 1808 Labbei
468 1773 580 1808 codice
603 1770 664 1812 vfi,
688 1783 736 1814 et,
760 1775 852 1807 cuius
869 1773 1034 1808 eruditum
1053 1772 1213 1821 specimen
1231 1772 1551 1807 animaduerfionum
1576 1775 1617 1807 in*
1633 1772 1740 1808 Pollu-

23 1839 92 1861 cem
112 1829 147 1861 Λ.
167 1827 253 1868 1675.
273 1836 319 1860 12.
371 1827 576 1872 Argentorati
597 1822 781 1871 prodierat,
807 1825 911 1860 Ioaclz.
929 1826 1069 1859 Kuknii:
1096 1835 1164 1859 turn
1183 1834 1281 1858 notae
1297 1823 1504 1859 laudatorum
1528 1827 1629 1865 duum
1653 1827 1740 1859 viro-

25 1868 95 1928 ἷᾲμι
119 1876 278 1913 Lederlini
303 1888 402 1924 vsque
425 1874 465 1910 ad
487 1873 680 1925 septimum,
708 1886 738 1910 et
757 1874 797 1910 ad
819 1885 880 1911 tres
898 1875 1091 1925 posteriores
1106 1874 1354 1911 Hemsserhufii.
1407 1873 1624 1911 Praefationes
1640 1879 1738 1911 etiam

1631 1939 1739 1962 nouae

55 2036 98 2078 s)
119 2040 213 2075 Qam
229 2036 360 2067 Aldinam
379 2036 446 2067 edit.
471 2045 494 2066 a.
513 2036 553 2065 M.
573 2036 609 2065 11.
627 2037 662 2065 D.
684 2036 787 2072 (1498)
808 2035 855 2065 ad·
901 2033 1052 2074 Leoptird.
1077 2033 1127 2064 lib.
1145 2035 1182 2065 11.
1200 2034 1352 2067 emendate,
1368 2044 1428 2076 cap.
1445 2041 1470 2069 ε.
1487 2042 1515 2066 et
1529 2035 1627 2066 Seberi
1642 2034 1733 2077 praef.

27 2079 81 2110 fert
108 2079 236 2110 Oriimd.
261 2090 324 2120 pag.
343 2078 404 2114 ²89)
436 2088 500 2108 eam
523 2081 629 2107 merito
657 2079 742 2108 habet
765 2078 857 2118 suspe-
900 2088 963 2119 pag.
980 2088 1028 2113 4⁴-
1053 2077 1119 2106 edit.
1136 2079 1285 2107 wetstein.
1314 2078 1403 2108 Harl.

25 2123 97 2152 etam
120 2122 282 2153 Maittaire
303 2126 333 2152 in
349 2122 432 2151 indie.
459 2123 488 2149 A.
504 2122 544 2150 Τ.
567 2131 629 2161 pag.
648 2125 702 2154 168.
726 2121 856 2150 Scribere
943 2119 979 2152 lz‘)
1009 2122 1064 2149 Hic
1088 2122 1147 2150 MS.
1171 2119 1302 2150 seruatur
1324 2124 1411 2150 etiam
1435 2122 1463 2150 in
1488 2119 1562 2151 Bibl.
1588 2120 1733 2154 Gymnafii

26 2164 118 2194 forsan
140 2164 234 2196 voluit
254 2165 398 2195 Orlandut
417 2167 458 2194 M.
477 2166 510 2193 D.
528 2165 564 2192 Il.
589 2163 679 2192 Harl.
899 2162 1142 2199 Schleufingenfis.
1188 2162 1312 2192 Pollucis
1335 2163 1476 2194 editiones
1497 2162 1593 2192 moliti
1608 2171 1738 2203 praeter-

65 2212 104 2247 g)
126 2209 158 2236 In
179 2209 250 2236 fine:
277 2218 333 2248 per·
350 2205 442 2237 3112!ssae
453 2205 558 2246 iserum
574 2205 695 2246 [cisium
709 2209 738 2235 et
753 2204 854 2236 leom.
899 2215 931 2234 ea
951 2205 1012 2234 sunt
1029 2205 1137 2235 Bonav
1168 2206 1348 2239 Vulcanius,
1374 2214 1403 2235 vt
1426 2206 1483 2246 ipse
1505 2207 1622 2235 testatur
1642 2204 1733 2245 praes.

29 2249 213 2285 Flam-rum,
236 2249 330 2290 mense
348 2250 477 2280 Martio.
522 2249 575 2277 Sed
595 2249 711 2277 Iuntina
732 2257 759 2277 et
781 2249 852 2277 Bafi-
899 2248 933 2275 ad
958 2248 1059 2276 Isidori
1075 2249 1230 2285 Origines,
1255 2257 1317 2277 tum
1342 2247 1446 2277 melch.
1470 2247 1633 2277 Schmidius
1653 2258 1734 2285 grae-

29 2291 110 2323 letus.
125 2292 178 2321 edd
203 2291 266 2321 sunt
281 2295 362 2322 voice
376 2303 412 2320 ex
430 2291 533 2320 Aldina·
545 2293 685 2331 repetitae
708 2301 733 2319 et
759 2300 853 2319 textus
898 2301 995 2319 carum
1021 2290 1182 2320 litterarum
1206 2290 1349 2320 Professor
1371 2293 1400 2320 in
1420 2290 1572 2320 Academia
1591 2290 1732 2320 Helmssa-

27 2336 56 2364 in
70 2335 124 2365 illis
140 2336 230 2365 tribus
246 2335 373 2374 indignis
387 2334 564 2365 deformatus
580 2333 700 2364 mendis.
718 2343 747 2365 v.
764 2334 852 2364 Paul.
897 2333 996 2363 diensi.
1041 2335 1115 2364 Vide
1124 2332 1257 2364 Tenzelii
1272 2333 1404 2372 dialogos
1422 2335 1582 2364 menstruos
1596 2335 1630 2364 A.
1650 2338 1732 2369 1692.

1667 2385 1732 2416 pag.
