2013 2725
151 88 211 121 7¹0
265 73 329 109 Lib.
352 71 396 109 V.
420 83 444 107 c.
460 68 537 106 XL.
913 66 974 101 DE
1002 66 1153 102 CRVCE
1430 86 1438 95 κ
1580 69 1642 116 V—ol.
1659 70 1705 97 Vt
1728 78 1743 104 p
1769 71 1865 104 tyris

155 173 290 219 gionem
318 166 457 206 violare,
489 159 552 201 τές
581 159 680 211 geues·
705 156 895 202 warvio-xrs
922 157 955 203 ἦν
980 157 1053 210 ’γάρ
1076 163 1162 200 τέτο
1182 158 1280 211 αὐτῷ
1296 157 1452 204 σύνηθες,
1481 175 1556 197 nam
1572 162 1627 198 iilo
1646 162 1713 211 ipso
1728 168 1761 198 in
1778 164 1867 205 loro,

154 233 223 270 quo
246 217 495 254 Constantinum
518 215 572 259 [tf]
599 215 725 261 periurii
754 225 846 247 reum
869 214 1013 260 peragit,
1048 210 1130 248 falso
1154 215 1220 247 hoc
1243 212 1408 248 aZosnno
1439 224 1469 248 et
1495 227 1534 248 ex
1558 226 1793 263 praeconcepto
1816 215 1869 250 ad·

155 270 262 308 versus
290 268 539 305 Constantinum
561 264 640 298 odio
660 263 729 298 sieri
754 263 862 312 palam
882 263 945 306 est,
980 277 1084 313 quum
1105 266 1263 304 Licinius⁷
1299 277 1398 313 quem
1423 276 1534 300 contra
1563 265 1662 300 fidem
1687 264 1872 301 sacramenti

157 321 302 360 occisum
324 317 573 355 'l'hess'alonicae
598 317 762 364 queriur,
801 328 851 351 res
874 328 977 350 nouas
998 318 1129 350 interim
1147 315 1257 350 denuo
1281 313 1317 352 fit
1331 315 1482 357 molium,
1505 315 1582 352 tesse
1601 320 1732 353 Socrate
1747 327 1777 352 et
1792 317 1871 352 aliis.

157 377 199 411 Et
221 375 375 422 quoniam
399 367 568 406 nonnulli,
596 365 704 401 nescio
729 379 796 415 quo
819 366 942 412 studio,
973 366 1099 402 malunt
1110 370 1165 401 vni
1180 365 1333 407 Zofimo,
1364 368 1506 408 ethnico,
1530 367 1782 404 Constantinum
1798 380 1873 416 pro-

159 425 308 467 calcanti,
332 419 481 459 credere,
509 432 607 466 quam
622 417 711 453 mille
728 417 933 463 Christianis,
960 417 1089 454 audiant
1106 428 1138 453 et
1153 418 1288 453 alterum
1306 420 1489 459 ethnicum,
1518 419 1758 466 Praxagoram,
1777 421 1875 454 Athe·

159 473 322 513 mensem,
360 474 415 520 qui
438 473 471 504 in
494 470 580 505 libris
605 468 644 503 de
665 469 901 510 Constantino,
938 482 1021 517 quos
1043 469 1121 517 legit
1142 470 1283 504 Photius
1313 469 1386 504 cod.
1406 471 1501 504 LXlI.
1524 467 1660 511 fatetur,
1693 468 1744 509 gri
1775 467 1875 515 ndo-37

159 526 268 577 αἱρετῇ
288 520 344 569 ›th
368 521 632 572 καλοκᾳΎειὲιόρ
653 537 710 566 »φη
734 520 842 558 παντὶ
864 519 1085 569 sunamiti-cocu
1108 519 1253 560 πάντας
1282 519 1346 559 ”rais-
1371 519 1436 570 75420‘
1460 519 1551 560 adr}
1566 519 1876 564 βεβασιλευκότας

161 578 177 616 ὁ
198 572 368 620 Euaemonis
392 579 617 613 Κωνςσιντῖνος
641 569 890 622 ἀπεκρύψατο.
946 573 1041 617 Quod
1061 574 1144 606 omni
1164 576 1325 607 virtutum
1346 580 1376 607 et
1397 572 1564 618 honestatis
1575 586 1706 621 genere,
1733 573 1877 621 om‘nique

160 631 234 665 adeo
248 629 411 675 felicitate
430 638 532 661 omnes
555 626 698 663 omnino,
724 625 829 671 quise
851 624 1087 671 anrcreffermit,
1113 627 1315 668 imperatores
1329 624 1428 669 facile
1442 625 1623 671 obscuravit
1641 625 1877 672 Constantinus.

162 681 371 730 Argumentis
395 679 525 717 ceteris,
552 677 666 724 quibus
688 687 794 712 totum
816 678 881 711 hoc
903 676 942 711 de
964 673 1023 710 visa
1045 688 1139 710 cruce
1160 678 1331 724 negotium
1349 676 1565 724 praefidenter
1577 679 1675 713 nimis
1692 680 1774 712 inter
1789 689 1878 711 com.

163 744 273 770 menta
293 727 524 776 adscripserunt
546 731 604 762 viri
627 726 759 775 quidam
790 727 898 766 doeh,
930 726 1061 762 diatriba
1077 725 1242 775 singulari,
1268 726 1478 774 &Vitebergae
1495 729 1594 762 Anno
1613 731 1707 771 1706.
1722 727 1817 770 edita,
1837 724 1880 762 sa-

163 782 280 818 tisfecit
302 779 491 816 clariffimus
516 779 665 815 dodirina
686 790 782 826 atque
806 781 939 825 ingenio
963 781 1011 812 vir
1040 789 1072 812 et
1101 778 1229 826 collega
1259 790 1350 814 meus
1373 777 1651 814 coniunffissinms
1677 782 1723 814 Io.
1743 778 1881 826 Christo-

159 836 282 882 phorm
309 831 467 877 Woifius,
491 827 820 876 KVernigerodenfis:
855 831 961 877 itaque
982 831 1046 863 hoc
1072 831 1105 864 in
1125 829 1202 864 loco
1227 828 1307 864 nihil
1334 828 1420 863 aliud
1444 828 1555 870 addo,
1593 842 1693 878 quam
1712 832 1882 866 Centuria-

164 900 239 922 rum
261 880 593 931 Magdeburgenfium
617 879 786 928 scriptores
817 894 835 914 a
859 881 1014 914 Molimto
1034 878 1068 924 ὕ)
1103 890 1229 928 praeter
1250 892 1319 915 rem
1343 878 1457 914 referri
1480 881 1563 915 inter
1585 893 1660 924 eos,
1700 884 1753 930 qui
1775 893 1883 916 narra-

165 941 291 974 tionem
314 934 404 970 illam
428 931 554 969 Eusebii
577 932 672 981 plane
696 935 731 967 in
753 931 888 967 dubium
917 941 1035 966 vocant
1065 931 1172 981 adque
1204 929 1426 981 aspernantur:
1466 932 1622 967 Centuria
1651 935 1740 970 enim
1771 941 1883 982 quarta

166 989 292 1023 duobus
315 988 348 1021 in
370 985 470 1026 locis,
496 987 599 1033 capite
620 981 763 1019 secundo
786 993 818 1018 et
840 985 935 1018 tertio
959 982 1110 1025 decimo,
1135 984 1177 1018 ita
1201 982 1292 1019 illam
1315 980 1482 1025 referunt,
1508 992 1541 1018 vt
1562 995 1626 1032 pro
1648 997 1722 1022 vera
1740 981 1884 1020 habuisse

165 1038 197 1075 se
219 1052 289 1074 non
312 1034 446 1074 obscure
474 1034 639 1072 testentur.

270 1115 360 1150 v111.
386 1109 677 1162 Qemadmodum
697 1120 807 1145 autem
832 1121 906 1145 vere
926 1122 1056 1146 crucem
1077 1113 1111 1146 in
1139 1111 1238 1147 coelis
1263 1108 1361 1146 visam
1386 1124 1404 1146 a
1425 1108 1643 1146 Constantino
1670 1107 1780 1157 fuisse,
1814 1121 1886 1146 non

169 1165 237 1203 fine
259 1163 380 1205 caussa,
406 1174 438 1198 vt
461 1165 601 1210 opinor,
628 1164 707 1198 mihi
734 1159 931 1211 persuadeo,
958 1165 999 1196 ita
1022 1176 1060 1198 ex
1083 1163 1180 1198 altera
1206 1173 1296 1210 parte
1319 1166 1371 1197 vix
1388 1177 1423 1198 ac
1446 1177 1488 1198 ne
1509 1164 1560 1196 vix
1577 1160 1708 1211 quidem
1724 1161 1888 1197 adsentior

170 1221 228 1262 iis,
261 1219 315 1266 qui
336 1229 394 1265 per
413 1213 575 1263 singulare
599 1213 792 1250 miraculum
816 1215 881 1248 hoc
904 1227 920 1247 a
942 1214 1015 1249 Deo
1038 1212 1163 1250 factum
1190 1217 1378 1263 opinantur.
1436 1216 1636 1262 Neutiquam
1661 1211 1754 1257 lane,
1795 1211 1886 1263 quod

172 1269 317 1305 dubitem
340 1267 380 1303 de
400 1265 507 1301 diuina
530 1267 698 1314 potentia,
724 1266 794 1313 quis
817 1267 904 1300 enim
930 1263 1043 1314 stupor
1065 1264 1140 1301 esset
1161 1265 1360 1308 existimare,
1391 1265 1521 1305 Deum,
1550 1267 1604 1314 qui
1626 1265 1757 1300 coelum
1777 1273 1886 1310 etster·

173 1335 262 1362 ram,
291 1321 344 1368 qui
366 1316 468 1354 solem
494 1329 524 1352 et
547 1315 648 1351 sidera
676 1314 840 1357 condidit,
876 1315 1050 1356 eumdem,
1083 1315 1108 1351 fi
1129 1317 1224 1359 velit,
1267 1329 1338 1352 non
1360 1313 1451 1366 poffe
1473 1318 1569 1351 etiam
1591 1328 1720 1352 crucem
1744 1314 1888 1352 lucidam

174 1380 301 1422 praeter
321 1367 488 1406 consuetas
512 1377 645 1402 naturae
668 1366 755 1415 leges
776 1365 975 1415 producere,
1011 1378 1108 1417 atque
1137 1371 1171 1403 in
1199 1368 1298 1403 coelis
1322 1369 1445 1417 tropaei
1475 1365 1572 1402 inssar
1591 1365 1793 1415 suspendere.
1845 1370 1889 1402 At

174 1421 307 1458 vicissim
333 1420 419 1468 leges
442 1429 572 1454 naturae
595 1427 681 1454 tanta
703 1419 783 1453 mihi
805 1415 956 1466 sapientia
976 1428 1008 1454 et
1031 1429 1097 1455 tam
1121 1417 1270 1455 consulto
1292 1416 1453 1455 asummo
1473 1419 1609 1453 numine
1629 1417 1762 1454 sancitae
1779 1416 1889 1454 viden·

173 1487 245 1515 tur,
273 1482 359 1508 tanta
384 1483 516 1520 quoque
540 1469 584 1504 est
609 1468 821 1505 cordatorum
839 1472 992 1505 omnium
1013 1470 1133 1507 iudicio
1152 1469 1225 1521 post
1249 1469 1420 1505 stabilitam
1442 1472 1607 1518 Vtriusque
1630 1468 1771 1506 foederis
1791 1469 1890 1506 eccle-

174 1525 252 1560 fiam
279 1522 512 1559 miraculorum
534 1534 603 1555 non
628 1518 880 1555 inficiandorum
904 1523 1032 1570 raritas,
1059 1533 1114 1565 vt,
1142 1525 1197 1571 qui
1219 1522 1455 1558 narrationibus
1475 1520 1733 1572 quibuscumque
1755 1520 1892 1557 incredi-

175 1576 289 1612 bilibus
311 1573 440 1609 diuinae
464 1571 567 1607 statim
590 1573 848 1619 omnipotentiae
868 1571 1092 1619 magnitudine
1115 1574 1231 1609 volunt
1254 1573 1355 1609 fidem
1374 1572 1510 1615 addere,
1536 1572 1592 1618 [if]
1616 1575 1652 1607 iis
1672 1570 1891 1609 occinendum

179 1627 218 1664 sit
236 1625 314 1662 illud
330 1625 498 1659 Ciceronis
518 1636 543 1657 2.
561 1621 600 1657 cle
616 1621 828 1668 diuinatione,
856 1622 946 1671 quod
964 1622 1117 1673 potuisset
1128 1625 1216 1660 Deus
1228 1623 1303 1660 illos
1321 1637 1465 1673 quoque,
1492 1625 1546 1672 qui
1562 1623 1645 1658 nihil
1658 1636 1728 1659 non
1744 1621 1890 1666 credunt,

177 1681 286 1714 minus
304 1671 535 1724 superstitiosos
551 1672 705 1715 reddere,
732 1672 757 1708 s1
774 1671 933 1711 voluisset.
986 1675 1083 1709 Nihil
1100 1675 1160 1721 est,
1188 1678 1355 1721 inquiunt,
1383 1676 1471 1721 quod
1484 1675 1576 1709 Deus
1599 1674 1712 1720 efficere
1732 1687 1797 1709 non
1814 1675 1892 1721 pos-

169 1730 227 1776 stt.
283 1728 421 1764 Vtinam
436 1726 599 1772 sapientes
622 1737 672 1758 eos
690 1724 847 1772 effmffct,
885 1737 923 1759 m
944 1728 1045 1760 onmia
1067 1739 1134 1762 cum
1148 1726 1372 1774 fitperstitiqsa
1388 1726 1607 1772 sollicitudine
1630 1732 1660 1761 et
1682 1726 1804 1774 miseria
1829 1737 1892 1761 cre-

177 1783 296 1819 derent,
349 1780 531 1819 Praeterea,
557 1774 581 1810 fi
603 1789 643 1811 ex
664 1776 860 1811 naturalibus
882 1775 1011 1822 caussis,
1037 1787 1069 1813 et
1092 1776 1146 1814 vsu
1169 1781 1249 1813 vitae
1273 1777 1313 1813 de
1338 1791 1372 1812 re
1392 1776 1498 1826 aliqua
1522 1776 1665 1821 constat,
1691 1789 1760 1813 non
1783 1779 1890 1814 minus

178 1843 303 1868 temere
325 1831 498 1865 recurritur
516 1826 555 1862 ad
575 1826 789 1868 miraculum,
816 1840 915 1875 quam
936 1830 1078 1877 imperiti
1100 1828 1269 1878 quondam
1288 1827 1505 1865 astronomiae
1519 1828 1651 1877 populi,
1678 1839 1709 1865 et
1727 1831 1893 1872 maiorum

180 1883 368 1919 nostrorum
385 1882 545 1915 memoria
561 1881 765 1920 Americani,
792 1877 922 1928 eclipses
939 1889 1107 1929 tamquam
1123 1879 1284 1929 prodigia,
1302 1882 1480 1917 aDeorum
1495 1878 1719 1928 indignatione
1732 1878 1892 1928 profecta,

181 1937 430 1971 exhorruerunt.
482 1932 594 1978 Qum
609 1932 707 1978 igitur
720 1932 860 1966 narratio
875 1929 915 1965 de
930 1944 1043 1973 cruce,
1068 1931 1318 1968 aConssantino
1346 1929 1426 1973 visa,
1444 1929 1643 1967 eiuscemodi
1672 1930 1731 1975 fit,
1765 1940 1800 1966 vt
1822 1945 1895 1969 non

179 1983 361 2022 admodum
380 1985 554 2017 conueniat
575 1982 642 2016 aliis
668 1980 842 2017 visionibus
866 1981 1002 2022 diuinis,
1026 1993 1057 2018 et
1077 1997 1136 2033 per
1150 1983 1344 2019 miraculum
1361 1981 1470 2018 factis:
1497 1981 1597 2018 saulo
1613 1985 1713 2022 enim,
1741 1994 1847 2031 quum
1860 1985 1895 2020 in

179 2036 334 2076 Paulum,
357 2032 562 2081 apostolum,
590 2042 621 2067 et
640 2046 693 2067 vas
711 2032 852 2069 eleoum
865 2033 1106 2071 conuertendus
1124 2033 1219 2077 effer,
1246 2048 1316 2070 non
1336 2033 1424 2071 nuda
1446 2046 1541 2076 crux,
1569 2032 1623 2069 sed
1650 2032 1796 2069 Christus
1817 2032 1894 2084 ipse,

180 2101 280 2137 quem
305 2083 515 2135 persequutus
538 2094 625 2126 erat,
657 2083 824 2132 adparuit,
859 2098 900 2120 ne
920 2084 960 2119 de
984 2087 1017 2121 S.
1042 2087 1210 2135 Stephano
1236 2097 1398 2135 repetam,
1437 2084 1526 2135 quod
1552 2087 1586 2120 in
1604 2084 1806 2133 praefatione
1828 2089 1896 2123 iam
1948 2090 1965 2094 “’

180 2140 262 2175 dixi:
304 2149 406 2186 quum
426 2148 528 2184 porro
553 2148 631 2170 crux
652 2134 704 2171 illa
727 2148 765 2170 ex
788 2138 1020 2184 phaenomeno
1046 2137 1182 2173 naturali
1210 2136 1390 2173 commode
1421 2151 1458 2173 ac
1482 2134 1648 2186 perspicue
1675 2135 1773 2185 possit
1797 2138 1896 2187 expli·
1954 2155 1970 2181 ,ζ

181 2193 262 2225 cari:
290 2201 392 2237 quum
417 2189 675 2237 phaenomenon
700 2186 780 2222 illud
805 2187 949 2222 naturale
970 2186 1008 2224 sit
1027 2188 1109 2225 adeo
1133 2201 1262 2228 rarum,
1284 2199 1316 2225 vt
1339 2189 1441 2237 longe
1465 2187 1608 2230 facilius,
1633 2201 1733 2237 quam
1756 2188 1897 2238 eclipses,
1931 2212 1957 2231 ·‹

181 2244 324 2292 potuerit
346 2242 380 2273 in
398 2238 648 2275 admirationem
670 2251 782 2287 rapere
805 2239 1081 2284 Constantinum,
1108 2240 1292 2290 militesque
1315 2238 1514 2291 spectantes,
1537 2251 1568 2277 et
1588 2238 1734 2277 miraculi
1757 2239 1898 2291 speciem

1020 2314 1024 2329 l
1834 2294 1896 2331 ilfi}

224 2342 265 2383 ii)
289 2339 472 2384 Ephemerid.
490 2338 576 2370 Paris.
594 2342 647 2372 An.
664 2340 877 2372 MDCLXXXI.
894 2351 960 2385 pag.
973 2352 1024 2377 ¹3¹·
1044 2342 1090 2373 ed.
1105 2341 1263 2374 Amstelod.
1512 2379 1517 2382 ,
