2013 2725
237 173 304 207 444
355 160 426 197 Lab.
439 158 508 196 JV.
522 171 545 193 c.
557 155 667 192 XIX.
721 156 885 194 GALENI
917 157 1030 194 unm
1063 158 1320 196 SVSPECTAE
1354 158 1548 199 omomts

341 266 394 301 94.
426 253 504 303 Περὶ
532 254 578 292 rr&
598 249 683 302 παρ’
702 249 918 302 Ἱπποκράτη
948 248 1120 300 nahmi-or.
1189 254 1243 288 De
1268 260 1384 289 comata
1403 254 1577 301 ficundum
1606 255 1832 302 Hippocratem
1861 255 1949 294 liber.

238 305 350 341 Exstat
370 318 418 354 gr.
440 315 470 340 et
489 306 541 341 lat.
558 307 590 340 in
613 305 685 340 edit.
704 305 864 340 Charterii
883 313 964 340 tom.
982 307 1050 341 Vll.
1074 318 1147 353 pag.
1166 317 1228 351 191.
1255 308 1287 340 in
1305 304 1439 354 septima
1454 307 1620 341 luntarum
1643 305 1727 342 clais.
1745 310 1798 343 111.
1820 306 1879 343 fol.
1894 315 1947 352 48.

240 358 362 393 Monet
383 357 525 392 Galenus
547 359 582 391 in
602 366 784 392 comment.
807 358 842 391 in
863 356 916 390 ΙΙΙ.
933 355 1072 405 epidem.
1095 358 1323 405 Hippocratis,
1355 355 1387 392 se
1415 358 1534 393 librum
1563 357 1605 393 de
1632 367 1760 394 comate
1785 358 1824 393 ad
1848 359 1950 408 expli·
2008 354 2009 357 ¹

241 408 380 443 eandam
405 410 616 456 Hippocratis
647 406 687 443 de
717 420 758 443 eo
784 405 977 443 sententiam
1007 405 1177 457 scripsisse,
1215 412 1270 456 qui
1296 407 1449 444 interiiffe
1477 407 1612 445 videtur.
1675 411 1722 445 lo.
1744 411 1833 444 enim
1855 412 1950 446 Caius

240 458 362 495 librum
381 460 517 500 Galeni,
544 472 643 508 quem
663 457 781 498 edidit,
808 457 849 494 de
869 471 998 494 comate
1017 473 1056 495 ex
1074 462 1166 494 variis
1183 462 1319 495 textibus
1336 461 1545 509 Hippocratis
1562 470 1592 496 et
1609 461 1724 497 Galeni
1740 459 1893 509 collegit,
1918 469 1952 498 vt

241 508 309 559 ipse
331 509 471 553 fatetur,
497 512 615 546 Riccus
639 523 719 546 vero
740 519 848 552 notat,
875 507 905 545 se
922 512 1009 545 hunc
1032 510 1151 546 librum
1170 514 1309 546 omnino
1330 508 1506 547 restituisse.
1558 512 1707 547 Restituit
1723 514 1819 547 etiam
1837 513 1953 547 Domi.

242 563 332 596 nicus
350 559 587 597 Montesaurus.
640 564 785 611 Operam
806 559 896 597 suam
922 575 1054 611 quoque
1069 565 1096 598 ei
1114 561 1272 612 impendit
1287 565 1368 601 Ren.
1387 565 1582 599 Charterius.
1611 584 1658 590 —
1687 562 1803 598 Codex
1817 574 1952 610 graecus·

242 613 287 648 est
308 615 342 649 in
364 612 509 649 biblioth.
532 613 690 653 Medii-ea,
716 611 849 648 Bandini
867 615 920 647 ΙΙΙ.
943 626 1016 662 pag.
1032 626 1081 659 50.
1104 633 1154 641 —
1180 613 1288 651 codd.
1313 615 1408 650 latini
1427 612 1500 650 sunt
1527 617 1559 650 in
1579 614 1726 651 biblioth.
1747 614 1837 664 publ.
1858 611 1953 649 Paris.

241 678 290 700 nr.
306 666 781 700 MMMMMMDCCCLXV.
808 686 860 693 —
887 664 997 700 Editio
1011 678 1125 713 graeca
1142 665 1186 701 est
1203 668 1250 702 Io.
1267 667 1355 702 Caii:
1381 667 1495 702 Galeni
1518 666 1588 701 libri
1606 666 1730 715 aliquot
1745 668 1864 715 partim
1880 667 1954 700 hac-

243 726 336 751 tenus
351 729 419 752 non
432 714 508 756 vifi,
532 718 650 764 partim
669 715 797 752 mendis
817 719 980 765 repurgati
999 727 1030 751 et
1050 717 1183 753 restituti
1200 731 1276 753 cum
1298 729 1443 755 annotat.
1460 720 1509 753 Io.
1528 720 1606 755 Caii.
1660 717 1775 753 Galeni
1793 716 1834 753 de
1851 718 1954 766 Hipp.

243 777 274 802 et
294 767 435 803 Platonis
458 767 613 810 decretis,
651 766 691 803 de
713 776 842 803 comate
867 765 1046 804 secundum
1069 770 1324 817 Hippocratem:
1351 769 1391 804 de
1413 769 1626 805 succedaneis.
1677 771 1889 819 Hippocratis
1912 768 1960 803 de

241 820 433 866 pharmacis.
459 817 551 854 Bam.
580 830 664 862 1544.
687 831 718 862 4.
749 838 802 846 --
833 822 869 854 In
889 819 1025 855 latinam
1049 820 1195 868 linguam
1220 821 1408 857 transtulere
1431 824 1520 856 hune
1544 821 1662 856 librum
1687 821 1760 855 Nic.
1778 821 1955 868 Rheginus.

242 871 319 904 Eius
342 869 527 905 verfionem
549 872 689 904 correxit
710 871 845 906 Ricciur.
899 871 1013 906 Versio
1033 884 1165 919 quoque
1186 872 1286 908 exstat
1310 874 1383 909 Nic.
1403 874 1577 907 Lconicem'.
1629 873 1816 908 Charterius
1838 871 1955 907 melio-

242 933 314 956 rem
337 931 431 969 atque
454 922 688 957 corredliorem
707 919 892 956 verfionem
908 921 1045 956 latinam
1066 921 1176 958 edidit.

1199 1004 1405 1024 ’’’’

241 1058 326 1091 tione
349 1059 381 1090 in
409 1059 526 1091 morbis
548 1059 649 1090 acutis
675 1069 714 1090 ex
741 1058 949 1103 Hippocratis
963 1059 1136 1104 fintenlia.
1200 1058 1310 1094 Exstat
1328 1072 1442 1106 graece
1470 1070 1500 1094 et
1525 1062 1620 1094 latine
1646 1062 1680 1094 in
1701 1058 1776 1093 edit.
1798 1058 1956 1093 Charterii

244 1116 328 1142 tom.
343 1108 398 1143 XI.
418 1120 493 1156 pag.
509 1114 578 1151 184.
631 1109 743 1142 Latine
767 1110 802 1143 in
824 1106 958 1155 septima
981 1112 1148 1145 luntarum
1173 1108 1259 1145 class.
1276 1112 1347 1146 VH.
1369 1108 1431 1147 fol.
1449 1122 1508 1155 153.
1561 1112 1771 1147 Mentionem
1792 1108 1863 1144 talis
1882 1108 1958 1144 libri

243 1156 322 1193 fecit
347 1159 487 1193 Galenus
510 1161 543 1193 in
564 1171 633 1206 cap.
648 1170 668 1202 4
683 1169 713 1194 et
730 1162 762 1196 6.
790 1158 830 1195 de
852 1159 938 1194 libris
960 1163 1118 1208 propriis:
1144 1158 1197 1196 sed
1218 1174 1297 1196 num
1320 1164 1343 1196 is
1364 1161 1479 1197 Galeni
1502 1160 1558 1208 sit,
1583 1164 1792 1197 vehementer
1813 1160 1959 1195 dubitan-

247 1209 327 1244 dum
346 1209 408 1245 est:
436 1209 588 1245 accedere
603 1213 692 1245 enim
713 1209 843 1245 videtur
864 1209 903 1245 ad
921 1211 1191 1248 methodicorurn
1207 1213 1412 1256 doctrinam,
1440 1216 1490 1248 cui
1508 1213 1651 1249 Galenus
1667 1215 1805 1248 minime
1819 1209 1960 1246 fauebat.

245 1263 477 1309 Interpretatus
501 1261 545 1296 est
568 1262 658 1296 hunc
678 1261 800 1297 librum
823 1262 1017 1310 Augustinus
1034 1263 1250 1306 Gadaldinus,
1278 1264 1376 1299 tribus
1400 1262 1496 1300 codd.
1518 1266 1614 1300 MSS.
1639 1267 1762 1312 graecis
1783 1260 1874 1304 vsus,
1904 1259 1961 1296 sed

246 1315 371 1348 mancis
398 1323 428 1347 et
452 1312 641 1347 lacunarum
665 1314 779 1360 plenis.
833 1315 920 1348 Hinc
943 1316 967 1347 is
990 1327 1072 1363 quae
1095 1313 1288 1350 deficiebant
1313 1313 1480 1364 suppleuit.
1540 1314 1650 1350 Edidit
1670 1314 1778 1362 postea
1799 1315 1844 1349 Io.
1861 1314 1959 1348 Caius

246 1362 432 1397 versionem
459 1363 653 1411 pleniorem.
714 1365 904 1399 Charterius
936 1378 974 1400 ex
1001 1374 1133 1413 vtraque
1157 1369 1215 1402 hac
1235 1365 1381 1402 vernone
1407 1376 1533 1401 textum
1555 1378 1712 1414 graecum
1735 1362 1800 1414 ipse
1819 1361 1961 1399 confecit

246 1413 421 1461 ediditque.
474 1413 603 1454 Postea,
631 1427 734 1462 quum
756 1418 937 1463 genuinum
957 1416 1106 1451 codicem
1123 1419 1295 1453 Charterio
1317 1415 1480 1453 obtulisset
1494 1418 1574 1452 Ren.
1591 1418 1748 1457 Moreau,
1772 1418 1797 1451 is
1814 1428 1890 1452 eum
1907 1426 1962 1450 co-

246 1464 354 1501 dicem
371 1467 448 1509 tyn'
469 1496 478 1510 ‚
505 1475 538 1499 vt
560 1467 621 1506 ait,
650 1478 748 1513 qnam
769 1466 938 1502 celerrime
958 1467 1135 1504 mandauit.
1190 1471 1226 1503 ln
1246 1469 1319 1505 bibl.
1336 1471 1378 1505 D.
1394 1469 1499 1503 Marci
1521 1469 1648 1504 Veneta
1663 1466 1738 1503 cod.
1756 1467 1959 1502 CCLXXXI.

246 1529 296 1564 gr.
326 1520 357 1550 in
386 1517 504 1550 librum
534 1518 744 1565 Hippocratis
773 1517 812 1553 de
836 1521 960 1553 ratione
984 1521 1083 1554 vietus
1115 1529 1288 1555 acutorum
1317 1521 1532 1554 morborum:
1581 1518 1655 1555 cod.
1677 1519 1904 1555 CCLXXVHI
1929 1525 1963 1553 et

247 1569 454 1603 CCLXXXH
470 1577 500 1602 et
517 1569 734 1603 CCLXXXV.
760 1582 808 1616 gr.
830 1572 863 1604 in
885 1570 1004 1605 librum
1019 1571 1228 1619 Hippocratis
1251 1570 1291 1606 de
1311 1574 1436 1607 ratione
1455 1572 1558 1607 vietus
1577 1568 1720 1605 salubris.

350 1656 405 1698 96.
432 1652 510 1701 Περὶ
533 1653 594 1695 τῆς
617 1653 681 1690 τῶν
706 1650 940 1704 καθαιρόντων
965 1651 1164 1704 φαρμάκων
1185 1651 1365 1704 δυνάμεως.
1424 1656 1477 1690 De
1493 1656 1710 1702 purgantium
1729 1655 1963 1689 medicamenta·
2011 1659 2013 1680 ἒ

247 1716 319 1740 rum
333 1704 503 1751 facultate.
558 1703 666 1738 Exstat
684 1707 715 1738 in
732 1705 849 1739 Aldina
868 1716 945 1753 part.
964 1709 999 1740 11.
1016 1706 1074 1741 tol.
1093 1720 1155 1741 101.
1184 1709 1216 1741 in
1238 1720 1354 1754 graeca
1372 1705 1463 1740 Bafil.
1485 1717 1565 1755 part.
1582 1709 1619 1741 ΙΙ.
1640 1719 1716 1754 pag.
1735 1712 1809 1749 484.
1837 1708 1871 1740 in
1886 1703 1961 1740 edit.
2010 1709 2012 1716 ⁴

249 1756 409 1790 charterii
430 1765 510 1790 tom.
526 1756 564 1790 X.
590 1768 664 1802 pag.
679 1759 753 1798 462.
782 1758 816 1790 in
836 1754 971 1805 septima
995 1758 1163 1792 luntarum
1186 1756 1272 1792 claff.
1289 1761 1327 1792 V.
1351 1754 1408 1791 fol.
1429 1760 1482 1797 86.
1541 1759 1622 1792 Non
1642 1760 1796 1792 meminit
1819 1757 1961 1791 Galenus
2008 1771 2013 1800 :¹

247 1808 345 1842 huius
367 1807 438 1842 libri
465 1808 498 1841 in
519 1808 592 1841 artis
615 1806 704 1841 med.
726 1819 795 1854 cap.
812 1819 860 1851 37.
886 1818 917 1842 et
938 1807 977 1842 de
997 1808 1084 1843 libris
1111 1810 1270 1856 propriis,
1297 1821 1412 1856 resque
1431 1811 1473 1842 ita
1487 1810 1521 1842 in
1543 1821 1584 1843 eo
1604 1806 1736 1842 traditae
1757 1805 1845 1848 sunt,
1870 1819 1961 1856 prae·
2008 1818 2013 1844 ἡ

247 1856 358 1893 sertim
376 1871 443 1904 cap.
463 1860 495 1892 6.
520 1867 552 1891 vt
569 1871 645 1892 eum
662 1870 743 1905 opus
758 1858 937 1893 Galenistae
952 1858 1118 1893 cuiusdam
1140 1863 1246 1906 potius
1267 1857 1327 1894 effe
1345 1870 1474 1906 putem,
1499 1873 1597 1908 quam
1615 1858 1742 1895 Galerii.
1767 1879 1819 1885 —-
1846 1857 1962 1893 Codex
2006 1872 2013 1893 ¹:

245 1922 382 1956 graecus
405 1909 473 1943 libri
497 1907 538 1943 de
559 1918 708 1956 purgant.
731 1909 1002 1944 medicamentor.
1019 1909 1128 1945 facult.
1143 1910 1187 1945 est
1204 1913 1238 1944 in
1254 1911 1328 1945 bibl.
1342 1910 1432 1958 publ.
1452 1911 1558 1957 Paris:
1574 1923 1622 1945 nr.
1639 1910 1849 1945 MMCLXV.
1874 1919 1906 1944 et
1926 1911 1961 1944 in
2010 1911 2013 1930 ⁴

249 1961 328 1994 bibl.
351 1962 506 2002 ldeIrea,
532 1959 668 1994 Bandini
686 1962 738 1996 ΙΙΙ.
763 1973 834 2008 pag.
853 1973 916 1995 122.
942 1982 994 1988 --
1021 1960 1146 1996 Prodiit
1161 1973 1275 2008 graece
1299 1959 1488 2006 Parifi1557.
1505 1968 1537 2001 8.
1564 1981 1614 1988 —-
1640 1961 1763 1996 LatIne
1783 1962 1878 1996 vertit
1901 1960 1963 1995 Pe·
2004 1954 2013 1988 ¹,

248 2019 322 2045 trus
340 2012 548 2046 Lombwdus.
602 2013 679 2045 Eius
701 2009 829 2053 versio,
856 2011 896 2046 de
919 2011 1073 2059 qualitate
1096 2015 1297 2059 purgationis
1322 2012 1453 2047 titulum
1478 2014 1616 2058 habens,
1650 2011 1774 2059 prodiit
1796 2025 1871 2047 cum
1894 2014 1961 2047 eius
2011 2023 2013 2039 ἐ

247 2060 381 2111 synopsi
405 2062 444 2097 de
463 2061 584 2096 balneis
607 2063 790 2098 Puteolanis
814 2066 846 2098 in
869 2061 1005 2098 thesaur.
1034 2063 1101 2098 ltal.
1120 2066 1268 2106 Graeuii,
1296 2074 1376 2099 tom.
1395 2066 1445 2098 IX.
1468 2076 1546 2111 part.
1566 2065 1619 2099 IV.
1643 2082 1695 2089 -—
1720 2063 1844 2097 Prodiit
1862 2065 1960 2098 etiam
2000 2075 2013 2102 ᾔ

248 2114 346 2150 latine
366 2111 458 2148 Paris.
478 2120 560 2158 1528.
579 2119 609 2152 8.
637 2133 682 2139 ——
710 2113 836 2148 Prodiit
851 2116 943 2149 latine
958 2127 1033 2148 cum
1050 2114 1162 2149 libello
1180 2114 1224 2150 de.
1241 2117 1305 2155 his,
1329 2128 1412 2163 quos
1429 2127 1568 2163 purgare
1584 2124 1746 2161 oporteat,
1760 2114 1876 2162 quibus
1892 2127 1962 2148 me·
2011 2141 2013 2146 .

249 2165 460 2206 dicamentis,
488 2175 519 2199 et
543 2177 611 2212 quo
634 2175 802 2212 tempore,
828 2168 1000 2215 interprete
1021 2168 1068 2202 Io.
1082 2167 1206 2202 Polito.
1234 2163 1327 2201 Paris.
1350 2178 1433 2211 1544.
1459 2181 1489 2211 4.
1512 2165 1755 2209 Bafil.1544.4.
1779 2185 1831 2191 —-
1857 2167 1962 2200 Vertit

249 2221 347 2253 etiam
371 2217 478 2252 Iulsm
492 2217 680 2250 Martianus
695 2217 791 2253 Rota.

356 2315 408 2347 97.
438 2300 515 2350 Περὶ
541 2298 717 2348 &noel-soor
733 2300 868 2345 βιβλία
885 2299 933 2343 ss'.
984 2304 1039 2338 De
1057 2302 1197 2337 remediis
1207 2301 1405 2346 parabilibus
1420 2301 1493 2335 libri
1506 2300 1581 2335 dno.
1633 2302 1670 2335 ῐιι
1688 2298 1803 2334 Aldina
1818 2299 1962 2336 editione

250 2354 346 2389 exsiat
370 2353 448 2387 libet·
469 2355 593 2401 primus
618 2363 764 2390 tantum,
793 2365 824 2387 et
841 2353 974 2401 quidem
996 2356 1087 2388 initio
1105 2353 1256 2394 mutilus,
1283 2365 1381 2399 quem
1397 2353 1582 2386 Charteiius
1598 2365 1636 2385 ex
1664 2353 1758 2386 MSS.
1775 2353 1847 2385 bibl.
1865 2348 1959 2388 Parii:

250 2406 383 2440 xel'tituit
402 2415 483 2452 part.
501 2406 541 2440 ll.
562 2400 624 2438 fol.
639 2415 687 2449 95.
712 2405 745 2438 in
762 2416 879 2452 graeca
898 2403 986 2440 Basil.
1002 2407 1123 2452 pariter
1138 2405 1219 2440 liber
1236 2406 1260 2440 1.
1277 2405 1374 2439 initio
1390 2403 1522 2438 mutilus
1539 2412 1620 2451 part.
1635 2404 1673 2436 11.
1687 2415 1762 2451 pag.
1779 2415 1848 2447 42²·
1882 2403 1962 2438 liber

1822 2463 1960 2502 vterque
