2013 2725
271 155 330 196 ⁶32
353 151 424 186 Lei..
437 147 504 185 JV.
519 160 543 183 c.
554 146 726 183 XXVII.
753 145 1019 183 Nicomacui
1045 146 1264 183 GERASENI
1287 147 1457 184 1NsT1T.
1480 148 1641 187 Amris.
1726 152 1849 182 νῆ’-ιν.
1871 164 1897 190 ι»-
1913 158 1984 191 m

377 245 430 288 ιο)
457 243 677 278 Nicomachus
701 239 936 292 γραμματεὺς
959 241 1073 289 legum
1097 242 1247 280 Solonis,
1278 255 1362 289 quae
1383 240 1609 281 describendae
1628 247 1656 281 ei
1681 244 1813 284 fuerunt
1834 247 2001 286 commis-⁷

271 295 341 339 sae,
368 306 557 343 corruptor,
585 304 698 329 contra
721 307 819 343 quem
847 292 944 328 exstat
968 294 1075 343 Lyfiae
1096 298 1201 329 oratio
1218 294 1332 328 XXIX.

373 364 418 406 n)
446 362 687 402 Nicomachus,
729 363 784 409 qui
814 362 848 395 in
875 362 1140 396 coniurationem
1171 358 1320 396 aduersus
1350 360 1574 398 Alexandrum
1608 361 1790 400 consentire
1818 364 1988 403 recusauit.

272 414 439 452 Plutarlt.
460 414 551 448 Alex.
569 425 641 461 pag.
660 414 735 457 692.
772 411 908 447 Curtius
923 414 978 446 vi.
998 425 1027 457 7.
1061 412 1231 446 Diodorus
1248 414 1306 447 Sic.
1326 413 1428 448 XVII.
1448 427 1523 462 pag.
1537 419 1614 458 604.

375 483 423 526 12)
440 480 672 522 Nicomachus,
688 479 850 514 Zenobiae
862 481 1001 527 reginae,
1018 479 1056 513 ab
1071 478 1224 528 epistolis,
1239 478 1279 514 de
1298 491 1363 527 quo
1377 478 1537 528 Vopiscus
1547 483 1581 516 in
1591 482 1768 518 Aureliano
1781 493 1912 532 (τεμεῖ.
1928 483 1985 531 [P]

377 551 422 593 13)
446 549 581 583 Senator
601 543 789 582 Consularis
811 559 978 587 romanus,
1001 547 1139 582 Maenas
1156 546 1325 583 Falconius
1341 547 1584 592 Nicomachus,
1609 551 1699 585 cuius
1721 549 1809 587 idem
1825 546 1986 598 Vopiscus

273 604 308 637 in
321 601 444 636 Tacito
466 602 546 649 imp.
569 601 774 634 mentionem
796 596 873 633 facit
892 611 963 647 cap.
982 610 1008 641 5.

376 669 428 711 ¹4)
454 668 608 701 Aruntius
632 666 872 705 Nicomachus,
908 666 1031 700 archon
1054 667 1176 713 primus
1199 662 1377 701 secundum
1400 664 1487 714 apud
1507 662 1855 712 Temenothyrenses‚
1879 668 1914 704 in
1934 679 1986 703 ve·

273 721 329 755 teri
351 721 548 754 numismate
567 716 653 766 apud
669 717 784 752 Ezech.
802 716 1019 769 Spanlzemium
1040 726 1120 753 tom.
1134 717 1158 752 1.
1173 729 1248 766 pag.
1265 725 1335 763 258.
1358 717 1399 754 de
1417 720 1455 752 V.
1474 727 1505 753 et
1520 719 1553 753 P.
1570 721 1726 754 numism.

372 814 429 846 111.
457 814 499 845 Vt
523 809 562 844 ad
584 810 827 844 Nicomachum
849 806 1046 845 Gerasenum
1069 820 1288 849 reuertamur,
1315 811 1436 846 exstant
1451 814 1518 846 eius
1542 809 1939 850 ’ΛΡῙΘΜΗΤΙΚῙ-ΓΣ
1956 808 1987 856 ι)

272 862 508 901 ΕΓΣΑΓΩΓ
517 862 614 904 Ι-ΓΣ,
648 860 874 895 Arithmetices
896 859 1130 904 institutionum
1154 860 1219 895 fine
1239 862 1485 896 introdufflonis
1508 864 1540 895 in
1563 874 1766 896 numerorum
1789 863 1986 908 difltiplinam

273 917 347 950 libri
367 917 413 948 ll.
441 925 521 961 quos
547 924 661 960 graece
683 911 810 946 excudit
834 909 1034 945 Christianus
1051 911 1248 949 W‘echelus,
1281 909 1377 947 Paris.
1401 919 1485 954 ¹538·
1511 924 1541 954 4.
1593 913 1706 947 Latine
1735 913 1817 949 olim
1847 921 2000 948 verterat*

273 966 451 1012 Apuleius,
477 966 566 998 cuius
583 961 688 997 verfio
705 960 882 996 intercidit:
907 971 939 996 et
956 962 1122 1000 Boethius,
1144 974 1242 1010 quem
1257 961 1368 998 laudat
1382 963 1579 1008 Cafflodorus
1594 961 1648 997 lib.
1668 964 1690 997 Ι.
1707 966 1820 1001 variar.
1835 963 1921 1012 epist.
1936 975 1987 1010 45.

272 1017 470 1063 Exstantque
490 1013 595 1049 adhuc
622 1013 695 1048 libri
723 1012 790 1048 duo
815 1013 1042 1047 Arithmetices
1065 1014 1210 1052 Boethii,
1251 1027 1332 1062 quae
1361 1027 1422 1062 pro
1447 1014 1599 1048 liberiore
1624 1012 1771 1050 verfione
1792 1016 1988 1051 Nicomachi

273 1069 382 1104 haberi
404 1064 552 1116 poliunt,
579 1077 676 1114 quem
697 1067 927 1100 nominetenus
949 1062 1060 1099 laudat
1079 1077 1152 1113 pag.
1171 1075 1241 1107 1323
1256 1075 1288 1100 et
1302 1075 1380 1109 1341.
1406 1077 1609 1114 quamquam
1633 1077 1703 1100 non
1721 1067 1807 1101 hanc
1830 1063 1987 1119 isagogen

273 1118 380 1156 solum
403 1117 456 1154 sed
472 1128 503 1153 et
518 1116 667 1156 alterurn,
692 1118 796 1151 maius
817 1117 1014 1151 Nicomachi
1040 1129 1123 1164 opus
1146 1117 1418 1160 Arithmeticum,
1445 1115 1534 1164 quod
1557 1126 1748 1166 temporum
1771 1119 1887 1152 iniuria
1900 1119 1988 1158 ami-

273 1171 388 1210 fimus,
415 1168 510 1205 simul
537 1164 730 1204 consuluisse
753 1177 783 1202 et
805 1170 839 1201 in
863 1165 1100 1214 compendium
1124 1164 1240 1201 mififfe
1265 1166 1402 1203 videtur.
1454 1168 1524 1207 Ea,
1551 1169 1654 1216 inquit
1675 1171 1707 1203 in
1728 1166 1829 1216 praef.
1852 1180 1929 1216 quae
1949 1169 2010 1203 de*

273 1225 411 1258 numeris
434 1235 452 1255 a
476 1221 664 1255 Nicomacho
686 1218 828 1267 diffusius
850 1218 1016 1264 disputata
1027 1219 1131 1265 ficut,
1171 1220 1333 1257 moderata
1357 1220 1512 1254 breuitate
1533 1220 1651 1267 collegi.
1723 1220 1768 1254 Et
1787 1232 1864 1268 quae
1881 1226 2006 1255 nans»

273 1275 362 1322 cmssx
386 1273 521 1308 velocius
540 1270 754 1318 angustiorem
778 1271 1003 1317 intelligentiae
1019 1269 1224 1317 praestabant
1249 1272 1387 1309 aditum,
1411 1271 1559 1304 mediocri
1576 1269 1746 1305 adiefflone
1767 1270 1924 1317 reseranti,
1951 1275 1986 1305 vt

273 1325 441 1374 aliquando
459 1325 501 1358 ad
515 1324 701 1358 euidentiam
725 1333 831 1356 rerum
853 1320 967 1366 nostris
989 1323 1080 1355 etiam
1092 1321 1251 1367 formulis
1271 1334 1305 1356 at:
1325 1321 1586 1368 defiriptionibus
1607 1329 1779 1356 uteremur.

377 1400 494 1447 [codd.
513 1407 642 1434 mmor.
662 1399 815 1433 notitiam
836 1394 974 1432 inserere
999 1398 1104 1431 iuuat:
1130 1395 1292 1445 plurimos
1313 1400 1377 1432 iam
1399 1395 1513 1446 passim
1531 1409 1570 1431 ex
1585 1395 1817 1433 Montfaucon.
1835 1395 1986 1434 Biblioth.

275 1455 372 1492 MSS.
393 1450 801 1489 indicauitHeilhronner;
828 1461 911 1497 quos
933 1450 986 1483 hic
1009 1447 1174 1488 laudauit,
1203 1450 1240 1483 iis
1265 1446 1401 1497 adposui
1423 1451 1588 1496 paginam.

377 1520 575 1564 Noribergae
597 1520 631 1552 in
655 1515 731 1551 bibl.
753 1516 840 1565 publ.
864 1515 908 1550 est
927 1516 1091 1551 arithmet.
1109 1514 1238 1551 institut.
1262 1513 1332 1550 cod.
1353 1513 1432 1551 saec.
1449 1515 1521 1550 XV.
1544 1515 1734 1550 chartac.'in
1750 1527 1782 1559 4.
1810 1513 1874 1550 vid.
1887 1516 1990 1550 Man·

274 1574 360 1608 nerti
378 1568 608 1609 Miscellanea,
634 1581 706 1617 pag.
724 1581 792 1611 104.
825 1568 929 1602 Murr
946 1568 1149 1602 memorabil.
1171 1566 1246 1601 bibl.
1266 1566 1352 1615 publ.
1365 1563 1633 1614 Norimbergens.
1654 1575 1737 1615 part.
1756 1568 1779 1602 Ι.
1802 1579 1875 1615 pag.
1892 1577 1938 1611 52.

373 1640 493 1674 Romae
517 1640 551 1671 in
571 1635 648 1672 bibl.
670 1637 772 1670 Vatic.
813 1635 890 1671 Nic.
913 1637 1073 1669 arithmet.
1096 1635 1141 1668 bis
1175 1634 1320 1680 (Heillsr.
1345 1646 1418 1682 pag.
1439 1644 1506 1679 539.
1529 1633 1562 1680 §.
1576 1645 1603 1676 3.
1627 1646 1675 1668 nr.
1694 1646 1732 1678 27
1745 1643 1776 1669 et
1791 1634 1848 1678 3¹-)
1879 1630 1986 1668 rursus
2012 1664 2013 1671 ,

275 1693 364 1739 (pag.
379 1701 444 1736 545.
470 1689 502 1735 §
516 1700 562 1733 19·
587 1700 635 1722 nr.
654 1699 680 1721 2.
703 1696 734 1721 et
752 1686 781 1732 ᾗ.
800 1698 849 1721 22.
873 1688 1032 1730 anonymi
1055 1686 1281 1730 arithmetica.)
1308 1705 1358 1711 -
1386 1689 1416 1718 in
1440 1683 1513 1720 bibl.
1530 1683 1840 1720 ArchiuiiBafilicae
1855 1687 1887 1721 S,
1904 1686 1988 1720 Petri

275 1755 349 1791 pag.
366 1753 434 1786 547.
458 1746 488 1785 §.
508 1752 552 1782 31,
572 1751 598 1784 5.
627 1739 839 1774 Arithmetica
864 1737 1060 1784 Algorismi‚
1087 1734 1165 1771 saec.
1182 1737 1251 1770 XV.
1274 1749 1324 1772 nr.
1341 1746 1386 1779 ¹7·
1415 1737 1546 1778 (iterum
1571 1737 1601 1783 ᾗ.
1617 1747 1668 1778 34.
1685 1737 1725 1781 1.)
1763 1737 1870 1770 Boe‘tii
1890 1730 1999 1771 arith}

274 1795 402 1829 metica.
429 1803 476 1827 nr.
494 1802 541 1827 22.
561 1801 622 1826 tres
642 1788 737 1824 codd.
754 1788 795 1824 de
812 1789 971 1824 arithmet.
991 1798 1021 1823 et
1039 1787 1240 1823 astronomia
1255 1801 1303 1822 nr.
1321 1799 1368 1830 23,
1398 1787 1581 1821 Nicomachi
1597 1789 1630 1821 in
1648 1788 1778 1822 arithm.
1796 1784 1939 1834 isagoge.
1982 1794 1994 1798 ”

376 1858 556 1894 Florentiae
572 1859 605 1891 in
621 1856 768 1892 biblioth.
786 1857 935 1894 medicea,
961 1853 1036 1889 cod.
1052 1852 1139 1889 haud
1156 1852 1346 1889 emendatus
1364 1854 1494 1888 XXXV.
1514 1852 1596 1901 plut.
1612 1861 1663 1895 28.
1684 1851 1803 1889 introd.
1827 1854 1990 1892 arithmet.

274 1912 329 1947 lib.
347 1914 385 1946 11.
412 1923 488 1944 cum
511 1911 645 1957 antiquis
668 1905 796 1943 scholiis
819 1905 989 1954 marginal.
1018 1905 1177 1950 (Bandin.
1195 1905 1286 1941 catal.
1305 1903 1401 1939 codd.
1419 1916 1466 1952 gr.
1483 1906 1519 1939 Π.
1536 1904 1598 1939 col.
1614 1907 1680 1949 62.)
1705 1925 1755 1930 —-
1782 1902 1856 1939 cod.
1872 1905 2000 1945 xxm,

276 1963 356 2012 plur.
374 1969 422 2007 58.
448 1961 609 1995 arithmet.
634 1957 754 1994 introd.
777 1971 852 1993 cum
871 1960 1113 1992 commentario
1133 1956 1271 2004 Asclepii
1292 1955 1456 1990 Tralliani
1478 1955 1601 1991 inedito
1624 1966 1653 1990 et
1675 1953 1988 2003 glossis‘inte‘rlinea-

277 2016 375 2049 ribus.
402 2013 556 2056 (Bandin.
575 2011 595 2047 l.
612 2024 638 2046 c.
653 2010 716 2045 col.
734 2010 822 2055 473.)
847 2030 900 2037 -—-
926 2011 1052 2044 Citatur
1068 2010 1100 2043 in
1117 2009 1191 2044 cod.
1208 2009 1319 2043 violat.
1338 2005 1486 2053 compos.
1513 2006 1588 2042 ibid.
1604 2017 1685 2042 tom.
1703 2008 1724 2042 1.
1747 2019 1820 2055 pag.
1838 2019 1910 2052 549.
1937 2022 1988 2034 -·

278 2067 316 2101 Ιιι
331 2063 406 2100 bibl.
419 2063 447 2098 b.
464 2064 592 2097 Mariae
608 2064 749 2097 Arithm.
764 2059 838 2096 cod.
855 2060 1010 2103 bombyc.
1030 2056 1108 2094 saec.
1125 2061 1210 2095 XlV.
1238 2059 1313 2094 teste
1328 2060 1511 2105 Montfouc.
1535 2061 1568 2093 in
1584 2057 1685 2094 diario
1706 2058 1817 2092 italico
1840 2071 1872 2106 p.
1885 2060 1963 2103 369.

380 2131 543 2166 Bononiae
568 2130 601 2165 in
625 2129 700 2164 bibl.
723 2129 870 2164 canonic.
889 2127 1092 2175 regularium
1105 2127 1267 2162 arithmet.
1286 2127 1332 2174 (p.
1349 2137 1413 2171 559.
1431 2125 1461 2172 §.
1477 2126 1543 2170 62.)
1561 2126 1625 2166 bis,
1651 2125 1784 2159 audiere
1799 2124 1986 2170 Montfaim

277 2183 300 2219 l.
323 2197 348 2219 c.
372 2194 446 2232 pag·
463 2183 536 2225 369·
1840 2226 1985 2262 Venetia·

323 2321 352 2356 k)
374 2317 529 2354 Εἰσαγωγῆν
545 2317 662 2347 videtur
677 2315 822 2358 adpellare
838 2316 1037 2346 Nicomachus
1051 2314 1111 2357 ipse
1155 2317 1286 2346 comacbi
1309 2324 1399 2355 opem
1421 2321 1562 2344 memorat
1577 2313 1824 2352 Theologumena
1839 2316 1983 2346 Arithme.

280 2375 343 2406 pag,
366 2373 412 2398 30.
432 2371 474 2397 33.
492 2371 542 2397 44.
559 2365 603 2391 62.
621 2364 664 2394 64.
682 2363 731 2397 67.
768 2358 877 2389 Photio
900 2369 1019 2399 quoque
1041 2358 1111 2386 εἰσα-
1155 2362 1235 2394 tice⁸‚
1257 2359 1465 2390 Arithmeticen
1483 2357 1662 2394 vberiorem,
1684 2364 1714 2387 et
1725 2357 1982 2398 introductionem,

281 2405 354 2445 γωγῆ
370 2406 476 2437 dicitur
490 2404 553 2435 cod.
571 2404 767 2434 CLXXXVII.
790 2402 841 2433 vbi.
856 2403 910 2432 tria
926 2401 1038 2433 diuersa
1056 2404 1110 2433 Ni—
1966 2405 1970 2408 ·
