2013 2725
208 133 231 158 z
327 120 399 156 Lib.
414 119 478 157 IV
488 133 511 157 t.
525 119 566 158 V
567 120 636 155 III.
867 117 949 156 IOS.
981 119 1126 157 FLAvn
1159 121 1273 157 VITA

207 213 353 249 instituto
366 242 374 255 ,
400 225 525 263 praeter
538 213 738 249 docilitatem
757 215 878 262 ingenii
895 215 992 251 altior
1010 215 1155 259 indoles,
1179 218 1351 265 maiorque
1376 215 1487 251 iudicii
1505 225 1539 252 et
1555 220 1736 254 memoriae
1751 221 1830 261 vis,⁶
1840 220 1935 256 nobi·

208 265 291 300 lium
310 268 454 300 virorum
471 265 580 300 laudes
596 276 625 299 et
641 265 893 302 admirationem
907 267 966 315 ipsi
981 269 1169 304 conciliaus.
1225 271 1269 302 Vt
1293 270 1377 303 inter
1400 279 1461 303 tres
1485 268 1680 304 ludaeorum
1693 296 1705 310 .,
1731 280 1807 305 tunc
1827 270 1866 306 de
1883 284 1935 306 re·

207 316 330 364 ligione
349 314 650 365 philosophantium
663 346 673 359 ,
700 315 797 353 sectas
815 321 977 365 optimam
991 317 1095 369 posset
1113 317 1219 368 sequi,
1245 318 1406 355 sexdecim
1424 334 1588 355 annorum
1607 319 1803 363 adolescens,
1831 324 1935 358 cuius-

206 371 251 403 vis
278 368 440 404 doetrinas
464 379 493 403 et
515 380 684 417 praecepta
707 367 841 405 noscere
863 367 974 406 sedulo
995 370 1134 418 studuit3
1157 373 1227 408 imo
1247 370 1288 406 ad
1311 373 1437 407 Eanum
1455 370 1687 421 ⁶¹)“quemdam
1712 376 1880 409 eremitam
1903 372 1937 409 se

205 419 365 461 contulit,
390 422 478 454 cuius
494 434 530 455 ea
546 418 608 455 fuit
624 423 656 456 in
675 421 761 456 cultu
774 449 784 464 ‚
812 424 993 471 virtweque
1010 421 1214 472 firnplicitaS,
1239 433 1274 458 vt
1297 437 1337 458 ex
1361 424 1515 459 arborum
1541 423 1631 459 foliis
1647 424 1745 460 vestes
1763 424 1820 460 fibi
1846 438 1937 474 para-

205 480 269 510 ret,
291 485 350 506 nec
367 471 424 506 nili
443 471 606 507 alimentis
623 471 738 520 sponte
756 475 1041 520 proueiiientibus,
1068 475 1250 524 crebrisque
1265 477 1365 511 nodia
1383 486 1414 511 et
1428 475 1568 511 interdiu
1592 476 1728 511 lauacris
1752 474 1876 525 frigidis
1900 479 1936 512 iu

205 524 288 557 vitae
304 520 554 558 sancflimoniam
571 535 731 565 vteretur,
758 522 886 560 futurus
908 536 997 561 certo
1013 527 1093 561 alius
1109 540 1216 562 nouae
1238 524 1341 562 sectae
1364 528 1478 562 autstor
1492 555 1501 570 ,
1524 526 1583 562 nist
1608 528 1703 574 plane
1726 527 1882 578 singulari
1905 536 1938 564 et

208 573 375 622 paradoxa
394 574 524 610 viuendi
539 578 665 611 ratione
681 579 809 626 potiuS,
835 590 933 626 quam
949 577 1155 626 dogmatibus
1177 592 1195 613 a
1218 578 1321 627 vulgo
1336 577 1486 627 distingui
1504 577 1677 615 maluiffet.

306 652 431 686 Tribus
448 656 540 688 annis
558 656 590 688 in
609 655 689 689 Bani
710 655 926 690 coutubernio
943 656 1062 690 exac‘iis
1083 653 1223 690 domum
1247 654 1350 690 redux
1375 653 1548 704 Iosephus,
1578 653 1820 691 Pharisaeorum
1840 655 1939 705 parti·-¹

208 702 265 737 bus
289 699 319 737 se
342 702 473 739 addixit.
534 705 651 754 Q0d‚
678 720 720 742 ne
747 704 887 754 Iosepho
909 707 1051 742 inuidiae
1073 705 1129 747 fit,
1162 720 1237 741 cum
1262 704 1420 742 Pharisaei
1442 706 1568 756 peffimi
1592 707 1786 757 plerumque
1811 705 1939 743 scurrae

214 752 357 798 audiant,
384 755 566 792 meminisse
586 761 685 801 iuuat,
711 773 729 793 a
746 755 886 807 Iosepho
899 758 990 793 flatui
1009 760 1054 802 ⁶),
1082 770 1198 794 eorum
1217 761 1340 794 virtutis
1362 758 1523 799 studium,
1550 770 1738 807 praecepta,
1765 772 1939 809 moresque

208 807 398 841 Stoicorum
415 808 500 856 apud
518 811 660 845 Graecos
677 809 845 844 doctrinae
859 821 891 845 vt
910 810 1098 858 plurimum
1108 814 1296 848 conuenire.
1346 809 1412 845 Etsi
1426 813 1490 846 hoc
1506 811 1551 845 nil
1567 810 1652 846 aliud
1670 809 1765 846 fuisse
1779 810 1938 854 videatur,

210 855 268 894 nist
283 857 419 894 dodtum
434 860 602 906 quoddam
621 862 818 909 figmentum
836 860 943 896 Iudaei
955 888 964 902 ,
992 859 1067 896 suos
1086 865 1169 897 inter
1185 865 1390 911 Graecosque
1403 863 1591 910 analogiam
1607 866 1699 897 omni
1717 861 1821 897 studio
1844 875 1939 912 quae-

210 911 327 951 rentis,
355 923 422 958 quo
436 909 562 946 facilius
581 915 622 955 ii,
650 926 793 962 quorum
811 916 912 961 gratia
936 911 1077 960 scripsit,
1104 927 1260 962 magnam
1282 914 1447 962 quandam
1472 912 1672 963 pharisaismi
1697 913 1804 949 ideam
1828 923 1946 949 mente>

209 962 434 1008 conciperent:
461 963 566 998 nihilo
584 975 693 999 tamen
710 967 819 999 minus
838 962 1012 1012 Iosephum
1038 977 1175 1000 morum
1201 966 1360 1013 probitas,
1388 977 1483 1014 atque
1498 968 1530 1000 in
1555 965 1706 1013 gerendis
1721 967 1813 1000 rebus
1831 965 1939 1001 dexte·
1971 969 1975 973 ‘

209 1013 283 1045 ritas
298 1015 484 1061 virtusque,
511 1016 666 1049 omnibus
682 1013 890 1061 summopere
905 1014 1158 1050 commendabit.
1205 1014 1367 1052 Excusare
1382 1030 1514 1064 quoque
1531 1030 1568 1051 ea
1583 1016 1623 1051 de
1639 1015 1745 1052 caussa
1759 1030 1840 1052 eum.
1850 1017 1938 1059 licet,

209 1061 302 1111 quod
320 1062 503 1099 admodum
522 1067 647 1101 iuuenis
662 1065 817 1101 latentem
836 1068 866 1099 in
888 1078 997 1114 angue
1018 1067 1174 1108 herbam,
1199 1065 1442 1102 Pharisaeorum
1470 1066 1676 1116 hypocrism,
1701 1088 1753 1095 —-
1780 1067 1868 1118 quod
1891 1078 1939 1103 ta·

209 1127 288 1149 men
306 1128 374 1149 uon
389 1117 554 1158 omnium,
582 1115 635 1152 sed
651 1126 777 1152 tantum
794 1116 975 1153 multorum
991 1115 1055 1152 fuit
1071 1120 1198 1156 vitium,
1217 1139 1266 1144 —-
1279 1118 1469 1168 praestantia
1488 1118 1695 1166 dogmatum⁷
1710 1130 1740 1154 et
1754 1120 1830 1155 boni
1846 1133 1940 1154 amo-

208 1179 245 1200 re
260 1167 426 1214 abreptus,
454 1165 566 1203 forsan
584 1166 735 1216 detegere
759 1171 941 1216 nequiuerit
964 1171 1009 1203 vti
1031 1168 1210 1217 hypocrisis
1233 1168 1264 1203 id
1292 1171 1387 1204 habet
1409 1170 1588 1220 peculiare,
1616 1173 1659 1205 vti
1682 1170 1812 1206 nonnisi
1833 1186 1850 1206 a
1867 1183 1941 1219 per-

211 1214 328 1266 spicaci
352 1219 484 1267 iamque
499 1222 604 1268 perito
623 1230 655 1254 et
670 1231 804 1269 experto
821 1222 1039 1255 humanarum
1057 1233 1168 1255 rerum
1187 1218 1410 1264 obseruatore,
1437 1233 1533 1268 atque
1548 1223 1586 1256 ab
1602 1223 1666 1256 hoe
1687 1234 1728 1256 ne
1745 1225 1853 1270 primo
1869 1224 1946 1271 qui-⁷

209 1267 287 1304 dem
311 1270 427 1305 obtutu
450 1269 561 1319 detegi
580 1269 685 1319 poffir.
741 1271 906 1319 Indignari
922 1282 1032 1313 certo,
1061 1271 1083 1306 fi
1106 1285 1226 1322 aequus
1247 1270 1310 1308 effe
1334 1273 1431 1308 iudex
1449 1273 1545 1315 velit,
1573 1286 1673 1309 nemo
1691 1276 1820 1322 poterit,
1846 1276 1948 1309 iuue-

213 1322 260 1359 ni,
281 1334 439 1368 magnum
455 1322 591 1368 gestanti
604 1326 752 1359 animum
764 1352 779 1367 ,.
801 1318 986 1372 magnaque
1003 1321 1144 1364 sectanti,
1172 1338 1231 1359 nec
1247 1328 1355 1359 minus
1373 1324 1540 1373 prudenti,
1564 1329 1654 1359 cuius
1670 1336 1832 1374 praeterea
1856 1335 1949 1360 aetas*

208 1373 243 1406 in
266 1381 332 1407 tam
354 1371 501 1408 difficilia
524 1384 674 1423 tempora
699 1373 875 1417 inciderat,
902 1373 993 1423 quod
1014 1378 1157 1423 tempori
1183 1374 1317 1417 seruire,
1344 1387 1374 1411 et
1395 1374 1511 1412 sectam
1538 1375 1627 1411 illam
1649 1377 1795 1416 profiteri
1814 1376 1957 1421 maine-,2

212 1425 271 1465 rit,
300 1436 380 1472 quae
396 1424 550 1473 populari
563 1423 679 1461 fauore
700 1428 744 1460 ita
760 1424 941 1467 fruebatur,
968 1436 1000 1461 vt
1016 1424 1084 1461 fere
1099 1425 1174 1462 solis
1190 1430 1256 1462 eius
1272 1425 1405 1462 adseclis
1421 1427 1461 1463 ad
1479 1427 1624 1476 publicos
1639 1416 1782 1464 lionores
1798 1425 1938 1465 access'us

210 1485 355 1523 pateret3
379 1487 492 1524 atque,
520 1475 543 1511 fi
560 1490 720 1525 vmquam
738 1476 1005 1512 Sadducaeorum
1021 1480 1090 1525 quis
1106 1479 1330 1526 magistratum
1353 1489 1498 1527 gereret,
1522 1482 1639 1515 inuitus
1660 1479 1753 1521 licet,
1779 1490 1809 1515 et
1830 1477 1939 1516 neces-

209 1525 300 1561 fitate
323 1528 452 1563 coaetus
474 1529 543 1564 eius
567 1530 778 1578 opinionibus
799 1526 948 1565 adsentiri
972 1527 1134 1574 debuerit,
1161 1544 1202 1566 ne
1225 1544 1278 1572 ea,
1306 1544 1387 1581 quae
1413 1530 1551 1574 diceret,
1577 1533 1705 1581 populo
1727 1534 1837 1567 minus
1858 1543 1939 1581 pro>

210 1577 381 1614 barentur„

315 1649 430 1684 Annos
450 1648 669 1687 nouendecim
693 1661 784 1687 natus
806 1649 962 1700 Iosephus
985 1655 1129 1702 primum
1160 1652 1354 1701 reipublicae
1378 1651 1518 1702 gradum
1540 1650 1679 1700 capessit.
1747 1652 1834 1687 Cum
1857 1652 1945 1687 Pro*

212 1708 343 1733 curator
360 1699 508 1742 Iudaeae,
527 1704 627 1745 Felix,
646 1702 823 1740 sacerdotes
839 1706 1013 1753 quosdam,
1037 1707 1121 1739 viros
1138 1705 1300 1747 honestos,
1327 1715 1356 1739 et
1374 1706 1480 1740 bonos
1498 1705 1540 1738 ob
1561 1717 1632 1738 rem
1649 1705 1788 1745 minimi,
1815 1712 1845 1738 et
1862 1703 1936 1739 nul·

210 1749 273 1784 lius
296 1748 364 1786 fere
387 1757 566 1797 momenti,
592 1758 717 1791 vinctos
739 1758 886 1791 Romam
909 1755 1060 1798 misisset,
1087 1754 1228 1791 causs'am
1250 1754 1339 1791 suam
1361 1756 1446 1804 apud
1469 1758 1634 1791 Neronem
1660 1755 1822 1799 dicimos,
1850 1752 1934 1790 [ose.

211 1803 307 1849 pl1u8‚
333 1804 377 1836 eis
401 1816 560 1853 perquam
576 1804 780 1842 farniliariter
795 1818 887 1843 antea
911 1807 1000 1850 Vsus,
1025 1819 1118 1856 atque
1135 1821 1251 1842 eorum
1268 1806 1452 1855 religiosam
1472 1810 1503 1842 in
1520 1820 1646 1842 carcere
1661 1821 1678 1841 a
1696 1807 1770 1840 cibis
1784 1808 1934 1854 gentium

210 1853 436 1889 abstinentiam
460 1859 614 1899 miratus,
641 1860 787 1894 Romam
811 1858 1044 1907 proficiscitur,
1071 1872 1188 1894 eorum
1210 1860 1390 1894 libertatem
1415 1870 1445 1894 et
1466 1857 1599 1893 salutem
1620 1869 1654 1892 vt
1672 1859 1860 1893 austoritate
1880 1855 1936 1892 sua

212 1915 242 1940 et
266 1906 413 1952 precibus
438 1907 576 1951 efficiat,
616 1923 704 1944 anno
735 1914 825 1957 regni
844 1913 983 1946 Neronis
1008 1908 1076 1945 fere
1099 1910 1291 1954 vndecimo,
1328 1913 1407 1945 mari
1429 1910 1581 1945 adriatico
1605 1908 1632 1944 se
1657 1911 1855 1947 committit,
1881 1909 1934 1943 vbi

212 1968 328 2004 parum
351 1955 471 2000 abfuit,
497 1962 575 2007 quin
595 1958 719 2007 losephi
743 1964 775 1995 in
798 1965 882 1996 ciues
904 1972 935 1996 et
955 1963 1079 1996 amicos
1098 1964 1194 2010 pietas
1214 1960 1287 1997 suae
1303 1961 1395 2010 ipsius
1412 1964 1493 1996 vitae
1507 1962 1597 1995 fleret
1613 1958 1799 2008 periculosa.
1851 1962 1940 2008 Pop-⁷

212 2019 311 2053 paeae
325 2017 446 2053 tamen,
474 2023 556 2057 quae
572 2010 714 2046 Caes-aris
735 2015 856 2047 coniux
875 2026 953 2050 erat,
969 2011 1120 2049 fauorem
1138 2025 1231 2061 atque
1246 2015 1422 2048 amicitiam
1444 2014 1566 2054 nactus,
1586 2024 1656 2047 non
1671 2013 1807 2047 obtinuit
1822 2008 1935 2046 solum

212 2057 244 2093 id
256 2083 264 2098 2
290 2058 379 2106 quod
398 2060 518 2103 voluit,
546 2060 596 2096 sed
615 2074 645 2097 et
662 2067 788 2111 magnis
803 2065 989 2100 muneribus
1004 2076 1169 2107 ornatus.b
1184 2068 1306 2100 iuuenis
1325 2068 1365 2099 26
1381 2078 1564 2105 annorum,
1591 2067 1627 2097 in
1640 2065 1775 2110 patriam
1793 2065 1933 2099 reuertit.

316 2137 382 2170 Hic
398 2136 624 2173 nouandarum
644 2153 752 2175 rerum
770 2141 870 2175 studia
886 2139 1040 2189 gliscere..
1068 2144 1237 2189 primaque
1260 2151 1412 2176 motuum
1436 2151 1549 2176 contra
1573 2141 1744 2175 Romanos
1769 2142 1855 2173 initia
1878 2136 1933 2174 ad-

212 2195 353 2225 vertens,
382 2191 493 2230 omni,
522 2201 582 2237 qua
601 2191 717 2233 valuit,
744 2191 949 2241 eloquentiae
967 2196 995 2228 vi
1012 2191 1174 2228 seditiosos
1199 2196 1230 2227 in
1255 2193 1368 2228 officio
1390 2196 1572 2233 continere,
1598 2189 1649 2227 sed
1673 2189 1846 2236 incensum,
1873 2189 1932 2224 ssu-

215 2235 291 2278 det,
316 2247 345 2273 et
366 2238 481 2275 eadem
501 2253 580 2276 cum
601 2241 744 2278 hostibus
768 2247 915 2281 romanis
937 2242 1074 2289 sentire,
1101 2256 1131 2280 et
1146 2246 1269 2293 patriae
1287 2243 1512 2293 proditionem
1526 2243 1665 2286 moliri,
1683 2241 1746 2278 suis
1761 2240 1856 2283 visus,
1880 2253 1935 2276 oc·

1815 2301 1943 2341 cupere>

258 2394 295 2433 ἢ
314 2395 403 2437 Apud
414 2396 578 2429 Fabricium
597 2397 705 2430 dieitur
723 2399 883 2432 chunus·
1139 2402 1169 2441 e)
1190 2400 1329 2443 Iosephus
1344 2402 1375 2432 in
1393 2402 1472 2438 vita,
1495 2410 1560 2442 pag.
1576 2408 1653 2438 999„
