<?xml version="1.0" encoding="UTF-8"?>
<!DOCTYPE html PUBLIC "-//W3C//DTD XHTML 1.0 Transitional//EN"
    "http://www.w3.org/TR/xhtml1/DTD/xhtml1-transitional.dtd">
<html xmlns="http://www.w3.org/1999/xhtml" xml:lang="en" lang="en">
 <head>
  <title>
</title>
<meta http-equiv="Content-Type" content="text/html;charset=utf-8" />
  <meta name='ocr-system' content='tesseract 3.04.00' />
  <meta name='ocr-capabilities' content='ocr_page ocr_carea ocr_par ocr_line ocrx_word'/>
</head>
<body>
  <div class='ocr_page' id='page_1' title='image "./bibliothecagraec05fabruoft_0198.png"; bbox 0 0 2013 2725; ppageno 0'>
   <div class='ocr_carea' id='block_1_1' title="bbox 215 140 1935 204">
    <p class='ocr_par' dir='ltr' id='par_1_1' title="bbox 215 140 1935 204">
     <span class='ocr_line' id='line_1_1' title="bbox 215 140 1935 204; baseline -0.002 -18"><span class='ocrx_word' id='word_1_1' title='bbox 215 147 275 194; x_wconf 71' lang='lat'>{76</span> <span class='ocrx_word' id='word_1_2' title='bbox 327 142 650 186; x_wconf 65' lang='lat' dir='ltr'>Lib.IIs‘.e.XJH.</span> <span class='ocrx_word' id='word_1_3' title='bbox 710 140 980 183; x_wconf 65' lang='lat' dir='ltr'>PivTARCHI</span> <span class='ocrx_word' id='word_1_4' title='bbox 1013 146 1156 184; x_wconf 77' lang='grc' dir='ltr'>νιΤΛΕ</span> <span class='ocrx_word' id='word_1_5' title='bbox 1187 149 1472 186; x_wconf 67' lang='lat' dir='ltr'>PARALLELAE</span> <span class='ocrx_word' id='word_1_6' title='bbox 1601 151 1728 180; x_wconf 63' lang='lat' dir='ltr'>vam.</span> <span class='ocrx_word' id='word_1_7' title='bbox 1750 155 1935 204; x_wconf 50' lang='lat' dir='ltr'>asisin—47</span> 
     </span>
    </p>
   </div>
   <div class='ocr_carea' id='block_1_2' title="bbox 313 240 1702 290">
    <p class='ocr_par' dir='ltr' id='par_1_2' title="bbox 313 240 1702 290">
     <span class='ocr_line' id='line_1_2' title="bbox 313 240 1702 290; baseline 0.003 -10"><span class='ocrx_word' id='word_1_8' title='bbox 313 247 365 290; x_wconf 80' lang='lat'>43)</span> <span class='ocrx_word' id='word_1_9' title='bbox 393 247 467 280; x_wconf 87' lang='lat' dir='ltr'>Vita</span> <span class='ocrx_word' id='word_1_10' title='bbox 482 243 602 279; x_wconf 79' lang='lat' dir='ltr'>Dionis</span> <span class='ocrx_word' id='word_1_11' title='bbox 618 240 826 287; x_wconf 75' lang='lat' dir='ltr'>Syracusani,</span> <span class='ocrx_word' id='word_1_12' title='bbox 853 241 892 277; x_wconf 90' lang='lat' dir='ltr'>ad</span> <span class='ocrx_word' id='word_1_13' title='bbox 908 244 1136 280; x_wconf 79' lang='lat' dir='ltr'>Senecionem.</span> <span class='ocrx_word' id='word_1_14' title='bbox 1187 246 1292 280; x_wconf 80' lang='lat' dir='ltr'>Vertit</span> <span class='ocrx_word' id='word_1_15' title='bbox 1316 247 1476 282; x_wconf 82' lang='lat' dir='ltr'>Guarinus</span> <span class='ocrx_word' id='word_1_16' title='bbox 1498 246 1702 290; x_wconf 71' lang='lat' dir='ltr'>Veronensis.</span> 
     </span>
    </p>
   </div>
   <div class='ocr_carea' id='block_1_3' title="bbox 213 309 1935 518">
    <p class='ocr_par' dir='ltr' id='par_1_3' title="bbox 213 309 1935 518">
     <span class='ocr_line' id='line_1_3' title="bbox 314 309 1934 366; baseline 0.005 -20"><span class='ocrx_word' id='word_1_17' title='bbox 314 315 373 357; x_wconf 83' lang='lat'>44)</span> <span class='ocrx_word' id='word_1_18' title='bbox 399 314 451 347; x_wconf 90' lang='lat' dir='ltr'>M.</span> <span class='ocrx_word' id='word_1_19' title='bbox 470 313 587 354; x_wconf 80' lang='lat' dir='ltr'><em>Bruti,</em></span> <span class='ocrx_word' id='word_1_20' title='bbox 617 324 698 361; x_wconf 85' lang='lat' dir='ltr'>quae</span> <span class='ocrx_word' id='word_1_21' title='bbox 712 313 825 345; x_wconf 81' lang='lat' dir='ltr'>citatur</span> <span class='ocrx_word' id='word_1_22' title='bbox 840 312 873 345; x_wconf 88' lang='lat' dir='ltr'>in</span> <span class='ocrx_word' id='word_1_23' title='bbox 889 309 1034 346; x_wconf 79' lang='lat' dir='ltr'>Caesaris</span> <span class='ocrx_word' id='word_1_24' title='bbox 1049 314 1111 347; x_wconf 89' lang='lat' dir='ltr'>vita</span> <span class='ocrx_word' id='word_1_25' title='bbox 1136 325 1210 361; x_wconf 82' lang='lat' dir='ltr'>pag.</span> <span class='ocrx_word' id='word_1_26' title='bbox 1224 324 1299 356; x_wconf 82' lang='lat'>740.</span> <span class='ocrx_word' id='word_1_27' title='bbox 1327 323 1358 348; x_wconf 88' lang='lat' dir='ltr'>et</span> <span class='ocrx_word' id='word_1_28' title='bbox 1385 310 1447 348; x_wconf 86' lang='lat' dir='ltr'>fuit</span> <span class='ocrx_word' id='word_1_29' title='bbox 1472 327 1550 349; x_wconf 89' lang='lat' dir='ltr'>cum</span> <span class='ocrx_word' id='word_1_30' title='bbox 1575 315 1685 353; x_wconf 88' lang='lat' dir='ltr'>Dione</span> <span class='ocrx_word' id='word_1_31' title='bbox 1707 319 1804 352; x_wconf 86' lang='lat' dir='ltr'>totius</span> <span class='ocrx_word' id='word_1_32' title='bbox 1828 320 1934 366; x_wconf 84' lang='lat' dir='ltr'>operis</span> 
     </span>
     <span class='ocr_line' id='line_1_4' title="bbox 213 358 1935 417; baseline 0.003 -17"><span class='ocrx_word' id='word_1_33' title='bbox 213 364 296 400; x_wconf 85' lang='lat' dir='ltr'>liber</span> <span class='ocrx_word' id='word_1_34' title='bbox 313 364 528 400; x_wconf 87' lang='lat' dir='ltr'>duodecimus</span> <span class='ocrx_word' id='word_1_35' title='bbox 539 391 548 406; x_wconf 93' lang='lat'>,</span> <span class='ocrx_word' id='word_1_36' title='bbox 574 376 647 411; x_wconf 87' lang='lat' dir='ltr'>pag.</span> <span class='ocrx_word' id='word_1_37' title='bbox 663 370 735 409; x_wconf 83' lang='lat'>958.</span> <span class='ocrx_word' id='word_1_38' title='bbox 761 366 791 400; x_wconf 82' lang='grc' dir='ltr'>ἐν</span> <span class='ocrx_word' id='word_1_39' title='bbox 807 361 903 413; x_wconf 73' lang='grc' dir='ltr'>τέτῳ</span> <span class='ocrx_word' id='word_1_40' title='bbox 920 358 953 401; x_wconf 56' lang='grc' dir='ltr'>δὲ</span> <span class='ocrx_word' id='word_1_41' title='bbox 969 365 1017 415; x_wconf 77' lang='grc' dir='ltr'><em>τῷ</em></span> <span class='ocrx_word' id='word_1_42' title='bbox 1031 359 1208 415; x_wconf 60' lang='grc' dir='ltr'>δωδεκάτῳ</span> <span class='ocrx_word' id='word_1_43' title='bbox 1224 366 1290 402; x_wconf 65' lang='grc' dir='ltr'>τῶν</span> <span class='ocrx_word' id='word_1_44' title='bbox 1303 362 1545 413; x_wconf 72' lang='grc' dir='ltr'>παραλλήλων</span> <span class='ocrx_word' id='word_1_45' title='bbox 1566 363 1634 405; x_wconf 77' lang='grc' dir='ltr'><strong><em>’σ’ντι</em></strong></span> <span class='ocrx_word' id='word_1_46' title='bbox 1648 366 1722 417; x_wconf 72' lang='grc' dir='ltr'><em>βίῳ.</em></span> <span class='ocrx_word' id='word_1_47' title='bbox 1775 370 1935 406; x_wconf 88' lang='lat' dir='ltr'>Transtu-</span> 
     </span>
     <span class='ocr_line' id='line_1_5' title="bbox 213 414 1932 469; baseline 0.003 -16"><span class='ocrx_word' id='word_1_48' title='bbox 213 418 252 453; x_wconf 89' lang='lat' dir='ltr'>lit</span> <span class='ocrx_word' id='word_1_49' title='bbox 272 417 370 452; x_wconf 89' lang='lat' dir='ltr'>latine</span> <span class='ocrx_word' id='word_1_50' title='bbox 395 416 482 451; x_wconf 86' lang='lat' dir='ltr'>idem</span> <span class='ocrx_word' id='word_1_51' title='bbox 510 417 690 450; x_wconf 79' lang='lat' dir='ltr'><em>Guarinus.</em></span> <span class='ocrx_word' id='word_1_52' title='bbox 724 417 778 460; x_wconf 90' lang='lat' dir='ltr'>[in</span> <span class='ocrx_word' id='word_1_53' title='bbox 806 414 879 450; x_wconf 87' lang='lat' dir='ltr'>cod.</span> <span class='ocrx_word' id='word_1_54' title='bbox 902 414 1099 451; x_wconf 86' lang='lat' dir='ltr'>Taurinens.</span> <span class='ocrx_word' id='word_1_55' title='bbox 1118 418 1297 452; x_wconf 86' lang='lat' dir='ltr'>DCXLIlI.</span> <span class='ocrx_word' id='word_1_56' title='bbox 1324 416 1439 452; x_wconf 89' lang='lat' dir='ltr'>dicitur</span> <span class='ocrx_word' id='word_1_57' title='bbox 1459 421 1617 468; x_wconf 84' lang='lat' dir='ltr'>interpres</span> <span class='ocrx_word' id='word_1_58' title='bbox 1638 421 1743 456; x_wconf 83' lang='lat' dir='ltr'><em>Iacob.</em></span> <span class='ocrx_word' id='word_1_59' title='bbox 1759 421 1932 469; x_wconf 67' lang='lat' dir='ltr'>Angelus]</span> 
     </span>
     <span class='ocr_line' id='line_1_6' title="bbox 214 465 1241 518; baseline 0.001 -14"><span class='ocrx_word' id='word_1_60' title='bbox 214 466 390 518; x_wconf 84' lang='lat' dir='ltr'>Hispanice</span> <span class='ocrx_word' id='word_1_61' title='bbox 408 467 568 514; x_wconf 82' lang='lat' dir='ltr'>Qeuedo</span> <span class='ocrx_word' id='word_1_62' title='bbox 590 466 777 510; x_wconf 79' lang='lat' dir='ltr'>illustrauit,</span> <span class='ocrx_word' id='word_1_63' title='bbox 806 465 891 503; x_wconf 87' lang='lat' dir='ltr'>vnde</span> <span class='ocrx_word' id='word_1_64' title='bbox 905 467 1035 515; x_wconf 81' lang='lat' dir='ltr'>Belgice</span> <span class='ocrx_word' id='word_1_65' title='bbox 1057 465 1166 503; x_wconf 84' lang='lat' dir='ltr'>recusa</span> <span class='ocrx_word' id='word_1_66' title='bbox 1186 468 1241 505; x_wconf 87' lang='lat' dir='ltr'>est.</span> 
     </span>
    </p>
   </div>
   <div class='ocr_carea' id='block_1_4' title="bbox 312 535 1022 585">
    <p class='ocr_par' dir='ltr' id='par_1_4' title="bbox 312 535 1022 585">
     <span class='ocr_line' id='line_1_7' title="bbox 312 535 1022 585; baseline -0.003 -13"><span class='ocrx_word' id='word_1_67' title='bbox 312 537 529 585; x_wconf 80' lang='lat' dir='ltr'>Comparatio</span> <span class='ocrx_word' id='word_1_68' title='bbox 545 536 632 570; x_wconf 88' lang='lat' dir='ltr'>Bruti</span> <span class='ocrx_word' id='word_1_69' title='bbox 651 543 683 569; x_wconf 87' lang='lat' dir='ltr'>et</span> <span class='ocrx_word' id='word_1_70' title='bbox 698 535 815 570; x_wconf 86' lang='lat' dir='ltr'>Dionis</span> <span class='ocrx_word' id='word_1_71' title='bbox 837 548 912 584; x_wconf 86' lang='lat' dir='ltr'>pag.</span> <span class='ocrx_word' id='word_1_72' title='bbox 928 548 1022 580; x_wconf 78' lang='lat'>1009.</span> 
     </span>
    </p>
   </div>
   <div class='ocr_carea' id='block_1_5' title="bbox 314 629 1610 747">
    <p class='ocr_par' dir='ltr' id='par_1_5' title="bbox 314 629 1610 747">
     <span class='ocr_line' id='line_1_8' title="bbox 768 629 1366 678; baseline 0.003 -14"><span class='ocrx_word' id='word_1_73' title='bbox 768 629 895 665; x_wconf 82' lang='lat' dir='ltr'>Vitae</span> <span class='ocrx_word' id='word_1_74' title='bbox 945 637 1069 666; x_wconf 75' lang='lat' dir='ltr'>extra</span> <span class='ocrx_word' id='word_1_75' title='bbox 1116 631 1366 678; x_wconf 74' lang='lat' dir='ltr'>parallelas.</span> 
     </span>
     <span class='ocr_line' id='line_1_9' title="bbox 314 696 1610 747; baseline 0.001 -14"><span class='ocrx_word' id='word_1_76' title='bbox 314 700 368 745; x_wconf 78' lang='grc'>45)</span> <span class='ocrx_word' id='word_1_77' title='bbox 391 701 466 734; x_wconf 80' lang='lat' dir='ltr'>Vita</span> <span class='ocrx_word' id='word_1_78' title='bbox 485 698 685 733; x_wconf 76' lang='lat' dir='ltr'>Artaxerxis</span> <span class='ocrx_word' id='word_1_79' title='bbox 702 697 894 733; x_wconf 85' lang='lat' dir='ltr'>Mnemonis</span> <span class='ocrx_word' id='word_1_80' title='bbox 918 711 991 747; x_wconf 81' lang='lat' dir='ltr'>pag.</span> <span class='ocrx_word' id='word_1_81' title='bbox 1009 711 1089 734; x_wconf 85' lang='lat'>1011.</span> <span class='ocrx_word' id='word_1_82' title='bbox 1143 701 1246 735; x_wconf 83' lang='lat' dir='ltr'>Vertit</span> <span class='ocrx_word' id='word_1_83' title='bbox 1267 702 1373 747; x_wconf 86' lang='lat' dir='ltr'>Lapus</span> <span class='ocrx_word' id='word_1_84' title='bbox 1392 696 1610 735; x_wconf 78' lang='lat' dir='ltr'>Florentinus;</span> 
     </span>
    </p>
   </div>
   <div class='ocr_carea' id='block_1_6' title="bbox 208 764 1933 969">
    <p class='ocr_par' dir='ltr' id='par_1_6' title="bbox 208 764 1933 969">
     <span class='ocr_line' id='line_1_10' title="bbox 315 764 1933 816; baseline 0 -14"><span class='ocrx_word' id='word_1_85' title='bbox 315 769 374 812; x_wconf 85' lang='lat'>46)</span> <span class='ocrx_word' id='word_1_86' title='bbox 403 768 478 801; x_wconf 83' lang='lat' dir='ltr'>Vita</span> <span class='ocrx_word' id='word_1_87' title='bbox 495 764 615 806; x_wconf 75' lang='lat' dir='ltr'>Arati,</span> <span class='ocrx_word' id='word_1_88' title='bbox 642 764 770 800; x_wconf 78' lang='lat' dir='ltr'>Cliniae</span> <span class='ocrx_word' id='word_1_89' title='bbox 786 766 830 801; x_wconf 82' lang='lat' dir='ltr'>fil.</span> <span class='ocrx_word' id='word_1_90' title='bbox 847 767 1012 810; x_wconf 83' lang='lat' dir='ltr'>Sicyonii,</span> <span class='ocrx_word' id='word_1_91' title='bbox 1037 768 1283 811; x_wconf 89' lang='lat' dir='ltr'>Tyrannorum</span> <span class='ocrx_word' id='word_1_92' title='bbox 1298 766 1398 802; x_wconf 84' lang='lat' dir='ltr'>hostis</span> <span class='ocrx_word' id='word_1_93' title='bbox 1417 768 1509 802; x_wconf 88' lang='lat' dir='ltr'>iurati</span> <span class='ocrx_word' id='word_1_94' title='bbox 1526 776 1556 802; x_wconf 92' lang='lat' dir='ltr'>et</span> <span class='ocrx_word' id='word_1_95' title='bbox 1577 765 1683 802; x_wconf 86' lang='lat' dir='ltr'>decies</span> <span class='ocrx_word' id='word_1_96' title='bbox 1707 764 1821 816; x_wconf 79' lang='lat' dir='ltr'>septies</span> <span class='ocrx_word' id='word_1_97' title='bbox 1843 779 1933 816; x_wconf 85' lang='lat' dir='ltr'>prae-</span> 
     </span>
     <span class='ocr_line' id='line_1_11' title="bbox 212 814 1932 866; baseline -0.002 -10"><span class='ocrx_word' id='word_1_98' title='bbox 212 822 290 856; x_wconf 88' lang='lat' dir='ltr'>toris</span> <span class='ocrx_word' id='word_1_99' title='bbox 311 820 538 857; x_wconf 77' lang='lat' dir='ltr'>Achaeorum,</span> <span class='ocrx_word' id='word_1_100' title='bbox 566 814 680 864; x_wconf 87' lang='lat' dir='ltr'>scripta</span> <span class='ocrx_word' id='word_1_101' title='bbox 699 816 738 851; x_wconf 86' lang='lat' dir='ltr'>ad</span> <span class='ocrx_word' id='word_1_102' title='bbox 758 818 964 861; x_wconf 80' lang='lat' dir='ltr'>Polycratem</span> <span class='ocrx_word' id='word_1_103' title='bbox 984 819 1181 864; x_wconf 84' lang='lat' dir='ltr'>Sicyonium</span> <span class='ocrx_word' id='word_1_104' title='bbox 1206 833 1244 854; x_wconf 88' lang='lat' dir='ltr'>ex</span> <span class='ocrx_word' id='word_1_105' title='bbox 1259 822 1360 854; x_wconf 84' lang='lat' dir='ltr'>Arato</span> <span class='ocrx_word' id='word_1_106' title='bbox 1383 831 1486 866; x_wconf 86' lang='lat' dir='ltr'>genus</span> <span class='ocrx_word' id='word_1_107' title='bbox 1508 817 1704 861; x_wconf 76' lang='lat' dir='ltr'>ducentem,</span> <span class='ocrx_word' id='word_1_108' title='bbox 1732 820 1822 854; x_wconf 84' lang='lat' dir='ltr'>cuius</span> <span class='ocrx_word' id='word_1_109' title='bbox 1846 819 1932 854; x_wconf 84' lang='lat' dir='ltr'>filios</span> 
     </span>
     <span class='ocr_line' id='line_1_12' title="bbox 209 867 1932 920; baseline -0.001 -14"><span class='ocrx_word' id='word_1_110' title='bbox 209 872 418 915; x_wconf 78' lang='lat' dir='ltr'>Polycratem</span> <span class='ocrx_word' id='word_1_111' title='bbox 436 879 465 904; x_wconf 86' lang='lat' dir='ltr'>et</span> <span class='ocrx_word' id='word_1_112' title='bbox 483 867 689 913; x_wconf 75' lang='lat' dir='ltr'>Pythoclem.</span> <span class='ocrx_word' id='word_1_113' title='bbox 717 868 773 915; x_wconf 59' lang='lat' dir='ltr'>[if]</span> <span class='ocrx_word' id='word_1_114' title='bbox 801 868 980 905; x_wconf 78' lang='lat' dir='ltr'>domestico</span> <span class='ocrx_word' id='word_1_115' title='bbox 1005 872 1072 906; x_wconf 90' lang='lat' dir='ltr'>hoc</span> <span class='ocrx_word' id='word_1_116' title='bbox 1095 870 1249 920; x_wconf 86' lang='lat' dir='ltr'>exemplo</span> <span class='ocrx_word' id='word_1_117' title='bbox 1281 870 1320 906; x_wconf 87' lang='lat' dir='ltr'>ad</span> <span class='ocrx_word' id='word_1_118' title='bbox 1347 873 1501 906; x_wconf 89' lang='lat' dir='ltr'>virtutem</span> <span class='ocrx_word' id='word_1_119' title='bbox 1534 868 1711 907; x_wconf 83' lang='lat' dir='ltr'>accendere</span> <span class='ocrx_word' id='word_1_120' title='bbox 1741 870 1932 906; x_wconf 79' lang='lat' dir='ltr'>Plutarchus</span> 
     </span>
     <span class='ocr_line' id='line_1_13' title="bbox 208 920 1027 969; baseline -0.004 -10"><span class='ocrx_word' id='word_1_121' title='bbox 208 923 324 960; x_wconf 88' lang='lat' dir='ltr'>voluit.</span> <span class='ocrx_word' id='word_1_122' title='bbox 375 923 488 956; x_wconf 79' lang='lat' dir='ltr'>Latine</span> <span class='ocrx_word' id='word_1_123' title='bbox 505 923 729 967; x_wconf 83' lang='lat' dir='ltr'>interpretatus</span> <span class='ocrx_word' id='word_1_124' title='bbox 747 921 789 954; x_wconf 81' lang='lat' dir='ltr'>est</span> <span class='ocrx_word' id='word_1_125' title='bbox 805 920 890 956; x_wconf 85' lang='lat' dir='ltr'>idem</span> <span class='ocrx_word' id='word_1_126' title='bbox 910 924 1027 969; x_wconf 89' lang='lat' dir='ltr'>Lapus.</span> 
     </span>
    </p>
   </div>
   <div class='ocr_carea' id='block_1_7' title="bbox 208 985 1933 1088">
    <p class='ocr_par' dir='ltr' id='par_1_7' title="bbox 208 985 1933 1088">
     <span class='ocr_line' id='line_1_14' title="bbox 309 985 1933 1037; baseline 0.002 -16"><span class='ocrx_word' id='word_1_127' title='bbox 309 991 366 1032; x_wconf 74' lang='lat'>47)</span> <span class='ocrx_word' id='word_1_128' title='bbox 394 990 468 1021; x_wconf 84' lang='lat' dir='ltr'>Vita</span> <span class='ocrx_word' id='word_1_129' title='bbox 486 986 617 1021; x_wconf 71' lang='lat' dir='ltr'>Galbae.</span> <span class='ocrx_word' id='word_1_130' title='bbox 645 987 697 1030; x_wconf 82' lang='lat' dir='ltr'>[in</span> <span class='ocrx_word' id='word_1_131' title='bbox 714 989 777 1023; x_wconf 85' lang='lat' dir='ltr'>.vita</span> <span class='ocrx_word' id='word_1_132' title='bbox 796 988 918 1023; x_wconf 88' lang='lat' dir='ltr'>Galbae</span> <span class='ocrx_word' id='word_1_133' title='bbox 941 998 972 1022; x_wconf 86' lang='lat' dir='ltr'>et</span> <span class='ocrx_word' id='word_1_134' title='bbox 989 990 1131 1023; x_wconf 87' lang='lat' dir='ltr'>Othonis</span> <span class='ocrx_word' id='word_1_135' title='bbox 1154 988 1343 1023; x_wconf 84' lang='lat' dir='ltr'>Plutarchus</span> <span class='ocrx_word' id='word_1_136' title='bbox 1364 988 1467 1023; x_wconf 88' lang='lat' dir='ltr'>multa</span> <span class='ocrx_word' id='word_1_137' title='bbox 1489 988 1683 1024; x_wconf 81' lang='lat' dir='ltr'>verbotenus</span> <span class='ocrx_word' id='word_1_138' title='bbox 1709 985 1872 1037; x_wconf 68' lang='lat' dir='ltr'>descripsit</span> <span class='ocrx_word' id='word_1_139' title='bbox 1893 1001 1933 1025; x_wconf 89' lang='lat' dir='ltr'>ex</span> 
     </span>
     <span class='ocr_line' id='line_1_15' title="bbox 208 1036 1577 1088; baseline -0.003 -12"><span class='ocrx_word' id='word_1_140' title='bbox 208 1041 349 1082; x_wconf 73' lang='lat' dir='ltr'>Tacito,</span> <span class='ocrx_word' id='word_1_141' title='bbox 372 1036 561 1074; x_wconf 84' lang='lat' dir='ltr'>obseruante</span> <span class='ocrx_word' id='word_1_142' title='bbox 578 1037 683 1085; x_wconf 76' lang='lat' dir='ltr'>Lz‘psto</span> <span class='ocrx_word' id='word_1_143' title='bbox 698 1039 731 1071; x_wconf 88' lang='lat' dir='ltr'>in</span> <span class='ocrx_word' id='word_1_144' title='bbox 745 1049 870 1088; x_wconf 73' lang='lat' dir='ltr'>coium.</span> <span class='ocrx_word' id='word_1_145' title='bbox 889 1041 922 1073; x_wconf 91' lang='lat' dir='ltr'>in</span> <span class='ocrx_word' id='word_1_146' title='bbox 937 1040 1095 1074; x_wconf 84' lang='lat' dir='ltr'>Tacitum</span> <span class='ocrx_word' id='word_1_147' title='bbox 1117 1052 1191 1087; x_wconf 84' lang='lat' dir='ltr'>pag.</span> <span class='ocrx_word' id='word_1_148' title='bbox 1210 1046 1276 1083; x_wconf 74' lang='lat'>484</span> <span class='ocrx_word' id='word_1_149' title='bbox 1291 1050 1321 1074; x_wconf 88' lang='lat' dir='ltr'>et</span> <span class='ocrx_word' id='word_1_150' title='bbox 1335 1052 1415 1085; x_wconf 84' lang='lat'>490.</span> <span class='ocrx_word' id='word_1_151' title='bbox 1439 1041 1577 1084; x_wconf 58' lang='lat' dir='ltr'>Heium]</span> 
     </span>
    </p>
   </div>
   <div class='ocr_carea' id='block_1_8' title="bbox 209 1104 1933 1206">
    <p class='ocr_par' dir='ltr' id='par_1_8' title="bbox 209 1104 1933 1206">
     <span class='ocr_line' id='line_1_16' title="bbox 312 1104 1933 1157; baseline 0.002 -18"><span class='ocrx_word' id='word_1_152' title='bbox 312 1109 369 1150; x_wconf 83' lang='lat'>48)</span> <span class='ocrx_word' id='word_1_153' title='bbox 395 1109 468 1140; x_wconf 91' lang='lat' dir='ltr'>Vita</span> <span class='ocrx_word' id='word_1_154' title='bbox 487 1105 623 1140; x_wconf 72' lang='lat' dir='ltr'>Othonis</span> <span class='ocrx_word' id='word_1_155' title='bbox 639 1107 718 1153; x_wconf 82' lang='lat' dir='ltr'>imp.</span> <span class='ocrx_word' id='word_1_156' title='bbox 744 1136 747 1138; x_wconf 87' lang='lat'>.</span> <span class='ocrx_word' id='word_1_157' title='bbox 772 1107 879 1141; x_wconf 82' lang='lat' dir='ltr'>Huius</span> <span class='ocrx_word' id='word_1_158' title='bbox 898 1117 928 1141; x_wconf 89' lang='lat' dir='ltr'>et</span> <span class='ocrx_word' id='word_1_159' title='bbox 946 1104 1118 1155; x_wconf 86' lang='lat' dir='ltr'>superioris</span> <span class='ocrx_word' id='word_1_160' title='bbox 1143 1106 1246 1143; x_wconf 81' lang='lat' dir='ltr'>versio</span> <span class='ocrx_word' id='word_1_161' title='bbox 1270 1108 1370 1143; x_wconf 87' lang='lat' dir='ltr'>latina</span> <span class='ocrx_word' id='word_1_162' title='bbox 1395 1109 1519 1142; x_wconf 82' lang='lat' dir='ltr'>incerto</span> <span class='ocrx_word' id='word_1_163' title='bbox 1545 1107 1719 1156; x_wconf 83' lang='lat' dir='ltr'>interprete</span> <span class='ocrx_word' id='word_1_164' title='bbox 1737 1109 1770 1142; x_wconf 91' lang='lat' dir='ltr'>in</span> <span class='ocrx_word' id='word_1_165' title='bbox 1795 1109 1933 1157; x_wconf 87' lang='lat' dir='ltr'>antiquis</span> 
     </span>
     <span class='ocr_line' id='line_1_17' title="bbox 209 1156 1226 1206; baseline -0.003 -10"><span class='ocrx_word' id='word_1_166' title='bbox 209 1159 401 1196; x_wconf 81' lang='lat' dir='ltr'>editionibus</span> <span class='ocrx_word' id='word_1_167' title='bbox 420 1159 572 1193; x_wconf 87' lang='lat' dir='ltr'>occurrit.</span> <span class='ocrx_word' id='word_1_168' title='bbox 625 1156 809 1191; x_wconf 79' lang='lat' dir='ltr'>Transtulit</span> <span class='ocrx_word' id='word_1_169' title='bbox 829 1156 1012 1193; x_wconf 86' lang='lat' dir='ltr'>Franciscus</span> <span class='ocrx_word' id='word_1_170' title='bbox 1030 1158 1226 1206; x_wconf 86' lang='lat' dir='ltr'>Philelphus.</span> 
     </span>
    </p>
   </div>
   <div class='ocr_carea' id='block_1_9' title="bbox 206 1223 1933 1497">
    <p class='ocr_par' dir='ltr' id='par_1_9' title="bbox 206 1223 1933 1377">
     <span class='ocr_line' id='line_1_18' title="bbox 311 1223 1933 1275; baseline 0.001 -16"><span class='ocrx_word' id='word_1_171' title='bbox 311 1230 371 1273; x_wconf 77' lang='lat'>49)</span> <span class='ocrx_word' id='word_1_172' title='bbox 397 1228 471 1260; x_wconf 82' lang='lat' dir='ltr'>Vita</span> <span class='ocrx_word' id='word_1_173' title='bbox 487 1226 640 1264; x_wconf 78' lang='lat' dir='ltr'>Homeri,</span> <span class='ocrx_word' id='word_1_174' title='bbox 662 1225 836 1261; x_wconf 77' lang='lat' dir='ltr'>Plutarcho</span> <span class='ocrx_word' id='word_1_175' title='bbox 854 1228 982 1261; x_wconf 63' lang='lat' dir='ltr'>auctori</span> <span class='ocrx_word' id='word_1_176' title='bbox 998 1225 1101 1273; x_wconf 80' lang='lat' dir='ltr'>vulgo</span> <span class='ocrx_word' id='word_1_177' title='bbox 1118 1226 1254 1268; x_wconf 74' lang='lat' dir='ltr'>tributa,</span> <span class='ocrx_word' id='word_1_178' title='bbox 1281 1235 1311 1261; x_wconf 87' lang='lat' dir='ltr'>et</span> <span class='ocrx_word' id='word_1_179' title='bbox 1328 1238 1404 1260; x_wconf 90' lang='lat' dir='ltr'>cum</span> <span class='ocrx_word' id='word_1_180' title='bbox 1424 1226 1578 1260; x_wconf 86' lang='lat' dir='ltr'>Homero</span> <span class='ocrx_word' id='word_1_181' title='bbox 1594 1235 1690 1274; x_wconf 85' lang='lat' dir='ltr'>atque</span> <span class='ocrx_word' id='word_1_182' title='bbox 1712 1225 1788 1260; x_wconf 86' lang='lat' dir='ltr'>alibi</span> <span class='ocrx_word' id='word_1_183' title='bbox 1809 1223 1933 1275; x_wconf 85' lang='lat' dir='ltr'>saepius</span> 
     </span>
     <span class='ocr_line' id='line_1_19' title="bbox 209 1276 1933 1327; baseline -0.001 -13"><span class='ocrx_word' id='word_1_184' title='bbox 209 1279 312 1317; x_wconf 71' lang='lat' dir='ltr'>edita7</span> <span class='ocrx_word' id='word_1_185' title='bbox 340 1283 372 1313; x_wconf 87' lang='lat' dir='ltr'>in</span> <span class='ocrx_word' id='word_1_186' title='bbox 390 1279 584 1313; x_wconf 73' lang='lat' dir='ltr'>editionibus</span> <span class='ocrx_word' id='word_1_187' title='bbox 604 1277 766 1312; x_wconf 73' lang='lat' dir='ltr'>Plutarchi</span> <span class='ocrx_word' id='word_1_188' title='bbox 782 1276 943 1327; x_wconf 84' lang='lat' dir='ltr'>plerisque</span> <span class='ocrx_word' id='word_1_189' title='bbox 965 1279 1120 1313; x_wconf 66' lang='lat' dir='ltr'>hacteuus</span> <span class='ocrx_word' id='word_1_190' title='bbox 1142 1276 1352 1314; x_wconf 83' lang='lat' dir='ltr'>desideratur.</span> <span class='ocrx_word' id='word_1_191' title='bbox 1404 1279 1516 1314; x_wconf 82' lang='lat' dir='ltr'>De·ea</span> <span class='ocrx_word' id='word_1_192' title='bbox 1537 1276 1630 1321; x_wconf 80' lang='lat' dir='ltr'>vide,</span> <span class='ocrx_word' id='word_1_193' title='bbox 1656 1277 1680 1312; x_wconf 83' lang='lat' dir='ltr'>si</span> <span class='ocrx_word' id='word_1_194' title='bbox 1701 1277 1828 1327; x_wconf 72' lang='lat' dir='ltr'>placet,</span> <span class='ocrx_word' id='word_1_195' title='bbox 1851 1291 1933 1327; x_wconf 89' lang='lat' dir='ltr'>quae</span> 
     </span>
     <span class='ocr_line' id='line_1_20' title="bbox 206 1330 1667 1377; baseline -0.005 -11"><span class='ocrx_word' id='word_1_196' title='bbox 206 1330 270 1366; x_wconf 69' lang='lat' dir='ltr'>dixi</span> <span class='ocrx_word' id='word_1_197' title='bbox 295 1331 350 1366; x_wconf 89' lang='lat' dir='ltr'>lib.</span> <span class='ocrx_word' id='word_1_198' title='bbox 368 1331 404 1364; x_wconf 83' lang='lat'>11.</span> <span class='ocrx_word' id='word_1_199' title='bbox 420 1342 489 1377; x_wconf 87' lang='lat' dir='ltr'>cap.</span> <span class='ocrx_word' id='word_1_200' title='bbox 507 1331 527 1364; x_wconf 79' lang='lat' dir='ltr'>l.</span> <span class='ocrx_word' id='word_1_201' title='bbox 554 1330 659 1376; x_wconf 78' lang='lat' dir='ltr'>§.1V.</span> <span class='ocrx_word' id='word_1_202' title='bbox 1665 1333 1667 1335; x_wconf 84' lang='lat'>&#39;</span> 
     </span>
    </p>

    <p class='ocr_par' dir='ltr' id='par_1_10' title="bbox 207 1395 1932 1497">
     <span class='ocr_line' id='line_1_21' title="bbox 310 1395 1932 1446; baseline 0 -14"><span class='ocrx_word' id='word_1_203' title='bbox 310 1400 494 1444; x_wconf 62' lang='lat' dir='ltr'>Euagorae,</span> <span class='ocrx_word' id='word_1_204' title='bbox 522 1397 576 1444; x_wconf 83' lang='lat' dir='ltr'>qui</span> <span class='ocrx_word' id='word_1_205' title='bbox 595 1398 665 1430; x_wconf 77' lang='lat' dir='ltr'>vitis</span> <span class='ocrx_word' id='word_1_206' title='bbox 682 1396 844 1444; x_wconf 84' lang='lat' dir='ltr'>parallelis</span> <span class='ocrx_word' id='word_1_207' title='bbox 861 1399 895 1432; x_wconf 89' lang='lat' dir='ltr'>in</span> <span class='ocrx_word' id='word_1_208' title='bbox 910 1395 1053 1433; x_wconf 86' lang='lat' dir='ltr'>editione</span> <span class='ocrx_word' id='word_1_209' title='bbox 1073 1411 1189 1446; x_wconf 87' lang='lat' dir='ltr'>graeca</span> <span class='ocrx_word' id='word_1_210' title='bbox 1206 1397 1371 1434; x_wconf 83' lang='lat' dir='ltr'>Plutarchi</span> <span class='ocrx_word' id='word_1_211' title='bbox 1395 1395 1575 1439; x_wconf 80' lang='lat' dir='ltr'>subiicitur,</span> <span class='ocrx_word' id='word_1_212' title='bbox 1601 1410 1670 1433; x_wconf 89' lang='lat' dir='ltr'>non</span> <span class='ocrx_word' id='word_1_213' title='bbox 1693 1395 1855 1432; x_wconf 86' lang='lat' dir='ltr'>Plutarchi</span> <span class='ocrx_word' id='word_1_214' title='bbox 1877 1396 1932 1438; x_wconf 79' lang='lat' dir='ltr'>est,</span> 
     </span>
     <span class='ocr_line' id='line_1_22' title="bbox 207 1446 1932 1497; baseline 0 -13"><span class='ocrx_word' id='word_1_215' title='bbox 207 1447 258 1484; x_wconf 89' lang='lat' dir='ltr'>sed</span> <span class='ocrx_word' id='word_1_216' title='bbox 276 1446 433 1485; x_wconf 84' lang='lat' dir='ltr'>Isocratis.</span> <span class='ocrx_word' id='word_1_217' title='bbox 484 1447 593 1482; x_wconf 70' lang='lat' dir='ltr'>Exstat</span> <span class='ocrx_word' id='word_1_218' title='bbox 609 1458 640 1482; x_wconf 90' lang='lat' dir='ltr'>et</span> <span class='ocrx_word' id='word_1_219' title='bbox 655 1450 688 1481; x_wconf 90' lang='lat' dir='ltr'>in</span> <span class='ocrx_word' id='word_1_220' title='bbox 706 1450 846 1497; x_wconf 84' lang='lat' dir='ltr'>antiquis</span> <span class='ocrx_word' id='word_1_221' title='bbox 865 1448 971 1483; x_wconf 86' lang='lat' dir='ltr'>latinis</span> <span class='ocrx_word' id='word_1_222' title='bbox 988 1450 1148 1484; x_wconf 82' lang='lat' dir='ltr'>Plutarchi</span> <span class='ocrx_word' id='word_1_223' title='bbox 1163 1449 1356 1485; x_wconf 87' lang='lat' dir='ltr'>editionibus</span> <span class='ocrx_word' id='word_1_224' title='bbox 1374 1463 1391 1484; x_wconf 93' lang='lat' dir='ltr'>e</span> <span class='ocrx_word' id='word_1_225' title='bbox 1410 1448 1556 1485; x_wconf 84' lang='lat' dir='ltr'>verfione</span> <span class='ocrx_word' id='word_1_226' title='bbox 1571 1450 1708 1484; x_wconf 89' lang='lat' dir='ltr'>Guarini</span> <span class='ocrx_word' id='word_1_227' title='bbox 1726 1448 1932 1485; x_wconf 86' lang='lat' dir='ltr'>Veronenfis.</span> 
     </span>
    </p>
   </div>
   <div class='ocr_carea' id='block_1_10' title="bbox 205 1513 1934 1773">
    <p class='ocr_par' dir='ltr' id='par_1_11' title="bbox 205 1513 1934 1773">
     <span class='ocr_line' id='line_1_23' title="bbox 310 1513 1934 1566; baseline 0.001 -16"><span class='ocrx_word' id='word_1_228' title='bbox 310 1517 504 1550; x_wconf 76' lang='lat' dir='ltr'>Hannibalis</span> <span class='ocrx_word' id='word_1_229' title='bbox 520 1524 550 1550; x_wconf 87' lang='lat' dir='ltr'>et</span> <span class='ocrx_word' id='word_1_230' title='bbox 565 1517 715 1559; x_wconf 73' lang='lat' dir='ltr'>Scipionis</span> <span class='ocrx_word' id='word_1_231' title='bbox 734 1513 881 1551; x_wconf 83' lang='lat' dir='ltr'>Africani</span> <span class='ocrx_word' id='word_1_232' title='bbox 905 1519 1008 1558; x_wconf 75' lang='lat' dir='ltr'>vitae,</span> <span class='ocrx_word' id='word_1_233' title='bbox 1031 1531 1113 1566; x_wconf 85' lang='lat' dir='ltr'>quae</span> <span class='ocrx_word' id='word_1_234' title='bbox 1139 1521 1171 1551; x_wconf 89' lang='lat' dir='ltr'>in</span> <span class='ocrx_word' id='word_1_235' title='bbox 1197 1520 1333 1566; x_wconf 83' lang='lat' dir='ltr'>antiquis</span> <span class='ocrx_word' id='word_1_236' title='bbox 1355 1517 1459 1552; x_wconf 87' lang='lat' dir='ltr'>latinis</span> <span class='ocrx_word' id='word_1_237' title='bbox 1481 1515 1676 1552; x_wconf 78' lang='lat' dir='ltr'>editionibus</span> <span class='ocrx_word' id='word_1_238' title='bbox 1700 1516 1861 1552; x_wconf 87' lang='lat' dir='ltr'>Plutarchi</span> <span class='ocrx_word' id='word_1_239' title='bbox 1882 1529 1934 1552; x_wconf 85' lang='lat' dir='ltr'>ex·</span> 
     </span>
     <span class='ocr_line' id='line_1_24' title="bbox 207 1565 1933 1617; baseline 0 -13"><span class='ocrx_word' id='word_1_240' title='bbox 207 1568 305 1608; x_wconf 80' lang='lat' dir='ltr'>flant7</span> <span class='ocrx_word' id='word_1_241' title='bbox 333 1582 351 1602; x_wconf 82' lang='lat' dir='ltr'>a</span> <span class='ocrx_word' id='word_1_242' title='bbox 367 1567 502 1602; x_wconf 67' lang='lat' dir='ltr'>Donato</span> <span class='ocrx_word' id='word_1_243' title='bbox 518 1566 678 1600; x_wconf 73' lang='lat' dir='ltr'>Acciiiiolu</span> <span class='ocrx_word' id='word_1_244' title='bbox 695 1567 914 1616; x_wconf 74' lang='lat' dir='ltr'>compositae.</span> <span class='ocrx_word' id='word_1_245' title='bbox 940 1583 1025 1611; x_wconf 72' lang='lat' dir='ltr'>non7</span> <span class='ocrx_word' id='word_1_246' title='bbox 1053 1580 1085 1604; x_wconf 90' lang='lat' dir='ltr'>vt</span> <span class='ocrx_word' id='word_1_247' title='bbox 1100 1569 1196 1617; x_wconf 77' lang='lat' dir='ltr'>fingit</span> <span class='ocrx_word' id='word_1_248' title='bbox 1210 1569 1331 1609; x_wconf 73' lang='lat' dir='ltr'>titulus,</span> <span class='ocrx_word' id='word_1_249' title='bbox 1359 1583 1376 1604; x_wconf 92' lang='lat' dir='ltr'>e</span> <span class='ocrx_word' id='word_1_250' title='bbox 1394 1582 1514 1617; x_wconf 85' lang='lat' dir='ltr'>graeco</span> <span class='ocrx_word' id='word_1_251' title='bbox 1531 1565 1637 1603; x_wconf 84' lang='lat' dir='ltr'>versae</span> <span class='ocrx_word' id='word_1_252' title='bbox 1652 1565 1733 1603; x_wconf 80' lang='lat' dir='ltr'>sunt.</span> <span class='ocrx_word' id='word_1_253' title='bbox 1760 1568 1836 1614; x_wconf 87' lang='lat' dir='ltr'>[vid.</span> <span class='ocrx_word' id='word_1_254' title='bbox 1851 1581 1933 1617; x_wconf 87' lang='lat' dir='ltr'>quae</span> 
     </span>
     <span class='ocr_line' id='line_1_25' title="bbox 207 1617 1932 1668; baseline 0 -13"><span class='ocrx_word' id='word_1_255' title='bbox 207 1621 319 1655; x_wconf 88' lang='lat' dir='ltr'>notaui</span> <span class='ocrx_word' id='word_1_256' title='bbox 336 1622 367 1653; x_wconf 91' lang='lat' dir='ltr'>in</span> <span class='ocrx_word' id='word_1_257' title='bbox 383 1617 504 1654; x_wconf 84' lang='lat' dir='ltr'>Introd.</span> <span class='ocrx_word' id='word_1_258' title='bbox 520 1621 552 1652; x_wconf 88' lang='lat' dir='ltr'>in</span> <span class='ocrx_word' id='word_1_259' title='bbox 571 1617 654 1652; x_wconf 75' lang='lat' dir='ltr'>Hist.</span> <span class='ocrx_word' id='word_1_260' title='bbox 670 1620 704 1652; x_wconf 94' lang='lat' dir='ltr'>L.</span> <span class='ocrx_word' id='word_1_261' title='bbox 724 1621 777 1653; x_wconf 92' lang='lat' dir='ltr'>Gr.</span> <span class='ocrx_word' id='word_1_262' title='bbox 795 1621 833 1653; x_wconf 72' lang='grc' dir='ltr'>ΙΙ.</span> <span class='ocrx_word' id='word_1_263' title='bbox 849 1629 930 1668; x_wconf 84' lang='lat' dir='ltr'>part.</span> <span class='ocrx_word' id='word_1_264' title='bbox 949 1622 970 1653; x_wconf 87' lang='grc' dir='ltr'>Ι.</span> <span class='ocrx_word' id='word_1_265' title='bbox 987 1633 1062 1668; x_wconf 81' lang='lat' dir='ltr'>pag.</span> <span class='ocrx_word' id='word_1_266' title='bbox 1079 1627 1132 1661; x_wconf 75' lang='lat'>80.</span> <span class='ocrx_word' id='word_1_267' title='bbox 1161 1622 1379 1656; x_wconf 61' lang='lat' dir='ltr'>Mazzuchelli</span> <span class='ocrx_word' id='word_1_268' title='bbox 1393 1623 1497 1656; x_wconf 88' lang='lat' dir='ltr'>Scritt.</span> <span class='ocrx_word' id='word_1_269' title='bbox 1514 1619 1543 1654; x_wconf 92' lang='lat' dir='ltr'>d‘</span> <span class='ocrx_word' id='word_1_270' title='bbox 1555 1618 1645 1653; x_wconf 87' lang='lat' dir='ltr'>ltalia</span> <span class='ocrx_word' id='word_1_271' title='bbox 1661 1620 1683 1655; x_wconf 91' lang='lat' dir='ltr'>I.</span> <span class='ocrx_word' id='word_1_272' title='bbox 1698 1628 1780 1668; x_wconf 86' lang='lat' dir='ltr'>part.</span> <span class='ocrx_word' id='word_1_273' title='bbox 1794 1621 1817 1654; x_wconf 85' lang='grc' dir='ltr'>Ι.</span> <span class='ocrx_word' id='word_1_274' title='bbox 1836 1633 1865 1668; x_wconf 88' lang='lat' dir='ltr'>p.</span> <span class='ocrx_word' id='word_1_275' title='bbox 1883 1632 1932 1663; x_wconf 84' lang='lat'>43.</span> 
     </span>
     <span class='ocr_line' id='line_1_26' title="bbox 206 1666 1933 1719; baseline 0 -13"><span class='ocrx_word' id='word_1_276' title='bbox 206 1682 236 1706; x_wconf 85' lang='lat' dir='ltr'>et</span> <span class='ocrx_word' id='word_1_277' title='bbox 252 1683 397 1706; x_wconf 87' lang='lat' dir='ltr'>errorem</span> <span class='ocrx_word' id='word_1_278' title='bbox 415 1672 590 1717; x_wconf 76' lang='lat' dir='ltr'>Campani,</span> <span class='ocrx_word' id='word_1_279' title='bbox 616 1671 669 1718; x_wconf 83' lang='lat' dir='ltr'>qui</span> <span class='ocrx_word' id='word_1_280' title='bbox 685 1666 755 1705; x_wconf 87' lang='lat' dir='ltr'>illas</span> <span class='ocrx_word' id='word_1_281' title='bbox 774 1673 863 1713; x_wconf 82' lang='lat' dir='ltr'>vitas,</span> <span class='ocrx_word' id='word_1_282' title='bbox 878 1684 895 1706; x_wconf 91' lang='lat' dir='ltr'>e</span> <span class='ocrx_word' id='word_1_283' title='bbox 912 1671 1088 1707; x_wconf 81' lang='lat' dir='ltr'>Plutarcho</span> <span class='ocrx_word' id='word_1_284' title='bbox 1104 1685 1224 1719; x_wconf 79' lang='lat' dir='ltr'>graeco</span> <span class='ocrx_word' id='word_1_285' title='bbox 1245 1673 1283 1706; x_wconf 84' lang='lat' dir='ltr'>ab</span> <span class='ocrx_word' id='word_1_286' title='bbox 1303 1673 1469 1708; x_wconf 82' lang='lat' dir='ltr'>Acciaiolo</span> <span class='ocrx_word' id='word_1_287' title='bbox 1488 1669 1602 1712; x_wconf 77' lang='lat' dir='ltr'>versas,</span> <span class='ocrx_word' id='word_1_288' title='bbox 1628 1668 1779 1714; x_wconf 73' lang='lat' dir='ltr'>recenset,</span> <span class='ocrx_word' id='word_1_289' title='bbox 1807 1672 1933 1707; x_wconf 78' lang='lat' dir='ltr'>vberius</span> 
     </span>
     <span class='ocr_line' id='line_1_27' title="bbox 205 1721 1674 1773; baseline -0.001 -15"><span class='ocrx_word' id='word_1_290' title='bbox 205 1722 406 1758; x_wconf 83' lang='lat' dir='ltr'>demonstrat</span> <span class='ocrx_word' id='word_1_291' title='bbox 424 1722 543 1768; x_wconf 73' lang='lat' dir='ltr'>Foffius</span> <span class='ocrx_word' id='word_1_292' title='bbox 560 1723 595 1755; x_wconf 89' lang='lat' dir='ltr'>in</span> <span class='ocrx_word' id='word_1_293' title='bbox 609 1723 840 1757; x_wconf 88' lang='lat' dir='ltr'>Monumentis</span> <span class='ocrx_word' id='word_1_294' title='bbox 866 1723 905 1758; x_wconf 87' lang='lat' dir='ltr'>ad</span> <span class='ocrx_word' id='word_1_295' title='bbox 929 1723 1035 1759; x_wconf 79' lang='lat' dir='ltr'>Alam.</span> <span class='ocrx_word' id='word_1_296' title='bbox 1053 1726 1188 1759; x_wconf 85' lang='lat' dir='ltr'>Rinucc.</span> <span class='ocrx_word' id='word_1_297' title='bbox 1206 1726 1304 1758; x_wconf 86' lang='lat' dir='ltr'>vitam</span> <span class='ocrx_word' id='word_1_298' title='bbox 1329 1737 1404 1773; x_wconf 79' lang='lat' dir='ltr'>pag,</span> <span class='ocrx_word' id='word_1_299' title='bbox 1423 1736 1470 1769; x_wconf 85' lang='lat'>¹51</span> <span class='ocrx_word' id='word_1_300' title='bbox 1488 1721 1531 1772; x_wconf 87' lang='lat' dir='ltr'>sq.</span> <span class='ocrx_word' id='word_1_301' title='bbox 1557 1722 1674 1767; x_wconf 58' lang='lat' dir='ltr'>Hora]</span> 
     </span>
    </p>
   </div>
   <div class='ocr_carea' id='block_1_11' title="bbox 1535 1751 1574 1793">
    <p class='ocr_par' dir='ltr' id='par_1_12' title="bbox 1535 1751 1574 1793">
     <span class='ocr_line' id='line_1_28' title="bbox 1535 1751 1574 1793; baseline 0 -24"><span class='ocrx_word' id='word_1_302' title='bbox 1535 1751 1574 1793; x_wconf 32' lang='grc' dir='ltr'><em>ἢ</em></span> 
     </span>
    </p>
   </div>
   <div class='ocr_carea' id='block_1_12' title="bbox 308 1788 1967 1850">
    <p class='ocr_par' dir='ltr' id='par_1_13' title="bbox 308 1788 1967 1850">
     <span class='ocr_line' id='line_1_29' title="bbox 308 1788 1967 1850; baseline 0 -16"><span class='ocrx_word' id='word_1_303' title='bbox 308 1801 476 1834; x_wconf 87' lang='lat' dir='ltr'>Perierunt</span> <span class='ocrx_word' id='word_1_304' title='bbox 496 1808 608 1833; x_wconf 80' lang='lat' dir='ltr'>autem</span> <span class='ocrx_word' id='word_1_305' title='bbox 631 1812 649 1832; x_wconf 89' lang='lat' dir='ltr'>a</span> <span class='ocrx_word' id='word_1_306' title='bbox 671 1797 843 1834; x_wconf 87' lang='lat' dir='ltr'>Plutarcho</span> <span class='ocrx_word' id='word_1_307' title='bbox 864 1796 1017 1848; x_wconf 84' lang='lat' dir='ltr'>scriptae,</span> <span class='ocrx_word' id='word_1_308' title='bbox 1043 1809 1074 1836; x_wconf 85' lang='lat' dir='ltr'>et</span> <span class='ocrx_word' id='word_1_309' title='bbox 1097 1803 1162 1835; x_wconf 87' lang='lat' dir='ltr'>iam</span> <span class='ocrx_word' id='word_1_310' title='bbox 1185 1802 1293 1835; x_wconf 88' lang='lat' dir='ltr'>Photii</span> <span class='ocrx_word' id='word_1_311' title='bbox 1310 1800 1358 1844; x_wconf 67' lang='lat'>⁸),</span> <span class='ocrx_word' id='word_1_312' title='bbox 1393 1810 1427 1835; x_wconf 86' lang='lat' dir='ltr'>vt</span> <span class='ocrx_word' id='word_1_313' title='bbox 1447 1798 1593 1839; x_wconf 84' lang='lat' dir='ltr'>videtur,</span> <span class='ocrx_word' id='word_1_314' title='bbox 1625 1788 1788 1848; x_wconf 54' lang='lat' dir='ltr'>tempores</span> <span class='ocrx_word' id='word_1_315' title='bbox 1804 1797 1933 1850; x_wconf 78' lang='lat' dir='ltr'>periisse</span> <span class='ocrx_word' id='word_1_316' title='bbox 1961 1827 1967 1834; x_wconf 91' lang='lat'>.</span> 
     </span>
    </p>
   </div>
   <div class='ocr_carea' id='block_1_13' title="bbox 206 1848 371 1885">
    <p class='ocr_par' dir='ltr' id='par_1_14' title="bbox 206 1848 371 1885">
     <span class='ocr_line' id='line_1_30' title="bbox 206 1848 371 1885; baseline 0 -1"><span class='ocrx_word' id='word_1_317' title='bbox 206 1848 371 1885; x_wconf 76' lang='lat' dir='ltr'>videntur:</span> 
     </span>
    </p>
   </div>
   <div class='ocr_carea' id='block_1_14' title="bbox 308 1915 1779 1965">
    <p class='ocr_par' dir='ltr' id='par_1_15' title="bbox 308 1915 1779 1965">
     <span class='ocr_line' id='line_1_31' title="bbox 308 1915 1779 1965; baseline 0 -14"><span class='ocrx_word' id='word_1_318' title='bbox 308 1919 383 1952; x_wconf 86' lang='lat' dir='ltr'>Vita</span> <span class='ocrx_word' id='word_1_319' title='bbox 401 1916 567 1957; x_wconf 68' lang='lat' dir='ltr'>Herculis,</span> <span class='ocrx_word' id='word_1_320' title='bbox 590 1917 721 1964; x_wconf 84' lang='lat' dir='ltr'>Lampr.</span> <span class='ocrx_word' id='word_1_321' title='bbox 738 1926 768 1952; x_wconf 91' lang='lat' dir='ltr'>et</span> <span class='ocrx_word' id='word_1_322' title='bbox 784 1917 957 1952; x_wconf 77' lang='lat' dir='ltr'>Plutarch.</span> <span class='ocrx_word' id='word_1_323' title='bbox 982 1920 1015 1952; x_wconf 86' lang='lat' dir='ltr'>in</span> <span class='ocrx_word' id='word_1_324' title='bbox 1029 1915 1166 1953; x_wconf 86' lang='lat' dir='ltr'>Theseo</span> <span class='ocrx_word' id='word_1_325' title='bbox 1188 1930 1259 1965; x_wconf 85' lang='lat' dir='ltr'>pag.</span> <span class='ocrx_word' id='word_1_326' title='bbox 1277 1929 1322 1961; x_wconf 86' lang='lat'>14.</span> <span class='ocrx_word' id='word_1_327' title='bbox 1759 1915 1779 1938; x_wconf 75' lang='lat'>⁸</span> 
     </span>
    </p>
   </div>
   <div class='ocr_carea' id='block_1_15' title="bbox 1798 1983 1930 2030">
    <p class='ocr_par' dir='ltr' id='par_1_16' title="bbox 1798 1983 1930 2030">
     <span class='ocr_line' id='line_1_32' title="bbox 1798 1983 1930 2030; baseline -0.023 -11"><span class='ocrx_word' id='word_1_328' title='bbox 1798 1983 1930 2030; x_wconf 71' lang='lat' dir='ltr'>Epami.</span> 
     </span>
    </p>
   </div>
   <div class='ocr_carea' id='block_1_16' title="bbox 210 2074 1990 2169">
    <p class='ocr_par' dir='ltr' id='par_1_17' title="bbox 210 2074 1990 2169">
     <span class='ocr_line' id='line_1_33' title="bbox 252 2074 1990 2121; baseline 0 -7"><span class='ocrx_word' id='word_1_329' title='bbox 252 2086 285 2120; x_wconf 84' lang='lat' dir='ltr'>n)</span> <span class='ocrx_word' id='word_1_330' title='bbox 310 2082 441 2114; x_wconf 71' lang='lat' dir='ltr'>Pliotizis</span> <span class='ocrx_word' id='word_1_331' title='bbox 458 2084 521 2114; x_wconf 88' lang='lat' dir='ltr'>cod.</span> <span class='ocrx_word' id='word_1_332' title='bbox 538 2086 674 2115; x_wconf 84' lang='lat' dir='ltr'>CCXLV.</span> <span class='ocrx_word' id='word_1_333' title='bbox 690 2085 780 2116; x_wconf 73' lang='lat' dir='ltr'>refert</span> <span class='ocrx_word' id='word_1_334' title='bbox 795 2084 934 2116; x_wconf 82' lang='lat' dir='ltr'>nonnulla</span> <span class='ocrx_word' id='word_1_335' title='bbox 951 2084 1038 2115; x_wconf 85' lang='lat' dir='ltr'>ePlu-</span> <span class='ocrx_word' id='word_1_336' title='bbox 1093 2085 1228 2120; x_wconf 86' lang='lat' dir='ltr'>Solonis,</span> <span class='ocrx_word' id='word_1_337' title='bbox 1276 2084 1451 2121; x_wconf 80' lang='lat' dir='ltr'>Alexandri,</span> <span class='ocrx_word' id='word_1_338' title='bbox 1488 2087 1638 2121; x_wconf 87' lang='lat' dir='ltr'>Cimonis,</span> <span class='ocrx_word' id='word_1_339' title='bbox 1675 2083 1831 2120; x_wconf 81' lang='lat' dir='ltr'>Lysandri,</span> <span class='ocrx_word' id='word_1_340' title='bbox 1870 2086 1930 2114; x_wconf 92' lang='lat' dir='ltr'>De-</span> <span class='ocrx_word' id='word_1_341' title='bbox 1988 2074 1990 2091; x_wconf 60' lang='lat'><em>³</em></span> 
     </span>
     <span class='ocr_line' id='line_1_34' title="bbox 210 2128 1988 2169; baseline 0 -13"><span class='ocrx_word' id='word_1_342' title='bbox 210 2129 303 2156; x_wconf 84' lang='lat' dir='ltr'>tarchi</span> <span class='ocrx_word' id='word_1_343' title='bbox 318 2130 385 2157; x_wconf 70' lang='lat' dir='ltr'>vitis</span> <span class='ocrx_word' id='word_1_344' title='bbox 401 2129 504 2157; x_wconf 79' lang='lat' dir='ltr'>Dionis</span> <span class='ocrx_word' id='word_1_345' title='bbox 528 2135 555 2156; x_wconf 91' lang='lat' dir='ltr'>et</span> <span class='ocrx_word' id='word_1_346' title='bbox 572 2130 672 2164; x_wconf 82' lang='lat' dir='ltr'>Bruti,</span> <span class='ocrx_word' id='word_1_347' title='bbox 697 2131 898 2159; x_wconf 76' lang='lat' dir='ltr'>Demosthenis</span> <span class='ocrx_word' id='word_1_348' title='bbox 915 2138 942 2158; x_wconf 84' lang='lat' dir='ltr'>et</span> <span class='ocrx_word' id='word_1_349' title='bbox 959 2131 1039 2158; x_wconf 87' lang='lat' dir='ltr'>Cice·</span> <span class='ocrx_word' id='word_1_350' title='bbox 1092 2130 1268 2161; x_wconf 68' lang='lat' dir='ltr'>montionis,</span> <span class='ocrx_word' id='word_1_351' title='bbox 1293 2128 1426 2164; x_wconf 83' lang='lat' dir='ltr'>Periclis,</span> <span class='ocrx_word' id='word_1_352' title='bbox 1451 2129 1623 2169; x_wconf 82' lang='lat' dir='ltr'>Pelopidae,</span> <span class='ocrx_word' id='word_1_353' title='bbox 1647 2128 1803 2157; x_wconf 81' lang='lat' dir='ltr'>Phocionis</span> <span class='ocrx_word' id='word_1_354' title='bbox 1823 2135 1851 2156; x_wconf 89' lang='lat' dir='ltr'>et</span> <span class='ocrx_word' id='word_1_355' title='bbox 1865 2129 1929 2157; x_wconf 77' lang='lat' dir='ltr'>Ari·</span> <span class='ocrx_word' id='word_1_356' title='bbox 1986 2155 1988 2163; x_wconf 32' lang='lat' dir='ltr'><em>s</em></span> 
     </span>
    </p>
   </div>
   <div class='ocr_carea' id='block_1_17' title="bbox 209 2169 1929 2212">
    <p class='ocr_par' dir='ltr' id='par_1_18' title="bbox 209 2169 1929 2212">
     <span class='ocr_line' id='line_1_35' title="bbox 209 2169 1929 2212; baseline 0 -13"><span class='ocrx_word' id='word_1_357' title='bbox 209 2172 307 2205; x_wconf 77' lang='lat' dir='ltr'>tonis,</span> <span class='ocrx_word' id='word_1_358' title='bbox 331 2171 485 2199; x_wconf 73' lang='lat' dir='ltr'>Phocionis</span> <span class='ocrx_word' id='word_1_359' title='bbox 503 2178 530 2200; x_wconf 85' lang='lat' dir='ltr'>et</span> <span class='ocrx_word' id='word_1_360' title='bbox 543 2173 660 2200; x_wconf 87' lang='lat' dir='ltr'>Catonis</span> <span class='ocrx_word' id='word_1_361' title='bbox 677 2174 818 2207; x_wconf 71' lang='lat' dir='ltr'>minoris,</span> <span class='ocrx_word' id='word_1_362' title='bbox 842 2171 998 2201; x_wconf 82' lang='lat' dir='ltr'>Alexandri</span> <span class='ocrx_word' id='word_1_363' title='bbox 1014 2179 1041 2201; x_wconf 87' lang='lat' dir='ltr'>et</span> <span class='ocrx_word' id='word_1_364' title='bbox 1093 2171 1186 2201; x_wconf 79' lang='lat' dir='ltr'>stidis:</span> <span class='ocrx_word' id='word_1_365' title='bbox 1215 2173 1304 2210; x_wconf 84' lang='lat' dir='ltr'>inque</span> <span class='ocrx_word' id='word_1_366' title='bbox 1326 2170 1402 2200; x_wconf 89' lang='lat' dir='ltr'>libro</span> <span class='ocrx_word' id='word_1_367' title='bbox 1426 2172 1579 2201; x_wconf 79' lang='lat' dir='ltr'>vndecimo</span> <span class='ocrx_word' id='word_1_368' title='bbox 1609 2173 1670 2200; x_wconf 85' lang='lat' dir='ltr'>vita</span> <span class='ocrx_word' id='word_1_369' title='bbox 1700 2169 1929 2212; x_wconf 79' lang='lat' dir='ltr'>Epaminondae,</span> 
     </span>
    </p>
   </div>
   <div class='ocr_carea' id='block_1_18' title="bbox 209 2213 2005 2251">
    <p class='ocr_par' dir='ltr' id='par_1_19' title="bbox 209 2213 2005 2251">
     <span class='ocr_line' id='line_1_36' title="bbox 209 2213 2005 2251; baseline 0 -10"><span class='ocrx_word' id='word_1_370' title='bbox 209 2213 355 2249; x_wconf 81' lang='lat' dir='ltr'>Caesaris,</span> <span class='ocrx_word' id='word_1_371' title='bbox 379 2215 514 2243; x_wconf 79' lang='lat' dir='ltr'>Eumenis</span> <span class='ocrx_word' id='word_1_372' title='bbox 535 2221 562 2243; x_wconf 88' lang='lat' dir='ltr'>et</span> <span class='ocrx_word' id='word_1_373' title='bbox 584 2215 724 2250; x_wconf 78' lang='lat' dir='ltr'>Sertorii,</span> <span class='ocrx_word' id='word_1_374' title='bbox 746 2217 889 2244; x_wconf 82' lang='lat' dir='ltr'>Demetrii</span> <span class='ocrx_word' id='word_1_375' title='bbox 910 2222 938 2244; x_wconf 92' lang='lat' dir='ltr'>et</span> <span class='ocrx_word' id='word_1_376' title='bbox 955 2217 1042 2244; x_wconf 83' lang='lat' dir='ltr'>Ante·</span> <span class='ocrx_word' id='word_1_377' title='bbox 1093 2216 1216 2250; x_wconf 87' lang='lat' dir='ltr'>Dionis,</span> <span class='ocrx_word' id='word_1_378' title='bbox 1240 2213 1378 2251; x_wconf 83' lang='lat' dir='ltr'>Agefilai,</span> <span class='ocrx_word' id='word_1_379' title='bbox 1403 2214 1501 2251; x_wconf 82' lang='lat' dir='ltr'>Agidis</span> <span class='ocrx_word' id='word_1_380' title='bbox 1523 2222 1551 2244; x_wconf 88' lang='lat' dir='ltr'>ct</span> <span class='ocrx_word' id='word_1_381' title='bbox 1571 2213 1757 2250; x_wconf 80' lang='lat' dir='ltr'>Cleomenis,</span> <span class='ocrx_word' id='word_1_382' title='bbox 1779 2214 1927 2248; x_wconf 77' lang='lat' dir='ltr'>Eumenis,</span> <span class='ocrx_word' id='word_1_383' title='bbox 1985 2215 2005 2240; x_wconf 55' lang='lat' dir='ltr'>i*</span> 
     </span>
    </p>
   </div>
   <div class='ocr_carea' id='block_1_19' title="bbox 208 2255 1929 2340">
    <p class='ocr_par' dir='ltr' id='par_1_20' title="bbox 208 2255 1929 2340">
     <span class='ocr_line' id='line_1_37' title="bbox 208 2255 1929 2297; baseline -0.001 -12"><span class='ocrx_word' id='word_1_384' title='bbox 208 2257 269 2291; x_wconf 86' lang='lat' dir='ltr'>nii,</span> <span class='ocrx_word' id='word_1_385' title='bbox 293 2257 397 2290; x_wconf 85' lang='lat' dir='ltr'>Pyrrhi</span> <span class='ocrx_word' id='word_1_386' title='bbox 420 2265 448 2286; x_wconf 85' lang='lat' dir='ltr'>et</span> <span class='ocrx_word' id='word_1_387' title='bbox 467 2258 572 2289; x_wconf 80' lang='lat' dir='ltr'>Marii.</span> <span class='ocrx_word' id='word_1_388' title='bbox 595 2259 675 2286; x_wconf 84' lang='lat' dir='ltr'>Arati</span> <span class='ocrx_word' id='word_1_389' title='bbox 692 2265 719 2286; x_wconf 88' lang='lat' dir='ltr'>et</span> <span class='ocrx_word' id='word_1_390' title='bbox 736 2259 917 2292; x_wconf 80' lang='lat' dir='ltr'>Artaxerxis,</span> <span class='ocrx_word' id='word_1_391' title='bbox 941 2257 1039 2294; x_wconf 81' lang='lat' dir='ltr'>Agidis</span> <span class='ocrx_word' id='word_1_392' title='bbox 1093 2256 1354 2297; x_wconf 63' lang='lat' dir='ltr'>Philopoemenis,</span> <span class='ocrx_word' id='word_1_393' title='bbox 1382 2256 1603 2292; x_wconf 84' lang='lat' dir='ltr'>Timoleontis,</span> <span class='ocrx_word' id='word_1_394' title='bbox 1639 2258 1742 2292; x_wconf 83' lang='lat' dir='ltr'>Arati,</span> <span class='ocrx_word' id='word_1_395' title='bbox 1773 2264 1802 2286; x_wconf 84' lang='lat' dir='ltr'>et</span> <span class='ocrx_word' id='word_1_396' title='bbox 1822 2255 1929 2289; x_wconf 80' lang='lat' dir='ltr'>Pyrrhi</span> 
     </span>
     <span class='ocr_line' id='line_1_38' title="bbox 210 2299 1927 2340; baseline -0.002 -11"><span class='ocrx_word' id='word_1_397' title='bbox 210 2303 237 2325; x_wconf 80' lang='lat' dir='ltr'>et</span> <span class='ocrx_word' id='word_1_398' title='bbox 252 2300 316 2324; x_wconf 65' lang='lat' dir='ltr'>Titi</span> <span class='ocrx_word' id='word_1_399' title='bbox 330 2322 337 2329; x_wconf 76' lang='grc'>.</span> <span class='ocrx_word' id='word_1_400' title='bbox 359 2309 433 2339; x_wconf 85' lang='lat' dir='ltr'>quae</span> <span class='ocrx_word' id='word_1_401' title='bbox 449 2309 549 2330; x_wconf 80' lang='lat' dir='ltr'>onmes</span> <span class='ocrx_word' id='word_1_402' title='bbox 563 2301 680 2329; x_wconf 85' lang='lat' dir='ltr'>exstant.</span> <span class='ocrx_word' id='word_1_403' title='bbox 724 2301 845 2340; x_wconf 84' lang='lat' dir='ltr'>Sopater</span> <span class='ocrx_word' id='word_1_404' title='bbox 870 2311 941 2329; x_wconf 88' lang='lat' dir='ltr'>vero</span> <span class='ocrx_word' id='word_1_405' title='bbox 962 2300 1039 2340; x_wconf 81' lang='lat' dir='ltr'>apud</span> <span class='ocrx_word' id='word_1_406' title='bbox 1092 2310 1166 2340; x_wconf 83' lang='lat' dir='ltr'>quae</span> <span class='ocrx_word' id='word_1_407' title='bbox 1188 2299 1289 2329; x_wconf 80' lang='lat' dir='ltr'>itidem</span> <span class='ocrx_word' id='word_1_408' title='bbox 1306 2309 1406 2328; x_wconf 80' lang='lat' dir='ltr'>omnes</span> <span class='ocrx_word' id='word_1_409' title='bbox 1429 2299 1525 2329; x_wconf 85' lang='lat' dir='ltr'>editae</span> <span class='ocrx_word' id='word_1_410' title='bbox 1541 2299 1795 2329; x_wconf 69' lang='lat' dir='ltr'>circumferuntur.</span> <span class='ocrx_word' id='word_1_411' title='bbox 1839 2300 1874 2326; x_wconf 84' lang='lat' dir='ltr'>At</span> <span class='ocrx_word' id='word_1_412' title='bbox 1895 2299 1927 2327; x_wconf 86' lang='lat' dir='ltr'>in</span> 
     </span>
    </p>
   </div>
   <div class='ocr_carea' id='block_1_20' title="bbox 211 2338 1984 2425">
    <p class='ocr_par' dir='ltr' id='par_1_21' title="bbox 211 2338 1984 2425">
     <span class='ocr_line' id='line_1_39' title="bbox 211 2338 1984 2383; baseline -0.002 -11"><span class='ocrx_word' id='word_1_413' title='bbox 211 2338 346 2367; x_wconf 66' lang='lat' dir='ltr'>eumdem</span> <span class='ocrx_word' id='word_1_414' title='bbox 365 2341 507 2372; x_wconf 67' lang='lat' dir='ltr'>Pharium</span> <span class='ocrx_word' id='word_1_415' title='bbox 523 2342 588 2373; x_wconf 80' lang='lat' dir='ltr'>cod.</span> <span class='ocrx_word' id='word_1_416' title='bbox 603 2344 702 2372; x_wconf 81' lang='lat' dir='ltr'>CLXI.</span> <span class='ocrx_word' id='word_1_417' title='bbox 719 2353 782 2383; x_wconf 84' lang='lat' dir='ltr'>pag.</span> <span class='ocrx_word' id='word_1_418' title='bbox 800 2351 849 2380; x_wconf 80' lang='lat'>177</span> <span class='ocrx_word' id='word_1_419' title='bbox 865 2343 903 2383; x_wconf 89' lang='lat' dir='ltr'>sq.</span> <span class='ocrx_word' id='word_1_420' title='bbox 918 2346 947 2372; x_wconf 88' lang='lat' dir='ltr'>in</span> <span class='ocrx_word' id='word_1_421' title='bbox 964 2343 1038 2372; x_wconf 85' lang='lat' dir='ltr'>deci·</span> <span class='ocrx_word' id='word_1_422' title='bbox 1092 2353 1171 2372; x_wconf 88' lang='lat' dir='ltr'>nono</span> <span class='ocrx_word' id='word_1_423' title='bbox 1194 2349 1310 2382; x_wconf 86' lang='lat' dir='ltr'>praeter</span> <span class='ocrx_word' id='word_1_424' title='bbox 1333 2344 1405 2371; x_wconf 84' lang='lat' dir='ltr'>vitas</span> <span class='ocrx_word' id='word_1_425' title='bbox 1420 2345 1561 2372; x_wconf 85' lang='lat' dir='ltr'>Demetrii</span> <span class='ocrx_word' id='word_1_426' title='bbox 1582 2350 1611 2371; x_wconf 86' lang='lat' dir='ltr'>et</span> <span class='ocrx_word' id='word_1_427' title='bbox 1623 2343 1725 2375; x_wconf 78' lang='lat' dir='ltr'>Bruti,</span> <span class='ocrx_word' id='word_1_428' title='bbox 1747 2350 1818 2380; x_wconf 87' lang='lat' dir='ltr'>quas</span> <span class='ocrx_word' id='word_1_429' title='bbox 1837 2339 1925 2368; x_wconf 82' lang='lat' dir='ltr'>habe·</span> <span class='ocrx_word' id='word_1_430' title='bbox 1982 2359 1984 2380; x_wconf 65' lang='lat' dir='ltr'>i</span> 
     </span>
     <span class='ocr_line' id='line_1_40' title="bbox 211 2379 1983 2425; baseline 0.001 -15"><span class='ocrx_word' id='word_1_431' title='bbox 211 2391 260 2410; x_wconf 78' lang='lat' dir='ltr'>mo</span> <span class='ocrx_word' id='word_1_432' title='bbox 278 2379 441 2417; x_wconf 75' lang='lat' dir='ltr'>eclogarum</span> <span class='ocrx_word' id='word_1_433' title='bbox 458 2380 535 2411; x_wconf 82' lang='lat' dir='ltr'>libi-o</span> <span class='ocrx_word' id='word_1_434' title='bbox 553 2384 615 2412; x_wconf 80' lang='lat' dir='ltr'>vsue</span> <span class='ocrx_word' id='word_1_435' title='bbox 629 2387 667 2414; x_wconf 82' lang='lat' dir='ltr'>est</span> <span class='ocrx_word' id='word_1_436' title='bbox 683 2385 836 2414; x_wconf 81' lang='lat' dir='ltr'>Plutarcho</span> <span class='ocrx_word' id='word_1_437' title='bbox 858 2385 892 2414; x_wconf 88' lang='lat' dir='ltr'>de</span> <span class='ocrx_word' id='word_1_438' title='bbox 907 2388 966 2414; x_wconf 88' lang='lat' dir='ltr'>vita</span> <span class='ocrx_word' id='word_1_439' title='bbox 985 2388 1038 2415; x_wconf 88' lang='lat' dir='ltr'>Ni·</span> <span class='ocrx_word' id='word_1_440' title='bbox 1091 2395 1174 2419; x_wconf 85' lang='lat' dir='ltr'>nius,</span> <span class='ocrx_word' id='word_1_441' title='bbox 1198 2384 1332 2414; x_wconf 75' lang='lat' dir='ltr'>adhibuit</span> <span class='ocrx_word' id='word_1_442' title='bbox 1349 2387 1422 2414; x_wconf 83' lang='lat' dir='ltr'>vitas</span> <span class='ocrx_word' id='word_1_443' title='bbox 1442 2387 1580 2421; x_wconf 82' lang='lat' dir='ltr'>Cratetis,</span> <span class='ocrx_word' id='word_1_444' title='bbox 1604 2385 1763 2425; x_wconf 82' lang='lat' dir='ltr'>Daiphanti</span> <span class='ocrx_word' id='word_1_445' title='bbox 1777 2390 1807 2413; x_wconf 84' lang='lat' dir='ltr'>et</span> <span class='ocrx_word' id='word_1_446' title='bbox 1823 2381 1924 2413; x_wconf 71' lang='lat' dir='ltr'>Pinda-</span> <span class='ocrx_word' id='word_1_447' title='bbox 1982 2381 1983 2391; x_wconf 66' lang='lat'>¹</span> 
     </span>
    </p>
   </div>
   <div class='ocr_carea' id='block_1_21' title="bbox 208 2423 1474 2468">
    <p class='ocr_par' dir='ltr' id='par_1_22' title="bbox 208 2423 1474 2468">
     <span class='ocr_line' id='line_1_41' title="bbox 208 2423 1474 2468; baseline 0.004 -15"><span class='ocrx_word' id='word_1_448' title='bbox 208 2426 288 2460; x_wconf 79' lang='lat' dir='ltr'>ciac,</span> <span class='ocrx_word' id='word_1_449' title='bbox 311 2423 486 2461; x_wconf 69' lang='lat' dir='ltr'>Alcibiadis,</span> <span class='ocrx_word' id='word_1_450' title='bbox 503 2426 734 2465; x_wconf 80' lang='lat' dir='ltr'>Themistoclis,</span> <span class='ocrx_word' id='word_1_451' title='bbox 754 2427 878 2463; x_wconf 71' lang='lat' dir='ltr'>Thesei,</span> <span class='ocrx_word' id='word_1_452' title='bbox 902 2429 1038 2466; x_wconf 84' lang='lat' dir='ltr'>Lycurgi,</span> <span class='ocrx_word' id='word_1_453' title='bbox 1091 2430 1136 2465; x_wconf 84' lang='lat' dir='ltr'>ri,</span> <span class='ocrx_word' id='word_1_454' title='bbox 1159 2438 1233 2468; x_wconf 81' lang='lat' dir='ltr'>quae</span> <span class='ocrx_word' id='word_1_455' title='bbox 1253 2427 1474 2459; x_wconf 82' lang='lat' dir='ltr'>interciderunt.</span> 
     </span>
    </p>
   </div>
   <div class='ocr_carea' id='block_1_22' title="bbox 1983 708 2013 2212">
    <p class='ocr_par' dir='ltr' id='par_1_23' title="bbox 1983 708 2013 2212">
     <span class='ocr_line' id='line_1_42' title="bbox 1983 708 2013 2212; baseline 0 0"><span class='ocrx_word' id='word_1_456' title='bbox 1983 708 2013 2212; x_wconf 95' lang='lat' dir='ltr'> </span> 
     </span>
    </p>
   </div>
   <div class='ocr_carea' id='block_1_23' title="bbox 1975 1942 1993 2707">
    <p class='ocr_par' dir='ltr' id='par_1_24' title="bbox 1975 1942 1993 2707">
     <span class='ocr_line' id='line_1_43' title="bbox 1975 1942 1993 2707; baseline 0 0"><span class='ocrx_word' id='word_1_457' title='bbox 1975 1942 1993 2707; x_wconf 95' lang='lat' dir='ltr'> </span> 
     </span>
    </p>
   </div>
  </div>
 </body>
</html>
