2013 2725
219 157 281 200 336
384 151 458 188 Lib.
473 147 539 186 IV
537 176 546 186 .
557 160 581 185 c.
596 144 752 185 XVIII.
881 142 1065 182 LVCIANI
1099 142 1290 180 SCRIPTA
1619 141 1679 169 V01-
1696 142 1742 169 ΠΙ
1759 149 1786 174 p.
1802 140 1944 174 405P496

324 257 368 292 35.
401 243 479 295 Περὶ
501 244 547 282 ‘ri
566 239 741 290 Ἠλέκτ-ξε
765 236 782 283 ἢ
803 240 868 278 τῶν
888 236 1037 280 Κύκνων,
1080 235 1239 286 praefatio
1261 234 1300 272 de
1320 236 1451 272 Eledlro
1475 249 1512 271 ac
1531 237 1736 272 Phaethonte
1760 246 1790 272 et
1814 234 1945 272 Eridani
2010 247 2013 286 ς

221 301 352 347 Cygnis
369 298 407 340 ²).
436 307 519 331 tom.
539 296 579 330 ΙΙ.
606 306 682 341 pag.
702 295 765 337 369
780 313 824 318 -
836 303 905 337 372.
930 292 1000 337 [ΙΙΙ.
1015 303 1088 339 pag.
1104 290 1280 335 87—99.]
1330 291 1436 323 Vertit
1454 288 1646 324 Vincentius
1660 289 1846 336 Obfhpoeus.

323 367 375 408 36.
395 358 570 414 Ὶ-Ιςᾶὃοτος
591 357 610 404 ἢ
632 358 782 402 Ἀετίων,
807 358 993 393 Herodotus
999 358 1069 406 stuc
1088 357 1198 392 Ae'tio.
1252 354 1411 392 Praefatio
1435 355 1475 392 ad
1492 354 1659 406 sophistas,
1682 356 1827 390 rhetoras
1848 363 1879 390 et
1901 354 1950 388 hi-

227 417 378 458 storicos,
403 418 436 450 in
454 412 673 456 Macedonia,
704 408 972 456 (Thessalonicae
991 408 1104 454 forte‚)
1131 420 1368 457 congregatos,
1391 422 1472 457 qua,
1494 407 1656 457 specimen
1676 405 1810 455 aliquod
1827 406 1949 454 ingenii

229 468 387 510 editurus,
411 475 521 515 optat,
548 462 578 500 se
595 463 709 499 eadem
725 460 859 498 fortuna
879 461 962 510 apud
985 474 1039 496 eos
1061 463 1124 501 vti,
1149 473 1213 508 qua
1231 460 1421 496 Herodotus
1438 460 1609 496 historicus
1625 471 1701 493 cum
1718 458 1865 494 historias
1881 455 1949 492 suas

227 522 263 555 in
280 519 448 567 Olympiis
473 515 692 567 praelegeret,
719 514 772 550 vel
795 517 889 550 Aetio
911 514 1034 563 Ρίέῖοτ,
1064 525 1162 561 quum
1186 524 1316 547 amores
1333 513 1482 547 Roxanis
1497 522 1527 547 et
1543 509 1718 547 Alexandri
1737 512 1786 546 M.
1807 523 1825 544 a
1847 506 1877 544 se
1895 507 1948 543 de-

227 572 352 621 pissos,
374 573 408 605 in
430 569 545 605 iisdem
562 568 730 615 Olympiis
755 564 970 615 inspiciendos
991 563 1091 600 daret.
1123 574 1205 600 tom.
1222 565 1244 599 1.
1267 576 1344 613 pag.
1360 566 1549 610 571—576.
1582 565 1622 610 [Ι.
1647 574 1721 611 pag.
1740 558 1950 606 831—838]

229 626 333 659 Vertit
354 623 547 658 Vincentius
564 620 756 666 ObfiJpoms.

331 702 381 734 37.
409 688 500 727 Θεῶν
524 685 728 729 Ἐκκλησία,
755 684 892 720 deorum
919 681 1097 719 concilium
1118 680 1213 731 super
1235 680 1399 731 indignis,
1421 684 1454 718 in
1472 692 1606 718 coetum
1635 678 1783 731 ipsorum
1805 680 1951 728 receptis,

230 743 286 792 qui
302 755 360 790 per
374 740 544 776 decretum
563 741 745 773 eiiciuntur.
768 747 854 773 tom.
871 738 910 771 11.
926 748 999 785 pag.
1016 747 1215 784 γορ-γη.
1244 734 1315 780 [ΙΙΙ.
1330 747 1406 784 pag.
1422 735 1633 781 527—538.]
1686 735 1790 769 Vertit
1815 732 1952 768 Vincen-

232 797 300 830 tius
317 792 512 840 Obsopoeus.
539 789 596 837 [if]

333 866 384 903 38.
412 857 491 907 Περὶ
507 857 655 897 Θυσιῶν,
681 857 719 890 dc
738 853 908 901 sacrificiis
925 850 1111 896 dissertatio,
1138 865 1202 902 qua
1217 852 1397 896 contendit,
1420 855 1625 890 Graecorum
1643 853 1952 902 Aegyptiorumque

231 922 264 948 et
279 912 419 948 aliarum
436 912 585 958 gentium
601 905 708 948 sacra,
736 916 766 941 et
782 919 864 955 quae
880 905 919 940 de
936 904 995 940 diis
1011 916 1192 953 eorumque
1207 906 1292 944 vita,
1315 916 1347 940 et
1367 903 1601 941 sacrificiorum
1623 918 1661 939 ac
1684 903 1808 939 nidoris
1833 900 1954 937 defide-

2010 222 2013 244 1

235 967 284 998 rio
305 965 454 1011 garriunt
476 969 611 1008 poetae,
642 968 672 993 et
691 956 792 992 credit
815 956 949 1004 vulgus,
981 969 1049 990 non
1073 953 1188 990 seriam
1214 953 1477 992 confutationem
1500 959 1640 998 mereri,
1671 953 1726 990 sed
1746 953 1954 990 Heraclitum
2012 987 2013 990 ,

234 1016 401 1062 aliquem,
428 1014 483 1061 qui
507 1010 640 1046 illorum
663 1007 823 1043 inscitiam
845 1007 1014 1055 deploret,
1041 1006 1093 1041 vel
1118 1008 1369 1051 Democritum,
1404 1010 1460 1057 qui
1481 1007 1584 1044 rideat
1605 1009 1796 1044 amentiam.
1831 1007 1954 1042 tom.1.

234 1079 310 1117 pag.
328 1068 382 1109 361
395 1075 519 1107 -371.
549 1062 588 1108 [Ι.
603 1073 675 1110 pag.
694 1059 902 1106 525—539.]
957 1060 1062 1094 Vertit
1074 1059 1244 1094 Erasmus.

335 1145 387 1179 39.
411 1130 693 1179 Ἰκοιρομένιππος
714 1122 731 1170 ii
754 1126 994 1177 ὑπερνὲφελος,
1016 1123 1183 1173 dialogus,
1208 1137 1275 1174 quo
1292 1126 1475 1176 Menippus
1496 1139 1578 1162 vana
1595 1127 1774 1162 hominum
1797 1123 1899 1161 studia
1925 1135 1955 1160 et
1980 1130 1984 1133 '
2012 1166 2013 1171 ¹

200 1218 202 1220 ,
234 1183 512 1271 ΡΙιῑΙοΓοὲΙιοτυιῑι
538 1178 750 1216 insanientem
775 1177 966 1228 sapientiam
986 1176 1077 1213 ridet.
1105 1188 1188 1214 tom.
1201 1179 1242 1212 11.
1264 1190 1341 1227 pag.
1361 1182 1556 1220 186—210.
1580 1180 1634 1226 [ΙΙ.
1651 1190 1726 1228 pag.
1741 1177 1955 1224 751-790-]

235 1238 343 1272 Vertit
393 1246 530 1270 rannus.

340 1315 394 1347 40.
420 1301 563 1340 Ἱππίας
577 1296 593 1343 ἢ
608 1298 820 1343 βαλανεῗος,
846 1293 1025 1345 praefatio,
1053 1295 1093 1333 de
1104 1296 1223 1333 balneo
1237 1298 1402 1347 Hippiae,
1429 1310 1498 1333 non
1516 1300 1631 1333 veteris
1648 1296 1746 1339 illius,
1769 1295 1897 1332 Platoni
1912 1298 1957 1342 ¹¹),
2012 1309 2013 1312 ¹

239 1354 380 1405 Apuleio
397 1363 427 1390 et
441 1353 509 1388 aliis
523 1353 719 1395 memorati3
744 1348 797 1385 sed
816 1348 962 1390 alterius,
989 1351 1044 1397 qui
1061 1351 1195 1384 Luciani
1213 1360 1315 1385 aetate
1330 1352 1413 1386 vixit
1427 1359 1458 1384 et
1478 1353 1510 1385 in
1528 1352 1620 1386 omni
1642 1362 1762 1397 genere
1776 1345 1957 1397 disciplina-

240 1420 317 1444 rum
343 1404 504 1442 excellens
527 1400 602 1440 fuit.
638 1412 721 1439 tom.
734 1403 774 1438 11.
799 1413 873 1450 pag.
886 1410 1082 1447 354—359.
1121 1402 1193 1448 [ΙΙΙ.
1218 1414 1294 1452 pag.
1310 1402 1490 1448 66—74.]
1545 1404 1652 1437 Vertit
1676 1401 1870 1437 Vincentius
1892 1400 1957 1436 011-

231 1460 380 1508 sopoeus.

342 1537 388 1569 4¹·
416 1525 492 1562 1143.-
515 1517 560 1561 ὃέἱ
578 1520 718 1571 Ἰςοξὶοιν
742 1518 978 1571 συγγράφειν,
1006 1520 1159 1566 quomodo
1184 1520 1334 1568 Historia
1344 1520 1509 1567 firibenda
1527 1522 1590 1572 fit,
1615 1519 1696 1557 liber
1714 1518 1754 1556 ad
1772 1520 1958 1563 Philonem.

233 1589 307 1628 ¹quo
322 1575 491 1612 Milesium
506 1572 704 1623 quemdam,
732 1584 804 1608 tum
822 1575 1016 1620 Creperium
1036 1572 1297 1622 Calpurnianum
1323 1573 1647 1622 Pompeiopolitam,
1676 1572 1959 1620 Callimorphum,

242 1627 410 1665 medicum
433 1626 632 1662 hastatorum
659 1625 797 1673 legionis
824 1622 948 1661 sextae.
976 1623 1212 1673 philosophum
1227 1627 1438 1660 Corinthium
1462 1626 1717 1660 Antiochianum
1741 1626 1959 1660 Hieronicem

177 1712 180 1715 .
241 1680 425 1729 Apollinis,
450 1679 657 1714 Demetrium
672 1673 925 1724 Sagalaffensem
942 1674 1096 1710 Pifidium
1109 1676 1257 1725 aliosque
1281 1679 1408 1724 ineptos
1435 1675 1488 1712 illa
1510 1686 1611 1712 aetate
1637 1676 1711 1712 belli
1726 1678 1959 1712 Romanorum

242 1744 319 1767 cum
339 1731 473 1771 Parthis,
488 1743 516 1765 a.
533 1730 610 1764 Chr.
626 1731 691 1773 165.
706 1726 884 1769 commiffi,
905 1724 1073 1776 scriptores
1088 1727 1283 1777 perstringit,
1306 1738 1376 1763 tum
1396 1726 1504 1770 docet,
1528 1726 1718 1764 historicum
1737 1728 1882 1764 alienum
1898 1725 1960 1764 effe

242 1783 359 1820 debere
375 1797 393 1818 a
408 1781 584 1817 rationibus
599 1782 741 1815 encomii
759 1789 789 1814 et
805 1779 1002 1820 inuetfiiuae,
1029 1792 1090 1813 nec
1106 1779 1264 1828 voluptati
1283 1777 1452 1816 consulere
1467 1779 1521 1814 alii
1539 1780 1721 1823 lectorum,
1747 1779 1806 1815 nifi
1821 1793 1905 1828 quae
1921 1792 1960 1816 ex

242 1837 376 1872 veritate
392 1829 627 1881 consequatur,
654 1844 760 1878 neque
775 1833 806 1865 in
829 1831 922 1866 rebus
938 1830 1030 1866 nihili
1047 1830 1266 1879 copiosiorem
1285 1833 1476 1880 praecipuas
1496 1831 1716 1874 trmisuolare,
1742 1828 1796 1867 sed
1819 1830 1960 1880 pruden-

243 1890 285 1923 tia
301 1885 391 1922 ciuili
411 1895 441 1920 et
459 1884 647 1932 eloquentia
663 1883 858 1918 instrutstum
874 1885 983 1930 reique
1001 1881 1149 1917 militaris
1168 1886 1292 1932 peritia,
1309 1896 1370 1924 τες,
1386 1892 1485 1931 prout
1499 1882 1605 1931 gestae
1623 1881 1703 1924 sunt,
1726 1882 1898 1932 diligenter
1912 1887 1960 1919 in·

243 1937 373 1988 quifitas
396 1947 426 1972 et
442 1938 477 1971 in
499 1937 758 1971 commentarios
781 1936 869 1982 prius
891 1934 1021 1976 relatas,
1045 1947 1176 1970 narrare
1197 1934 1314 1974 libere,
1347 1931 1531 1981 perspicue,
1566 1938 1728 1983 grauiter,
1761 1948 1830 1972 non
1852 1937 1959 1984 paucis

242 1992 324 2029 illis,
347 1987 387 2024 ad
400 2000 484 2038 quos
500 1985 661 2022 scribentis
675 1999 790 2027 amor,
816 1985 949 2026 odium,
975 1994 1079 2020 metus
1097 1996 1128 2021 et
1150 1985 1217 2036 spes
1233 1984 1319 2021 sorte
1340 1984 1479 2033 spetfiat‚
1505 1984 1559 2021 sed
1577 1987 1749 2029 omnibus,
1775 1996 1805 2023 et
1825 1986 1962 2037 posteris

241 2043 426 2090 praecipue.
459 2050 540 2074 tom.
558 2040 581 2076 Ι,
611 2052 686 2087 pag.
702 2040 912 2082 600—639.
945 2037 1000 2082 [ΙΙ.
1024 2050 1096 2085 pag.
1112 2043 1248 2084 1—69.
1302 2041 1405 2073 Vertit
1425 2039 1560 2072 Iacobus
1577 2039 1741 2087 Micyllus.
1801 2040 1961 2075 Lucianus

241 2105 315 2143 pag.
331 2096 399 2133 618.
415 2092 596 2141 promittit,
622 2088 650 2125 se
666 2093 699 2126 in
713 2089 779 2126 alio
796 2102 896 2140 opere
913 2086 1129 2133 ostensurum,
1145 2092 1322 2140 prooemia
1338 2089 1499 2139 quaedam
1513 2090 1721 2126 historiarum
1739 2089 1814 2132 effe,
1844 2090 1962 2140 vulgus

1795 2141 1960 2180 lectorum

286 2212 317 2250 t)
350 2211 423 2240 Non
453 2209 491 2238 est
519 2206 749 2249 praefatiuncula
777 2208 920 2236 orationis
948 2206 1083 2243 alienius,
1168 2207 1205 2244 u)
1228 2209 1268 2236 Vt
1291 2208 1377 2237 etiam
1402 2206 1544 2237 Olearius
1565 2206 1600 2236 ad
1624 2206 1784 2238 Philostrat.
1806 2219 1870 2250 pag.
1886 2218 1957 2246 495.

244 2253 359 2284 habitae
381 2262 396 2281 a
413 2253 541 2281 Luciano
565 2253 593 2280 in
617 2251 746 2285 iudicio,
767 2251 956 2290 priusquam,
980 2251 1079 2280 rheto-
1124 2251 1322 2290 opinabatur,
1347 2249 1487 2279 refutatus
1502 2260 1518 2278 a
1533 2249 1632 2284 Moyse
1649 2250 1687 2281 du
1703 2251 1773 2282 Son!
1786 2253 1823 2283 ad
1840 2255 1959 2285 Luciani

244 2299 295 2332 ris,
315 2296 373 2325 fiue
395 2294 548 2329 caussidici,
571 2293 691 2334 persona
714 2292 859 2332 deposita,
879 2291 1016 2323 induisset
1037 2293 1080 2323 so-
1124 2292 1240 2330 locum,
1267 2292 1304 2323 ab
1318 2294 1382 2323 init.
1397 2303 1462 2334 pag.
1480 2295 1528 2322 66.
1552 2293 1645 2326 Harl.

245 2340 412 2381 phisticam,
441 2346 472 2367 vt
491 2336 714 2367 Th.Marcilius
736 2335 871 2375 putabam
897 2334 962 2370 sed,
985 2336 1081 2366 iudice

246 2385 393 2418 Gema-ro,
417 2382 457 2409 est
474 2377 653 2421 προσλαλιοὲ,
681 2380 785 2409 ceteris
806 2376 924 2414 similis,
958 2386 1019 2409 tota
1037 2378 1081 2409 so-

244 2426 374 2468 phistica.
398 2424 491 2455 Harl.
