2049 2720
54 112 176 140 v01.VII
201 120 216 145 r·
236 111 285 142 38⁶
296 111 377 156 P3—533
520 110 662 145 TOMO
687 111 712 146 I.
737 109 858 145 EDIT.
888 109 1221 146 MORELLIANAE.
1324 111 1395 148 Lib.
1410 112 1453 150 V.
1473 127 1495 148 t.
1511 114 1655 152 XLIII.
1705 120 1770 162 767

50 206 89 240 X.
116 207 234 245 Anasi,
260 206 393 238 inuento
419 205 670 252 quingentarum
696 202 930 238 drachmarum
949 201 1117 244 thesauro,
1145 204 1237 240 mille
1254 203 1425 240 drachmas
1441 221 1479 242 ex
1503 207 1593 256 lege,
1630 208 1769 248 thesauri

149 257 372 291 iuuenioribus
406 254 527 302 pofita,
553 254 696 305 pendere
721 257 843 290 aerario
870 254 957 295 iulii,
985 267 1014 290 et
1039 259 1176 291 cicutam
1199 254 1367 304 poscenti&
1390 271 1421 306 p.
1437 261 1505 300 361.

47 333 105 368 XI.
134 329 280 367 Parasiti.
310 329 469 376 poscentis
498 334 657 370 cicutam,
696 333 856 365 nutritore
890 329 947 366 suo
965 332 1074 367 aluxu
1104 331 1143 367 ad
1179 331 1406 382 philosophiae
1435 333 1574 371 ssudium
1605 336 1766 374 conuerso

147 394 262 430 p.377.
282 382 376 416 Fshr.
405 382 488 417 Cod.
503 384 658 416 Mari-ian.
674 382 1094 417 Ver-iftssCCCXXXL—
1113 383 1210 419 codd.
1222 386 1336 419 Medic.
1353 385 1435 434 apud
1449 388 1634 423 Bandin.¹1.
1651 391 1768 435 p.364‚

146 445 195 477 39.
227 444 300 481 pag.
317 437 386 478 365.
422 431 539 481 fragm.
567 446 638 481 pag.
654 436 727 476 376,
744 446 768 476 5.
790 437 827 468 In
857 433 930 469 cod.
952 435 1085 470 Matrit.
1107 437 1216 471 XLIX.
1233 436 1308 471 tesse
1323 439 1439 474 lriart.
1462 451 1536 487 pag.
1553 442 1619 482 167.
1641 441 1676 474 in
1697 453 1765 489 quo

148 485 220 519 cod.
247 484 354 533 plures
378 481 449 519 sunt
473 485 595 521 Libauii
620 484 884 520 declamationes.
909 486 1007 521 Harl.

43 562 114 596 XII.
141 562 304 601 Oratoris,
335 564 420 595 mori
438 560 541 609 elegc
559 559 735 608 poscentis,
763 574 864 609 quum
892 563 1002 596 ciuitas
1025 573 1100 595 eum
1125 559 1249 597 tradere
1280 563 1386 599 nollet
1409 564 1514 604 hosti,
1549 567 1603 614 qui
1631 579 1692 615 pro
1715 565 1761 601 ft.-

146 612 336 652 cultan'bus,
365 613 477 660 quibus
498 612 659 661 pollebat,
684 613 833 653 volebat,
868 611 892 648 fi
912 615 1064 648 inimicus
1085 611 1142 647 sibi
1175 612 1369 657 traderetur,
1403 620 1567 653 caritatem
1598 630 1760 660 annonae,

145 676 208 713 qua
227 663 415 698 laborabant
441 667 543 709 ciues,
565 664 685 698 leuare.
707 676 737 711 p.
754 667 828 708 386.

41 739 126 775 xm.
154 737 406 780 Demosthenis,
429 741 514 774 mori
532 738 740 786 postulantis,
767 738 845 774 dum
864 737 1089 780 Athenienses,
1122 741 1341 777 Chaeronenfi
1354 755 1466 792 pugna
1479 744 1570 787 vicli,
1593 745 1760 794 Philippo,

142 787 286 838 poscenti
309 803 405 836 eum,
427 790 550 825 tradere
565 804 624 840 per
646 792 791 840 quinque
808 790 875 827 dies
897 790 1089 827 consultant.
1105 805 1179 840 pag.
1195 805 1267 838 397.
1360 794 1365 795 ⁷

42 865 100 913 [P]
123 867 210 901 XIV.
238 865 486 907 Demosthenis,
511 866 550 901 ab
572 879 627 902 ara
649 865 889 903 misericordiae
912 867 1058 902 abssrad’ti
1085 869 1123 903 ab
1138 868 1382 904 Atheniensibus
1409 869 1628 921 Philippoque
1648 872 1760 915 dediti,

142 915 195 953 sed
220 919 336 953 iterum
359 918 398 952 ab
420 931 461 953 eo
483 917 622 961 dimini,
646 920 752 960 atstio,
778 930 810 953 vt
830 931 920 954 aram
944 918 1054 962 illam,
1089 929 1200 968 vtpote
1227 922 1381 956 Numinis
1407 921 1647 960 misericordiae
1679 937 1758 959 con-

141 978 312 1011 temtores,
335 967 494 1004 dejiciant.
510 982 585 1018 pag.
605 981 678 1012 41¹·
692 971 788 1004 fabr.
810 983 839 1005 v.
861 971 1003 1005 Bandini
1025 980 1084 1005 cat.
1100 973 1123 1005 I.
1147 984 1221 1020 pag.
1241 976 1372 1016 440.11.
1393 986 1466 1021 pag.
1482 977 1558 1016 362.
1571 987 1609 1011 11.
1630 990 1662 1024 p.
1683 978 1756 1020 366,

141 1026 192 1059 28.
212 1034 247 1069 p.
264 1022 335 1064 376,
356 1032 386 1063 3.
399 1034 475 1069 pag.
491 1033 557 1067 552,
573 1033 621 1064 23.
640 1041 690 1047 —
716 1023 750 1056 in
768 1020 840 1057 cod.
859 1022 991 1057 Matrit.
1014 1023 1126 1057 XLIX.
1145 1036 1175 1056 v.
1192 1025 1292 1058 Iriart.
1316 1037 1347 1072 p.
1365 1028 1431 1066 168.
1452 1026 1548 1062 Harl.

37 1096 110 1131 XV.
137 1095 389 1136 Demosthenis,
412 1095 486 1132 dedi
505 1097 658 1146 Philippo
673 1099 849 1144 cupientis,
876 1111 954 1133 cum
973 1101 995 1132 is
1013 1097 1107 1134 mille
1131 1101 1277 1146 captiuos
1299 1113 1362 1149 pro
1382 1113 1423 1136 eo
1438 1099 1687 1138 Atheniensibus
1709 1100 1755 1136 di.

138 1146 310 1183 missurum
333 1146 506 1196 recepisset.
527 1161 600 1197 pag.
615 1160 684 1192 423.
706 1150 807 1185 Fahr.
832 1162 862 1185 v.
879 1151 1021 1185 Bandin.
1041 1160 1100 1185 cat.
1119 1150 1143 1184 Ι.
1165 1164 1196 1199 p.
1213 1154 1286 1195 362,
1309 1164 1352 1187 12.
1375 1153 1477 1188 Irim-t.
1499 1165 1532 1200 p.
1549 1155 1618 1192 168.
1653 1154 1754 1189 Harl.

37 1241 124 1277 XVI.
149 1239 381 1275 Demosthenis
396 1239 550 1288 apologia
564 1238 717 1276 aduersus
727 1239 945 1283 Athenienses,
969 1244 1024 1290 qui
1039 1255 1113 1276 eum
1132 1240 1370 1283 accusauerant,
1397 1242 1485 1292 quod
1503 1242 1645 1278 dimissus
1662 1245 1758 1278 aPhi·

136 1291 248 1340 lippo,
276 1291 314 1325 ad
336 1303 439 1338 remp.
464 1304 534 1326 non
562 1295 680 1327 iterum
703 1290 889 1333 acceffisset.
915 1305 987 1340 pag.
1003 1304 1069 1337 435.
1094 1294 1190 1328 Fabr.
1218 1307 1247 1328 v.
1266 1295 1411 1328 Bandini
1436 1294 1527 1329 catal.
1543 1295 1566 1328 Ι.
1587 1306 1662 1343 pag.
1679 1306 1756 1339 440.

137 1353 220 1378 tom.
239 1344 274 1378 ΙΙ.
300 1355 375 1389 pag.
389 1346 525 1386 362,216.
546 1353 578 1377 et
597 1356 629 1390 p.
645 1355 708 1387 552,
732 1355 774 1385 31.
799 1342 872 1379 cod.
895 1344 1006 1391 Parffi‘s.
1021 1345 1410 1383 MMDCCCCXCVIII.
1432 1365 1482 1372 —
1507 1347 1540 1380 in
1554 1345 1628 1381 cod.
1646 1347 1758 1382 Matr.

131 1395 246 1430 XLIX.
268 1407 299 1429 v.
323 1397 440 1430 Jriart.
461 1407 536 1442 pag.
559 1399 631 1435 168.
654 1395 756 1430 Harl.
1504 1396 1508 1397 ⁷

34 1473 136 1508 XVII.
158 1468 339 1518 Hyperidis
361 1479 474 1504 contra
497 1468 680 1505 Demaden]
703 1483 764 1518 pro
793 1469 1033 1508 Demosthene,
1066 1484 1109 1505 ne
1137 1473 1371 1521 peregrinitatis
1401 1472 1571 1508 conamus
1602 1471 1754 1521 Philippo

132 1522 342 1564 venderetur,
365 1519 417 1555 sed
438 1523 470 1555 in
492 1520 557 1556 fide
580 1521 694 1569 popuii
718 1520 917 1556 Atheniensis
941 1519 1026 1556 esset.
1045 1535 1119 1570 pag.
1137 1527 1213 1565 468.
1244 1524 1370 1558 Fabric.
1400 1537 1429 1558 v.
1457 1525 1602 1559 Bandtni
1629 1527 1753 1562 cat..lI.

131 1588 164 1623 p.
181 1576 252 1617 363,
266 1584 313 1618 25.
337 1582 368 1608 et
391 1586 423 1621 p.
449 1575 528 1615 366,
543 1585 596 1607 20.
627 1575 663 1608 In
687 1571 760 1608 cod.
785 1573 910 1610 Matrit.
934 1575 1047 1607 XLIX.
1077 1586 1109 1608 v.
1133 1575 1250 1608 Iriart.
1272 1588 1305 1624 p.
1321 1577 1388 1616 168.
1421 1575 1520 1610 Harl.

34 1651 154 1691 XVIII.
181 1650 350 1690 Cimonis,
378 1651 536 1695 petentis,
561 1658 596 1683 vt
612 1661 673 1696 pro
687 1659 797 1696 patre,
819 1647 992 1690 Miltiade,
1023 1650 1056 1683 in
1071 1648 1201 1686 vincula
1218 1653 1411 1686 coniiciatur
1423 1663 1498 1700 pag,
1513 1662 1592 1696 479.
1609 1636 1708 1686 Fahr.
1724 1663 1763 1706 y.
1797 1671 1806 1674 -
1834 1652 1861 1671 ’ἴ

132 1702 274 1737 Bandin.
292 1709 352 1735 cat.
374 1700 416 1735 Π.
436 1713 510 1748 pag.
525 1702 602 1742 366,
624 1707 670 1740 ¹8·
697 1709 728 1734 et
745 1711 809 1744 552,
836 1712 882 1745 19.
912 1700 1009 1737 Harl¹

35 1780 118 1815 XIX.
142 1777 568 1813 Corinthioruminuectiua
583 1778 616 1809 in
626 1773 846 1817 Athenienses,
862 1774 952 1810 velut
966 1777 1095 1823 impiOS,
1112 1774 1200 1824 quod
1211 1775 1398 1812 Potidaeam
1417 1776 1598 1814 obsidendo
1613 1776 1652 1813 ad
1671 1775 1754 1812 sum-

133 1841 225 1864 mam
246 1825 373 1863 famam
395 1830 479 1862 ciues
503 1826 735 1875 compulerant
755 1837 786 1861 vt
809 1828 954 1862 carnibus
978 1829 1128 1860 humanis
1151 1825 1362 1863 vescerentur.
1385 1842 1417 1876 p.
1435 1836 1510 1876 489.
1532 1831 1631 1866 Fabr.
1661 1830 1753 1864 Ban-

132 1881 198 1915 din.
219 1880 257 1914 11.
279 1892 355 1928 pag.
371 1880 440 1922 362.
457 1886 488 1920 8.
512 1890 587 1927 pag.
604 1880 680 1922 366,
704 1891 751 1923 19.
769 1880 884 1913 Iriart.
908 1891 940 1925 p.
960 1882 1029 1917 168.
1056 1878 1155 1913 Harl.

31 1958 101 2005 XX.
123 1954 274 1997 Neoclis,
301 1956 357 2003 qui
380 1954 499 1996 filium,
528 1953 812 1995 Themistoclem,
833 1952 962 2003 pridem
979 1952 1204 1995 abdicauerat,
1229 1963 1262 1990 et
1280 1966 1368 1990 nunc
1389 1953 1462 2005 post
1484 1955 1659 2001 victoriam
1683 1934 1779 1992 eius-⁷.

131 2007 362 2047 Salaminiam,
385 2005 479 2054 gestit
507 2007 660 2053 recipere.
686 2018 760 2053 pag.
779 2017 841 2050 51¹.
1605 2050 1611 2055 ,
1769 2053 1772 2056 η

30 2085 115 2121 XXI.
140 2081 397 2124 Themistoclis,
418 2084 516 2130 recipi
536 2096 553 2116 a
568 2092 658 2128 patre
675 2082 851 2116 abnuentis.
879 2093 952 2130 pag.
970 2082 1040 2125 526.
1061 2081 1161 2116 Fabr.
1187 2082 1334 2130 Vtraque
1347 2080 1543 2118 declamatio
1560 2095 1607 2118 nr.
1627 2084 1692 2117 XX.
1713 2062 1769 2119 'et'v

132 2145 163 2171 et
177 2137 252 2170 huic
266 2131 446 2169 aduersaria
463 2147 511 2168 nr.
522 2134 607 2167 XXI.
623 2131 666 2167 est
684 2135 716 2167 in
731 2132 826 2167 codd.
838 2133 958 2168 Medic.
977 2145 1028 2179 ap.
1042 2133 1176 2170 Homini,
1195 2133 1233 2168 Π.
1251 2146 1281 2180 p.
1304 2137 1377 2175 366.
1405 2147 1453 2169 nr.
1471 2136 1572 2169 XXII.
1590 2144 1620 2168 et
1635 2136 1751 2170 XXIII.

134 2197 164 2223 et
187 2199 260 2235 pag,
276 2197 339 2230 552.
367 2198 416 2220 nr.
430 2185 531 2219 XVII.
563 2194 595 2219 et
613 2185 734 2220 XVIII.
769 2203 804 2210 —
851 2184 980 2218 Neoclis
1004 2192 1063 2220 etc.
1088 2186 1122 2219 in
1151 2181 1266 2218 codice
1292 2186 1428 2221 Matrit.
1447 2187 1558 2221 XLIX.
1582 2198 1612 2222 v.
1635 2187 1749 2222 Iriart.

129 2250 206 2287 pag.
225 2239 293 2282 267.
318 2236 421 2273 Harl.

30 2315 129 2350 XXII.
153 2315 295 2362 Neptuni
311 2309 460 2348 aduersus
476 2311 640 2354 Martem,
664 2309 885 2347 Halirrhothii
900 2309 952 2355 22>
972 2306 1230 2346 interfectorem.
1249 2324 1283 2360 p.
1301 2321 1368 2356 530.
1525 2362 1630 2399 xxm
1657 2363 1699 2398 M

1633 2390 1639 2396 .
1700 2374 1747 2397 ar·

71 2417 131 2453 aez)
154 2413 375 2445 Halirrhothius
389 2414 525 2453 Neptuni
540 2411 637 2448 filius,
668 2421 766 2454 captus
785 2421 886 2442 amore
901 2409 1053 2451 Alcippes,
1077 2412 1180 2441 Martis
1199 2409 1286 2442 Εὔας.
