2049 2720
625 78 817 114 SCRIPTA
844 78 1118 116 DEPERDITA.
1233 80 1304 114 Lib.
1320 79 1392 116 IV.
1408 92 1434 120 c,
1452 81 1622 121 XXXII.
1699 100 1738 131 33

20 178 119 227 log'son
144 171 287 213 Aristidis
318 171 427 225 opusc.
457 176 490 209 in
520 172 672 222 catalogo
703 172 801 209 codd.
825 172 1002 217 omissum,
1047 171 1223 226 M01·3.‚»3[0422
1245 174 1300 214 ἐπὶ
1320 172 1471 225 Σμύρνη,
1506 176 1572 214 fine
1593 182 1735 218 angoris

18 229 148 282 quidem
173 230 328 269 nomine,
357 241 386 263 v.
410 228 468 261 viri
493 225 574 260 illius
599 227 658 262 ccl.
681 224 791 260 anecd.
815 238 861 272 gr,
880 229 920 262 Η,
938 239 1008 275 pag,
1026 241 1093 271 254-
1147 228 1237 262 mem
1258 230 1297 263 v·
1319 230 1357 261 D·
1376 229 1450 262 ffijd·
1468 242 1541 277 pag·
1559 244 1604 267 ¹0·
1632 236 1735 270 anim.

18 282 174 323 aduertit,
216 282 251 314 iu
276 280 414 314 Macarii
435 275 698 323 Chrysocephali
720 273 871 329 Ῥοέωνιοξ
904 276 964 313 effe
990 291 1064 327 pag.
1081 282 1123 312 (η.
1152 291 1301 326 excerpta
1330 292 1369 313 cx
1398 281 1591 328 quibusdam
1627 286 1735 324 Aristi,

19 333 69 373 dis
94 331 301 368 orationibus.
337 350 384 359 --
439 331 488 364 De
510 329 582 364 cod.
609 331 752 371 Veneto,
783 343 821 364 ex
844 341 910 378 quo
933 330 993 366 cel.
1014 331 1187 365 Mai-elsim
1212 329 1353 365 Aristidis
1374 333 1559 368 orationem
1583 334 1734 372 aduersus

20 386 191 433 Leptinem
219 384 339 430 primus
365 378 465 415 edidit
490 391 520 415 et
544 380 583 416 de
607 378 672 428 ipsa
697 383 847 416 oratione
872 384 919 416 vir
946 381 1001 416 ille
1024 380 1225 417 doctiffimus
1249 384 1282 416 in
1304 381 1405 429 praef.
1425 397 1499 432 pag.
1515 387 1570 420 XI.
1587 383 1674 436 seqq.
1689 400 1733 424 at-

19 448 84 485 que
106 447 178 483 pag.
196 435 279 469 XXI.
298 430 364 481 sqq.
391 430 430 467 de
455 430 581 467 scholiis
604 431 644 467 ad
668 431 839 467 Aristidem
865 432 990 467 ineditis
1013 434 1047 468 in
1069 432 1166 469 codd.
1189 435 1382 474 Marcianis,
1411 449 1427 469 e
1446 438 1559 483 quibus
1581 437 1635 474 ille
1658 442 1735 477 hinc

22 486 97 524 inde
121 483 280 534 quatdam
308 482 482 531 excerpsit,
523 482 761 531 diligentissime
788 481 987 533 copioscque
1011 482 1143 520 disserit.
1197 486 1328 520 Scholia
1356 496 1465 522 autem
1487 488 1608 524 inedita
1633 503 1735 540 eaque

19 537 114 577 valde
131 547 336 585 opportuna,
365 537 397 568 in
415 536 591 571 Marcianis
606 545 636 570 et
651 535 719 570 aliis
735 548 868 584 quoque
884 535 980 571 codd.
996 536 1092 571 obuia
1108 535 1170 579 Μ’),
1195 536 1308 583 passim
1328 540 1385 571 viri
1399 537 1500 580 docti,
1528 554 1608 588 quos
1625 542 1736 580 laudat

20 589 193 633 Motelliuz.
220 600 291 635 pag.
308 588 409 621 XXII.
430 586 726 632 commendarunt,
752 599 849 634 atquc
875 586 948 622 loca
973 601 1011 622 ex
1033 587 1093 622 illis
1119 587 1316 623 adtulerunt.
1369 592 1550 626 Au-storem
1574 604 1683 630 tamen
1700 597 1737 632 il-

19 641 132 679 lorum
150 638 366 679 scholiorum,
383 651 449 672 non
469 639 621 672 omnim
638 636 780 686 qudem,
804 636 914 673 saltem
933 652 973 672 ex
990 650 1092 686 parte,
1119 652 1224 687 neque
1237 637 1331 673 fuiffe
1347 641 1604 687 Metrophanem,
1631 648 1737 693 Phry,

22 695 115 742 glum
137 689 331 739 sophistam..
359 690 448 737 quod
466 691 500 723 in
517 686 735 737 suspicionem
758 693 844 724 venit
866 690 1017 725 (jisbeno
1033 693 1184 738 Cuper05
1212 704 1319 739 neque
1335 692 1563 736 Mmzodotum,
1590 706 1641 739 vt,
1672 703 1737 734 exf,

21 743 192 784 ssimarunt
212 739 406 776 Abreschius
431 749 462 775 et
479 741 646 783 Reiskius‚
671 742 719 784 (iu
738 740 804 776 vol.
819 744 861 776 V.
877 740 1065 776 animaduu.
1082 744 1113 776 in
1130 753 1177 789 gr.
1191 745 1274 778 auct.
1296 756 1367 790 pag.
1383 748 1465 791 591.)
1493 743 1579 781 idem
1601 750 1738 787 Moren-

21 794 121 832 docte
144 793 336 841 abundeque
357 789 474 827 effecit.
525 792 764 836 Mtroplmnem
788 791 922 841 quidem
945 791 1098 842 scripsisse
1123 791 1168 831 εἰς
1193 791 1249 831 τᾶν
1266 792 1440 844 ’Λξιςεὶὃην
1463 793 1667 847 ὁπᾶμνημα,
1695 814 1740 838 te-

22 847 144 883 ssantur
166 843 278 879 Suidas
301 846 335 878 in
358 845 390 879 h.
405 857 433 878 v.
456 852 486 878 et
511 842 658 878 Eudocia
678 856 754 891 pag.
773 855 841 886 301.
865 855 914 888 at,
953 859 1036 880 num
1058 847 1091 879 in
1113 848 1298 887 orationes,
1337 861 1381 882 an
1404 851 1437 883 in
1461 848 1561 885 libros
1584 852 1626 887 de
1650 857 1741 892 ciuili

21 897 165 933 diclione
187 894 360 942 scripserit,
386 907 455 929 non
476 903 674 930 memorant.
1093 903 1095 905 ·

129 963 277 998 Venetus
298 974 429 1010 quoque
451 964 484 996 in
507 961 586 996 bibl.
612 963 848 997 canonicorum
875 961 1073 1010 regularium
1101 962 1140 999 ad
1164 965 1206 999 D.
1232 966 1370 1000 Antonii
1395 975 1426 1000 et
1453 964 1591 1004 fratrum
1615 972 1742 1009 Praedi-

23 1023 174 1051 catorum
199 1013 239 1048 ad
263 1015 338 1048 DD.
356 1015 403 1048 Io.
419 1023 449 1048 et
465 1012 566 1048 Paulli
588 1010 721 1048 fuerunt
736 1013 814 1051 duo
836 1013 951 1055 codd.‚
987 1027 1066 1062 quos
1090 1018 1188 1050 etiam
1208 1018 1366 1051 canterus
1390 1020 1434 1051 vti
1462 1017 1527 1066 ipse
1553 1024 1584 1054 in
1609 1023 1741 1069 praefat,

23 1066 64 1102 ad
87 1064 263 1113 syntagma
284 1063 325 1100 de
347 1067 470 1099 ratione
495 1063 694 1100 emendandi
716 1066 866 1100 audiores
889 1078 940 1114 gr.
962 1064 1137 1109 indicauit,
1164 1069 1198 1101 in
1214 1066 1412 1103 recensendo
1428 1069 1568 1106 Aristide
1583 1073 1742 1117 adhibuit,

23 1130 55 1153 v.
70 1117 203 1153 Moraelt.
225 1116 248 1152 l.
263 1128 291 1150 c.
317 1128 389 1163 pag.
409 1116 527 1151 XXVI.

124 1183 244 1218 Romae
265 1184 301 1216 in
323 1180 399 1218 bibl.
418 1180 573 1229 Angelica
595 1179 669 1216 cod.
695 1182 794 1216 chart.
822 1178 900 1217 saec.
918 1183 1003 1218 XIV.
1027 1193 1062 1218 vt
1083 1185 1136 1218 hic
1152 1194 1184 1219 et
1202 1184 1277 1220 alibi
1298 1187 1513 1233 Montfaucon
1536 1189 1611 1226 bibl.
1631 1191 1744 1230 biblio.

26 1235 146 1280 (hecar.
167 1234 262 1270 MSS.
287 1236 543 1282 praetermittam
565 1232 606 1268 ad
629 1231 728 1268 codd.
752 1234 808 1281 qui
836 1236 871 1268 in
893 1236 1049 1270 Vaticana
1063 1235 1200 1284 aliisque
1216 1237 1420 1273 bibliothecis
1436 1240 1560 1276 exstare
1578 1241 1745 1289 dicuntur,

27 1285 103 1322 inde
124 1284 375 1321 enumerandos.
403 1305 453 1311 ·-—
505 1283 597 1319 Idem
621 1284 837 1329 Montfaucm
861 1288 895 1320 in
918 1284 1023 1321 diario
1049 1286 1158 1322 italico
1176 1286 1293 1331 refert,
1322 1289 1445 1325 exstare
1469 1293 1503 1326 in
1518 1293 1656 1330 biblioth
1672 1299 1745 1333 Me-

27 1337 142 1373 diotan.
161 1336 307 1384 Ambros.
324 1335 499 1380 Aristidis,
526 1335 706 1372 Polemonis
729 1336 937 1384 aliorumque
961 1341 1127 1373 orationes
1146 1342 1177 1373 in
1193 1339 1266 1378 cod.
1282 1354 1346 1380 rec.
1364 1341 1583 1387 bombycino,
1613 1347 1659 1395 (p.
1678 1350 1746 1394 16,)

27 1391 64 1433 in
81 1388 158 1424 bibl.
185 1388 311 1424 Veneta
336 1389 389 1423 SS.
414 1389 544 1423 Ioannis
574 1397 605 1422 et
638 1387 740 1423 Paulli
764 1390 1067 1424 Dominicanorum
1096 1391 1251 1438 Aristidis
1276 1402 1371 1429 oratt.
1405 1395 1438 1428 in
1461 1394 1535 1432 cod.
1558 1399 1744 1438 membran.

27 1437 107 1480 saec,
125 1441 181 1475 XI.
207 1441 307 1489 (pag.
322 1440 399 1484 47.)
432 1441 466 1474 in
488 1437 563 1473 bibl.
590 1439 734 1474 Florem.
757 1441 948 1476 monasterii
973 1442 1008 1477 B.
1033 1443 1162 1477 Mariae
1188 1443 1290 1488 Arist.
1315 1454 1409 1480 oratt.
1438 1447 1470 1480 in
1497 1446 1622 1483 duobus
1647 1450 1744 1490 codd.

26 1490 233 1536 bombycinis
251 1489 329 1526 saec.
344 1491 430 1526 XIV.
453 1493 543 1538 (pag.
560 1492 649 1536 367.)
673 1501 704 1526 et
718 1490 808 1526 Arist.
828 1491 993 1527 Monodia
1011 1491 1051 1527 de
1067 1495 1209 1538 Smyrna
1221 1521 1231 1535 ‚
1259 1498 1291 1529 in
1305 1495 1379 1530 cod.
1394 1496 1549 1543 bombyc,
1570 1500 1620 1548 (p.
1632 1505 1722 1548 369.)

132 1557 267 1592 Taurini
293 1559 325 1592 in
346 1556 496 1592 biblioth.
515 1560 624 1605 regia,
649 1558 756 1600 (catal.
774 1558 870 1594 codd.
887 1571 935 1606 gr.
952 1572 1026 1608 pag.
1045 1561 1130 1604 228.)
1155 1561 1288 1609 querela
1303 1561 1344 1597 de
1361 1564 1488 1612 templo
1503 1566 1629 1602 Cereris
1647 1568 1746 1605 Eleu-

29 1606 95 1645 fine
116 1607 248 1644 incenso
268 1619 365 1657 atque
387 1607 516 1651 exusto,
547 1612 581 1644 in
604 1609 676 1644 cod.
695 1611 794 1645 CXX.
818 1612 957 1646 chartac.
976 1609 1056 1646 saec.
1075 1613 1162 1647 XVI.
1734 1615 1745 1619 “

131 1677 168 1710 In
192 1676 270 1711 bibl.
291 1676 444 1710 Lam-ent.
470 1676 626 1718 Medicea,
666 1676 868 1720 Florentiae,
913 1677 990 1714 teste
1013 1679 1175 1713 Bandinio
1201 1682 1235 1714 in
1257 1678 1351 1717 catal.
1374 1680 1469 1717 codd.
1494 1695 1601 1731 graec.
1624 1695 1705 1723 torn.
1722 1690 1746 1724 Ι.

31 1739 106 1776 pag.
123 1738 194 1772 491.
215 1725 290 1761 cod.
307 1729 422 1761 XXIV.
447 1725 527 1774 plut.
546 1729 583 1761 X.
605 1737 699 1762 oratt.
717 1740 762 1771 17.
780 1748 828 1754 —
855 1738 940 1764 tom.
957 1731 994 1763 11.
1017 1727 1084 1778 sqq.
1112 1729 1318 1767 recensentur
1340 1744 1435 1768 oratt.
1457 1736 1490 1768 in
1508 1735 1604 1772 codd.
1619 1739 1746 1776 obuiae.

32 1777 112 1824 (col.
130 1778 217 1822 297.)
244 1777 317 1812 cod.
335 1778 391 1812 111.
415 1777 494 1825 plut.
512 1779 594 1813 LVI.
618 1790 666 1812 nr.
683 1780 843 1814 VIII-XI.
868 1790 963 1816 oratt.
982 1782 1040 1817 IV.
1062 1781 1113 1815 vbi
1137 1792 1270 1828 quartae
1292 1784 1336 1817 ad
1349 1786 1569 1829 imperatorem
1584 1791 1748 1834 quemdam

0 1840 1 1868 j
33 1831 189 1867 orationis
211 1831 339 1864 initium
362 1829 396 1862 in
419 1826 509 1862 editis
535 1841 602 1863 non
627 1831 745 1877 reperit
767 1828 940 1865 Bandinius
956 1851 1006 1858 -
1032 1840 1063 1866 et
1077 1844 1188 1876 ιιι-34.
1211 1835 1300 1882 (pag.
1313 1838 1402 1880 300.)
1431 1838 1686 1882 Panathenaica‚
1714 1843 1748 1877 in

0 1872 1 1927 l
33 1882 192 1929 principio
214 1892 288 1914 cum
311 1880 449 1926 margin.
473 1876 619 1917 scholiis,
647 1893 729 1928 quae
752 1882 791 1914 ab
809 1880 901 1915 editis
915 1881 1036 1917 diuersa
1053 1881 1210 1918 videntur.
1233 1904 1283 1911 —
1305 1884 1420 1920 eadem
1439 1889 1528 1936 (pag.
1548 1901 1614 1937 305.
1631 1903 1662 1928 et
1678 1904 1747 1938 392.

33 1931 115 1980 plut.
131 1932 196 1974 LV.
222 1929 296 1966 cod.
313 1931 399 1964 VIII.
425 1939 456 1964 et
479 1929 557 1978 plut.
576 1932 673 1965 LVII.
696 1930 769 1966 cod.
787 1933 901 1967 XXIV.
923 1945 971 1967 nr.
989 1946 1040 1968 20.
1063 1947 1139 1969 cum
1159 1932 1300 1971 scholiis.
1318 1956 1367 1963 -
1394 1940 1485 1986 (pag.
1504 1942 1575 1980 362.
1601 1952 1632 1977 et
1650 1953 1671 1977 t.
1693 1946 1747 1979 III.

35 1995 110 2032 pag.
124 1984 216 2027 266.)
242 1991 322 2018 orat.
348 1980 387 2016 ad
414 1982 601 2021 Achillem,
627 1981 750 2026 Vlyffis
766 1986 902 2019 nomine
916 1984 955 2018 ab
972 1986 1227 2032 Agamemnone
1241 1986 1356 2035 legati,
1384 1988 1458 2024 cod.
1473 1984 1555 2026 XXI.
1573 1993 1748 2040 plut,LV1.

36 2045 86 2071 nr.
101 2045 128 2077 3.
149 2043 182 2070 et
200 2032 272 2070 cod.
290 2034 346 2071 IX.
369 2031 452 2081 plut.
467 2034 625 2068 LXXXV.
643 2036 676 2070 in
692 2046 759 2082 quo
773 2044 937 2083 praeterea
959 2033 1032 2071 sunt
1052 2035 1215 2085 quaedam
1238 2038 1321 2074 aliae
1340 2039 1486 2076 Aristidis
1507 2047 1688 2086 orationes,
1715 2050 1750 2082 in

1699 2099 1748 2133 hi:

39 2205 58 2216 -,
76 2175 137 2219 μα’)
155 2180 188 2209 In
211 2176 283 2210 bibl.
299 2179 457 2208 Burmanni
474 2178 511 2209 11.
536 2180 584 2212 (v.
601 2177 681 2208 catal.
699 2177 777 2209 {llius
792 2180 869 2210 inter
912 2181 1011 2221 Eurip.
1027 2179 1063 2210 ad
1078 2180 1165 2210 huius
1179 2181 1474 2226 Hippolyt,pag,155‚
1490 2196 1556 2225 252,
1572 2189 1642 2218 item
1660 2189 1747 2230 Ill-qt.

38 2221 122 2252 codd.
145 2232 189 2251 nr.
208 2227 301 2255 12¹3.)
324 2222 430 2251 exstitit
459 2220 523 2251 cod.
545 2228 609 2251 mst.
634 2224 775 2258 eximius,
818 2225 870 2263 qui
914 2222 1040 2254 tenbach
1056 2223 1092 2253 ad
1105 2223 1248 2255 Plutarch.
1264 2225 1299 2255 de
1315 2228 1340 2258 S.
1351 2230 1390 2258 N.
1399 2230 1433 2259 V.
1449 2240 1513 2269 pag.
1532 2230 1627 2266 8.setc.
1656 2234 1746 2264 Grae-

38 2263 237 2305 eompleffitur
250 2263 355 2294 scholia
369 2263 478 2293 inedita
496 2266 525 2293 in
543 2265 697 2294 Panathen.
720 2272 747 2294 et
771 2267 800 2294 in
824 2276 869 2295 or.
913 2267 994 2295 vium
1012 2277 1129 2307 quoque
1146 2266 1274 2297 habuiss‘e
1290 2268 1397 2300 scholia
1411 2272 1534 2305 inedita,
1552 2280 1631 2313 patet
1646 2285 1679 2304 ex
1689 2278 1746 2306 Cu-

38 2314 93 2347 μυ
112 2309 329 2347 quatum-uiris,
366 2315 394 2336 et
416 2307 486 2336 dein
507 2309 589 2336 venit
612 2309 640 2336 In
663 2306 732 2336 bibl,
755 2307 870 2343 Pinelli‚
913 2311 977 2349 peri
997 2311 1076 2345 epist.
1100 2312 1130 2339 in
1152 2309 1292 2341 Giornale
1312 2312 1357 2343 de'
1370 2315 1509 2345 Letterati
1530 2316 1648 2346 Parmae
1664 2321 1744 2360 1637,

38 2350 151 2379 Veneti.
194 2351 234 2379 Ex
250 2348 308 2379 iuis
320 2348 387 2380 loca
402 2348 527 2392 protulit
542 2349 575 2382 V
574 2349 685 2382 alcken.
710 2350 746 2386 de
765 2350 871 2390 fragm.
914 2361 978 2393 pag.
994 2355 1059 2388 256.

83 2398 151 2431 Vol.
174 2399 232 2431 VI.
1075 2398 1105 2432 E
