2049 2720
58 150 221 184 v0!.m.p.
239 149 413 184 249P230-
523 145 585 185 DE
617 145 808 185 IOSEPHO
839 145 1297 185 PSEVDO-GORIONIDE
1365 149 1436 188 Lib.
1451 149 1518 188 IV.
1537 164 1561 188 e.
1577 150 1684 191 VIII.
1736 158 1776 203 5'7

60 259 133 289 cus,
159 248 215 294 qui
233 244 287 280 sub
303 245 362 281 isso
377 245 514 281 nomine
528 242 600 280 ssilo
617 241 705 280 facili
722 254 752 281 et
767 244 908 293 eleganti
924 242 1055 292 scriptus
1072 244 1192 283 exstat,
1218 256 1279 292 pro
1295 257 1373 280 vero
1389 245 1494 281 Flauii
1513 247 1639 298 Iosephi
1656 264 1694 286 ae
1716 265 1772 300 ge.

57 301 162 333 nuino
177 295 269 334 foetu
286 298 442 343 liabetur,
464 308 494 334 et
507 299 631 345 primus
649 298 717 332 eius
743 298 898 332 meminit
914 297 1076 332 Abraham
1098 298 1210 332 Leuita
1229 297 1291 332 ben
1310 297 1415 340 Dior,
1443 302 1513 348 (qui
1536 298 1658 350 scripsit
1680 318 1770 341 anno

59 349 178 385 Christi
199 352 303 396 1160.)
318 360 452 385 notante
465 351 582 384 Ioanne
596 349 742 384 Morino.
783 351 917 396 Magnis
935 361 1013 384 eum
1030 348 1145 397 elogiis
1161 351 1345 383 mactarunt
1364 350 1405 385 R.
1422 350 1539 385 Dauid
1552 353 1658 388 Ganz.
1674 368 1703 402 p.
1721 367 1770 402 95.

58 401 132 438 edit.
148 400 289 446 Vorssii,
317 403 357 437 R.
373 401 538 437 Abraham
555 400 678 440 Conat,
708 411 839 436 curator
860 404 984 448 primae
1006 398 1155 435 editionis
1173 400 1390 443 CPolitanae,
1422 401 1675 453 posteriorisque
1700 420 1773 454 pro.

57 454 163 493 batos,
188 453 228 488 R.
251 454 329 489 Tam
342 455 398 488 ben
415 453 559 488 Iechaia:
598 451 709 488 laudat
732 462 763 488 et
786 451 893 487 David
920 453 1071 496 Kimchi,
1110 454 1164 499 qui
1187 456 1226 487 A.
1252 452 1290 487 C.
1316 460 1402 496 1380.
1425 457 1522 496 vixit,
1557 455 1596 490 ad
1621 459 1773 504 Haggaei

57 517 75 539 2
89 505 185 540 Zach.
199 517 236 540 11.
252 514 283 539 et
298 507 330 540 in
343 504 427 541 libro
443 503 590 540 radicum
613 506 647 539 in
664 514 738 545 κε),
764 500 1077 553 quibusradsentitur
1091 502 1276 549 Mmzsterus
1300 506 1333 538 in
1357 503 1487 551 praefat.
1513 507 1570 554 [lf]
1623 510 1673 543 Ex
1698 510 1773 558 ipsis

56 568 137 592 vero
153 555 274 591 Iudaeis
291 559 436 605 grauiter
451 559 483 592 in
499 569 575 593 eum
591 557 753 591 inuehitur
768 558 808 592 R.
820 556 1001 590 Abarbanel
1015 553 1045 601 ἂι)
1059 558 1092 590 in
1108 557 1240 600 Majene
1256 553 1438 600 Hajesehua
1454 571 1526 606 pag.
1544 563 1592 603 65.
1615 559 1774 607 plurima.

58 619 123 655 que
143 607 246 643 aliena
270 621 295 643 ar
308 611 438 644 veritate
458 605 611 658 scripsisse
635 608 802 644 contendit
823 621 900 655 prae
924 618 1015 643 metu
1040 618 1070 642 et
1091 605 1243 642 adulandi
1265 609 1426 642 Romanis
1448 608 1563 645 fludio.
1616 614 1772 651 Ceterum

59 658 190 694 eruditis
206 658 305 695 hodie
321 660 509 705 Christianis
529 659 688 708 plerisque
704 659 840 696 dubium
856 672 925 695 non
940 658 1004 700 est,
1029 656 1205 707 losephum
1223 661 1348 695 huncce
1365 661 1565 697 Hebraicum
1588 675 1628 696 ex
1645 666 1772 702 Graeco

58 709 110 746 vel
133 713 238 758 potius
260 713 359 748 latina
375 709 501 760 losephi
513 714 620 760 graeci
634 711 780 748 verstone
794 709 856 748 effe
873 708 1058 761 expressum
1080 711 1131 746 vel
1150 721 1339 760 excerptum
1367 715 1492 760 potius,
1519 713 1579 749 nec
1594 713 1773 766 losephum

57 759 164 811 ipsum
180 765 368 807 auctorem,
394 762 445 799 sed
458 764 559 813 longe
577 767 793 799 recentiorem
812 764 958 812 aliquem
972 760 1052 804 effe,
1079 765 1134 811 qui
1151 776 1211 812 pro
1230 763 1333 798 lubitu
1348 763 1490 811 digestu,
1517 765 1658 810 addidit,
1681 772 1724 814 (v.
1738 783 1772 819 g,

57 811 182 850 fabulas
198 814 237 850 de
254 814 440 851 Alexandro
456 817 504 851 M.
527 829 544 850 e
570 813 933 859 Pseudo-Callisthene)
955 814 1180 861 interpolauit,
1206 814 1334 857 omisit,
1361 826 1393 850 vt
1419 816 1475 864 ipfi
1497 817 1672 856 videbatur.
1697 821 1773 859 Vid.

58 867 111 902 10.
127 867 253 901 Morini
267 870 429 903 exercitat.
446 867 520 902 bibl.
538 880 610 915 pag.
628 880 682 913 235
702 865 746 916 sq.
764 878 794 902 et
808 877 889 914 part.
903 869 959 902 lll.
976 865 1016 901 de
1032 864 1124 901 sacris
1140 865 1291 901 ordinatt.
1311 881 1384 916 pag.
1403 880 1465 911 147.
1495 867 1651 921 Drusium
1674 872 1727 909 lib.
1745 877 1772 912 1.

58 916 98 952 de
115 919 212 953 tribus
227 917 318 954 sectis
336 920 562 954 Hebraeorum
579 933 647 967 cap.
666 927 696 960 8.
723 920 770 954 Io.
787 919 981 954 Rainoldum
995 928 1078 953 tom.
1094 919 1117 952 1.
1135 918 1287 967 praeled.
1305 917 1344 954 de
1360 922 1571 968 Apocryphis
1588 936 1616 971 p.
1636 935 1713 968 ¹242
1729 923 1774 976 sq.

6 1009 8 1011 ,
57 968 250 1016 Scaligerum'
266 970 403 1006 elencho
420 969 594 1006 trihaeresii
610 984 679 1020 cap.
694 983 715 1014 4
729 968 772 1019 sq.
799 971 1032 1005 Bartoloccium
1048 979 1128 1004 tom.
1149 972 1204 1005 111.
1220 971 1292 1005 bibl.
1310 972 1515 1014 Rabbinicae‚
1540 975 1669 1010 Romae
1685 980 1774 1021 1683.

57 1033 106 1055 nr.
127 1022 352 1057 DCCXXXH.
374 1034 448 1071 pag.
463 1035 540 1067 799.
557 1024 584 1067 ')
611 1032 641 1056 et
661 1023 809 1057 Iacobum
829 1023 978 1068 Basnage
1001 1024 1034 1055 in
1056 1020 1126 1055 hist.
1146 1020 1356 1064 ludaeorum,
1376 1022 1491 1071 gallice
1513 1025 1607 1070 edita,
1630 1026 1682 1063 lib.
1698 1030 1771 1066 VH.

57 1084 128 1120 cap.
145 1075 176 1107 6.
203 1081 284 1109 tom.
304 1076 343 1108 V.
359 1085 432 1122 pag.
449 1086 525 1118 ¹540
541 1071 586 1121 sq.
614 1075 664 1109 Io.
682 1074 778 1107 Picus
794 1074 1046 1108 Mirandulanus
1068 1073 1101 1105 in
1119 1071 1206 1120 epist.
1229 1085 1300 1120 pag.
1320 1076 1388 1109 261.
1406 1077 1492 1122 Opp.
1521 1077 1616 1122 Quod
1628 1082 1714 1123 petis
1735 1082 1773 1117 de

57 1123 208 1170 Iosepho,
226 1125 312 1170 scias
328 1124 443 1170 iustum
462 1125 628 1170 losephum
644 1123 732 1169 opud
747 1124 911 1158 Hebraeus
924 1135 984 1157 non
998 1125 1147 1168 reperiri,
1164 1124 1225 1169 fid
1244 1125 1370 1170 losephi
1391 1129 1541 1171 epitoma,
1572 1131 1592 1164 i.
1607 1142 1630 1164 e.
1651 1133 1774 1166 breuia.

56 1176 142 1208 rium
157 1177 336 1222 quoddam,
362 1178 395 1209 in
408 1187 469 1222 quo
484 1182 514 1209 et
533 1175 634 1209 multa
641 1175 725 1221 sunt
738 1176 966 1213 commentitia,
990 1181 1020 1207 et
1035 1185 1114 1219 quae
1129 1175 1164 1208 de
1179 1175 1274 1208 decem
1291 1177 1439 1210 tribubus
1452 1179 1494 1211 ibi
1510 1178 1672 1225 leguntur,
1695 1196 1775 1230 quae

52 1224 125 1272 post
146 1226 370 1273 Babylonicum
393 1228 607 1272 captiuitatem
629 1225 818 1272 prstliminio
841 1237 905 1260 non
927 1226 1112 1260 redierunt:
1136 1237 1169 1259 ea
1195 1225 1250 1272 ff
1272 1227 1368 1260 notha
1390 1234 1419 1261 et
1433 1230 1630 1269 adulterina,
1656 1245 1693 1266 ex
1708 1236 1775 1269 He.

57 1279 159 1312 bracis
173 1278 248 1312 mibi
260 1278 370 1323 plures
383 1278 601 1324 confeffisunt.
654 1276 841 1312 Munslerus
863 1290 995 1326 quoque
1019 1286 1046 1311 et
1069 1277 1322 1326 Breithauptius,
1349 1281 1405 1327 qui
1429 1280 1649 1318 Gorionidem
1673 1284 1774 1322 latine

58 1339 222 1364 verterunt
245 1341 276 1363 et
298 1342 356 1371 pro
380 1331 526 1377 genuino
549 1328 670 1364 audent
692 1328 874 1371 venditare,
901 1339 1013 1364 tamen
1037 1341 1112 1363 eum
1136 1327 1230 1364 valde
1254 1329 1486 1378 interpolatum
1512 1347 1529 1368 a
1545 1337 1774 1373 recentioribus

59 1379 184 1415 Iudaeis
201 1380 288 1416 haud
301 1376 496 1417 diffitentur.
548 1380 631 1415 Vide
651 1381 870 1424 Breitlzauptii
884 1378 1018 1429 praefat.
1034 1390 1065 1415 et
1079 1390 1173 1415 notas
1189 1393 1221 1429 p.
1237 1392 1306 1416 222.
1322 1394 1398 1427 309.
1417 1393 1477 1419 etc.
1505 1385 1628 1420 Fabric.
1684 1390 1774 1425 Mul.

61 1441 95 1467 to
109 1433 216 1480 plures
236 1434 307 1467 VV.
324 1435 400 1467 DD.
423 1435 456 1467 in
473 1442 643 1481 vtramque
658 1445 783 1480 partem
800 1431 1014 1479 disputantes,
1044 1435 1185 1466 excitant
1206 1433 1344 1478 Hlofizts
1363 1436 1395 1468 B.
1415 1435 1458 1470 H.
1479 1435 1499 1470 l.
1517 1450 1543 1472 e.
1567 1448 1596 1472 et
1613 1440 1773 1476 Mollerus

59 1483 82 1519 l.
100 1486 151 1518 eit.
167 1482 321 1531 idemque
338 1483 472 1520 Moller.
492 1483 651 1524 ostendit,
680 1482 869 1533 scriptorem
886 1483 980 1518 istum
1003 1495 1073 1518 non
1094 1481 1198 1518 modo
1222 1482 1283 1519 effe
1297 1481 1534 1535 ψευδώνυμον,
1564 1503 1670 1538 neque
1689 1491 1773 1528 adeo

62 1531 190 1583 Iosephi
213 1548 335 1571 nomen
358 1533 501 1570 habuisse
525 1537 717 1584 proprium,
744 1549 850 1584 neque
870 1537 1025 1571 Gorionis
1048 1532 1141 1570 fuisse
1163 1534 1271 1570 filium
1294 1536 1623 1576 velG01·ionid;.rum
1645 1539 1773 1587 saltem,

62 1589 167 1635 gentis
182 1586 325 1623 iudaicae
339 1590 573 1636 antiquiorum,
593 1586 756 1634 aliquem‘3
783 1585 836 1622 sed
850 1589 947 1622 etiam
964 1587 1193 1634 impostorem,
1215 1599 1411 1636 nugatorem
1430 1593 1581 1627 omnium
1599 1594 1775 1631 mendacis.

61 1637 199 1681 simum,
222 1637 407 1674 fabularum
422 1641 655 1681 architectum,
681 1641 736 1687 qui
751 1638 834 1674 dolo
852 1639 942 1674 malo
958 1652 1083 1673 nomen
1100 1637 1277 1687 adoptasset
1298 1643 1487 1688 antiquioris
1508 1642 1634 1693 losepbi
1653 1648 1774 1682 Gorio.

42 1727 45 1729 ,
63 1689 158 1726 nidis.
187 1691 293 1738 Wolf.
315 1693 348 1725 in
363 1692 398 1726 B.
413 1693 456 1726 H.
475 1692 496 1725 1.
513 1703 661 1739 png.512.
681 1693 742 1733 ait,
770 1689 924 1739 seriptum
943 1689 1005 1725 esse
1023 1689 1255 1739 supposititium
1278 1702 1308 1726 et
1334 1692 1433 1727 medii
1456 1697 1546 1734 aeui,
1575 1710 1634 1731 nec
1657 1700 1775 1736 habere

64 1739 278 1777 dissentientes
295 1741 412 1777 idonea
427 1745 590 1789 opinionis
605 1740 677 1777 suae
694 1741 867 1790 praesidia,
896 1741 1097 1789 illorumque
1113 1753 1307 1790 argumenta
1323 1743 1386 1778 late
1401 1749 1565 1781 examinat
1581 1746 1774 1799 refutatque.

64 1792 147 1829 Add.
161 1794 286 1829 Struuii
301 1791 372 1830 diff.
390 1793 430 1829 de
445 1792 548 1846 doctis
566 1793 799 1844 impostoribus
811 1822 820 1837 ‚
847 1795 878 1842 ᾗ.
896 1806 926 1838 4.
942 1806 966 1840 5.
999 1795 1161 1841 Gagizcrit'
1174 1793 1400 1831 animaduerss.
1417 1797 1456 1831 ad
1474 1799 1684 1849 Breithauptii
1701 1801 1776 1840 edit.

1661 1854 1779 1890 Gorio.

64 1956 104 1978 ou
126 1947 235 1984 (exerc.
251 1950 329 1979 XVI.
358 1955 456 1979 contra
477 1949 634 1978 Batonium
661 1948 697 1978 ad
725 1959 749 1978 a.
772 1949 826 1979 Ch.
849 1958 895 1986 34.

65 2000 110 2020 nr.
128 2000 191 2020 221.
207 2001 272 2031 pag.
290 1995 373 2028 677.)
394 2000 480 2032 atque
501 1991 593 2032 Voffio
609 1991 674 2027 (lib.
691 1993 727 2020 11.
745 1992 780 2020 de
793 1993 895 2020 histor.

67 2041 158 2070 graec.
179 2044 239 2075 cap.
256 2040 278 2066 8.
304 2045 369 2074 pag.
385 2038 444 2069 196.
461 2037 540 2071 197.)
562 2033 687 2071 collegit.
697 2039 713 2054 “
769 2033 896 2063 Consen-

948 1950 1028 1979 muni
1052 1959 1116 1990 pag.
1135 1951 1198 1982 366.
1224 1955 1346 1978 aetatem
1369 1949 1446 1978 illius
1468 1951 1617 1983 architefti
1640 1955 1777 1987 historiae

947 1993 1077 2021 iudaicae
1094 1992 1227 2021 hebraice
1243 1991 1379 2032 scriptae,
1403 2004 1467 2021 cum
1490 1994 1608 2025 Oztdissso
1625 1999 1718 2034 (cnjus
1736 2003 1778 2029 vi.

948 2034 983 2063 de
997 2042 1152 2064 comment.
1177 2033 1212 2063 de
1229 2036 1254 2064 S.
1271 2037 1295 2064 S.
1321 2034 1416 2064 eccles.
1440 2044 1509 2065 tom.
1526 2040 1562 2067 11.
1587 2049 1614 2078 p.
1626 2050 1687 2077 ¹033
1704 2042 1778 2082 sqq.)

68 2077 143 2105 ciunt
163 2075 230 2112 alii,
260 2077 366 2117 quibus
386 2076 544 2106 adsentitur
565 2075 664 2105 censor
685 2078 715 2105 in
729 2077 807 2105 Aeris
830 2086 894 2105 eru-

69 2118 120 2148 dit.
137 2118 211 2159 Lips.
227 2129 252 2148 a.
271 2123 352 2155 1690.
369 2119 456 2150 mens.
472 2121 559 2148 Iunio
578 2129 642 2159 pag.
662 2129 709 2153 30¹
726 2118 765 2157 sq.
788 2118 838 2147 vbi
859 2118 895 2148 de

69 2160 144 2190 mala
165 2161 279 2202 Iosephi
306 2162 477 2192 Gorionidis
499 2161 555 2191 fide
576 2161 717 2201 quaedam
740 2161 803 2190 sunt
819 2161 896 2190 adla-

69 2209 107 2234 ta.
136 2220 177 2227 —-
205 2204 317 2235 Petrus
331 2204 466 2238 Allixius
486 2207 517 2234 in
538 2204 599 2234 diff.
624 2205 659 2234 de
681 2203 769 2233 natali
791 2205 897 2234 Christi

70 2257 136 2287 pag.
152 2257 214 2283 ¹42·
234 2249 291 2283 ait,
313 2258 379 2277 eum
394 2247 495 2278 vixisse
510 2249 572 2288 post
587 2259 611 2277 a.
628 2248 697 2278 Chr.
715 2252 782 2278 800.
803 2256 830 2276 et
848 2258 895 2276 an-

70 2296 99 2319 te
114 2299 138 2318 a.
154 2295 212 2326 873.
242 2307 285 2313 -—
315 2292 388 2321 Cum
412 2293 550 2325 Morino,
573 2292 635 2330 post
650 2301 695 2320 an.
712 2288 898 2319 millesimum

72 2329 150 2361 illius
171 2333 320 2363 historiam
340 2333 512 2370 innotuisse,
538 2333 728 2363 contendente
750 2331 819 2362 facit
836 2333 897 2363 Iac.

74 2373 218 2415 Basnage
240 2378 270 2405 in
288 2378 350 2406 hist.
372 2380 502 2412 iudaea,
532 2384 603 2406 tom.
619 2378 666 2405 lx.
690 2386 752 2416 pag.
772 2385 822 2410 130
838 2375 897 2416 sqq.

74 2431 117 2439 ·—-
137 2416 255 2448 Saxius
277 2422 306 2451 in
322 2422 430 2451 Ouom.
452 2421 483 2450 in
504 2427 576 2462 part.
591 2421 657 2450 vn.
674 2418 693 2449 s.
709 2418 804 2449 indice
820 2429 897 2449 coui-

119 2474 184 2506 Vol.
201 2475 240 2508 V.

948 2076 1094 2114 adligata.
1110 2076 1178 2106 chr.
1195 2078 1258 2106 circ.
1276 2088 1344 2107 1110.
1363 2088 1489 2118 eumque
1509 2082 1539 2109 in
1555 2082 1671 2112 Francia
1690 2085 1776 2115 vixis-

947 2119 975 2148 se
996 2118 1028 2148 ac
1050 2118 1184 2159 scripsisse
1202 2130 1236 2148 ex
1251 2120 1372 2150 Oudino
1390 2121 1486 2152 refert.
1512 2122 1603 2154 Harl.

991 2161 1026 2197 d)
1064 2162 1138 2191 Vide
1163 2163 1230 2191 Aeta
1260 2163 1401 2193 eruditor.
1432 2167 1555 2194 tom.11.
1587 2166 1778 2208 supplementi

949 2215 1011 2244 pag.
1031 2214 1097 2239 300.
1142 2207 1214 2235 Non
1231 2205 1376 2235 adsentior
1391 2206 1513 2248 Iosepho
1537 2209 1571 2237 de
1587 2211 1705 2246 Voisin,
1728 2215 1778 2252 qui

948 2258 1013 2288 pag.
1030 2258 1095 2283 302.
1118 2247 1154 2277 ad
1175 2249 1273 2282 Raym.
1293 2251 1412 2278 Martini
1435 2254 1610 2290 pugionem,
1635 2255 1778 2284 Gnminm

949 2299 977 2319 et
1001 2290 1210 2320 Abarbanelem
1234 2291 1269 2320 de
1293 2294 1404 2322 Graeco
1426 2293 1550 2334 Iosepho
1577 2294 1658 2335 loqui
1682 2299 1777 2327 existi-

948 2341 1036 2364 mant.

991 2381 1018 2410 e)
1051 2378 1160 2406 Locum
1181 2383 1349 2416 excerptum
1372 2376 1447 2415 leges
1471 2379 1502 2407 in
1527 2379 1585 2409 Aet.
1605 2380 1685 2411 erud.
1702 2382 1777 2425 Lips.

948 2417 968 2448 l.
986 2429 1009 2447 c.
1033 2429 1097 2459 pag.
1114 2429 1178 2455 302.
1203 2418 1293 2450 Harl.

987 2472 1023 2506 H
