2013 2725
381 158 453 194 [Ab.
466 155 534 193 [V.
551 168 575 192 c.
588 154 697 191 XIX.
919 153 1032 191 VITA
1065 153 1230 191 GALENI

215 170 277 207 ‘33²²

217 251 418 304 δοξολᾶγος,
446 250 549 287 modo
570 259 703 301 propter
726 247 914 296 stupendam
937 248 1175 290 remediorum,
1200 248 1388 297 opportune
1410 244 1642 290 adhibitorum,
1662 250 1727 284 vim
1743 257 1842 297 atque
1861 247 1929 285 effi-

218 311 339 341 caciam
356 300 633 353 παραδοξοποιός
648 301 820 337 diceretur.
873 299 1037 336 Graffante
1053 301 1121 348 post
1135 300 1261 349 aliquot
1278 312 1406 348 tempus
1421 298 1614 335 atrociffima
1631 299 1683 334 illa
1698 300 1802 349 peste,
1827 312 1928 349 qnam

218 356 422 405 Capitolinus
447 359 479 390 in
503 358 592 389 Lucii
616 356 680 389 vita
701 353 820 401 aliique
839 350 1008 400 scriptores
1034 354 1260 387 Romanarum
1291 351 1498 386 historiarum
1521 348 1700 386 describunt
1720 355 1766 394 ⁹),
1800 353 1875 386 vrbe
1896 349 1929 386 se

218 407 367 444 subduxit
385 410 418 441 in
436 408 675 454 Campaniam,
701 418 738 440 ac
754 403 934 439 Brundnfio
956 407 989 439 in
1010 406 1150 452 patriam
1169 404 1239 438 vela
1255 400 1351 448 fecit,
1377 415 1465 437 anno
1481 404 1591 437 aetatis
1611 416 1678 438 non
1694 412 1761 438 tam
1778 413 1930 445 exeunte,

219 474 317 507 quam
342 459 512 502 completo
528 457 687 493 XXXVn.
715 455 903 492 christianae
920 470 1011 491 aerae
1029 457 1203 491 CLXVffl.
1256 457 1382 489 Verum
1405 453 1460 488 diu
1480 456 1513 488 in
1530 457 1632 502 patria
1653 452 1815 489 subsistere
1835 464 1931 502 atque

219 521 335 559 optato
357 508 480 557 perfrui
503 512 574 545 otio
599 511 627 544 ei
648 521 719 543 non
745 509 853 543 licuit:
880 522 1023 557 namque
1037 507 1092 542 sub
1107 510 1228 542 exitum
1251 504 1394 541 eiusdem
1416 507 1512 552 anni,
1537 515 1592 540 aut
1613 503 1767 554 sequentis
1789 505 1931 541 Cinx.

218 564 416 612 principium
435 563 474 596 ab
489 561 750 610 imperatoribuS,
772 564 889 596 Marco
906 563 1074 594 Antonino
1090 573 1126 594 ac
1143 561 1241 593 Lucio
1259 562 1364 599 Vero,
1390 571 1408 591 a
1430 559 1578 592 Parthica
1601 557 1807 606 expeditione
1830 556 1931 606 paulo

219 625 293 650 ante
316 613 464 655 reuerso,
497 616 550 660 qui
576 623 645 648 turn
668 612 836 660 Aquileiae
861 612 1091 653 morabantur,
1125 610 1266 645 deledkus
1289 610 1432 645 militum
1456 608 1595 644 habendi
1617 607 1730 651 causa,
1762 610 1932 644 omnium-

220 678 283 714 que
306 665 628 713 comparandorum‚
654 676 736 711 quae
755 662 794 698 ad
818 663 938 698 bellum
964 664 1190 712 germanicum
1214 659 1388 697 necessaria
1411 658 1520 695 futura
1542 658 1657 702 essent,
1685 663 1718 695 in
1740 660 1866 695 Italiam
1885 672 1934 695 re-

222 727 351 752 vocatus
367 717 420 752 est.
474 716 621 750 Romam
637 717 744 763 itaque
761 713 939 749 secundum
962 718 1049 749 venit
1064 717 1112 759 r),
1139 725 1234 762 atque
1251 714 1434 762 Aquileiam
1452 710 1617 761 profestos
1633 711 1695 748 est:
1722 710 1806 747 vnde
1821 710 1933 760 paullo

218 767 309 819 posi,
351 769 393 803 ob
418 765 613 803 saeuientem
643 768 745 801 acrius
777 766 866 801 luem
896 764 1095 814 fugientibus
1129 765 1399 813 imperatoribus,
1440 761 1576 813 ipsoque
1600 766 1705 799 Lucio
1722 765 1809 799 Vero
1829 775 1933 812 prope

219 820 387 861 Altinum,
419 819 497 853 dum
522 831 617 853 curru
645 831 722 853 cum
745 815 844 853 fratre
867 820 1055 860 veheretur,
1084 819 1148 852 ictu
1172 815 1333 864 sanguinis
1355 814 1536 856 exsshrdio,
1558 817 1714 857 hiberno,
1743 826 1776 850 vt
1797 814 1933 858 videtur,

170 905 174 910 ,
219 881 389 920 tempore,
413 868 469 906 sub
489 871 589 905 tinem
608 866 726 904 scilicet
742 872 818 903 anni
832 870 958 904 CLXX.
986 868 1051 918 ipse
1070 881 1202 918 quoque
1217 868 1360 905 Galenus
1379 871 1431 902 vix
1446 881 1521 902 cum
1539 866 1732 915 quibusdam
1751 866 1819 902 aliis
1835 865 1935 903 euafit

218 924 433 970 Romamque
457 922 633 956 incolumis
657 917 800 954 reuersus
830 920 892 961 est,
934 933 1017 968 quae
1047 923 1137 955 tertia
1162 922 1228 954 eius
1255 923 1288 954 in
1313 920 1424 955 vrbem
1446 917 1608 968 proseffio
1633 921 1794 952 numerari
1818 918 1935 967 potest.

217 975 338 1010 Marco
355 973 489 1008 Aurelio
506 975 538 1007 in
555 973 766 1006 Germaniam
782 973 809 1016 ⁵)
826 969 975 1005 aduersus
996 970 1149 1018 Qados,
1175 973 1438 1006 Marcomannos
1457 983 1494 1004 ac
1509 972 1671 1004 Sarmatas
1693 982 1768 1004 cum
1794 972 1935 1005 exercitu

221 1026 374 1066 abeunte,
402 1021 469 1073 ipse
494 1026 525 1058 in
548 1021 639 1058 Italia
661 1020 778 1063 haefit,
805 1021 993 1070 multosque
1016 1033 1106 1063 tum,
1134 1022 1249 1070 procul
1271 1024 1412 1069 negotiis
1437 1019 1505 1056 fere
1524 1021 1696 1059 omnibus,
1721 1031 1752 1056 et
1774 1034 1871 1070 vsque
1892 1019 1935 1056 ad

221 1078 349 1112 obitum
364 1074 509 1111 eiusdem
533 1075 666 1116 Aurelii,
691 1084 827 1122 totoque
842 1073 900 1108 filii
920 1076 997 1116 eim,
1021 1074 1216 1113 Commodi,
1237 1083 1405 1122 tempore,
1431 1085 1496 1122 quo
1514 1074 1696 1122 imperante
1717 1072 1936 1121 conflagrauit

217 1131 308 1165 Pacis
329 1128 511 1175 templum,
537 1136 568 1161 et
591 1125 707 1160 Galeni
732 1137 831 1172 opera
856 1125 997 1172 plurima
1019 1124 1172 1160 incendio
1196 1128 1381 1172 perierunt,
1407 1125 1459 1160 vel
1474 1126 1605 1160 Romae
1623 1125 1665 1170 ²),
1693 1124 1743 1160 vel
1766 1127 1799 1159 in
1819 1127 1934 1172 patria,

218 1179 373 1229 (quando
398 1181 486 1214 enim
510 1180 543 1212 in
562 1190 635 1212 eam
658 1178 901 1224 semigrauerit‚
926 1190 994 1212 non
1013 1178 1153 1224 amplius
1176 1175 1358 1212 reuersurus
1380 1179 1413 1210 in
1431 1175 1576 1217 Italiam,
1602 1178 1741 1212 omnino
1758 1173 1934 1222 nescimus)

220 1231 344 1268 multos
369 1234 502 1278 inquam
521 1228 618 1264 libros
640 1231 797 1275 cuiusque
814 1231 940 1275 generis
956 1226 1142 1276 conscripsit
1156 1228 1366 1277 vulgauitque
1379 1254 1390 1268 ‚
1414 1227 1510 1276 atque
1534 1230 1567 1262 in
1587 1230 1625 1262 iis
1645 1227 1763 1263 librum
1786 1226 1826 1263 de
1845 1241 1936 1276 prae-

221 1283 464 1331 cognitionibus
480 1279 540 1316 suis
557 1277 642 1331 πςός
657 1277 827 1326 Ἐπιγένην
846 1282 901 1325 ⁸⁴),
928 1292 1015 1314 anno
1034 1283 1117 1316 vitae
1134 1281 1201 1316 L11.
1212 1308 1222 1321 ‚
1249 1278 1364 1326 elapsis
1381 1293 1400 1314 a
1415 1278 1634 1327 disputatione
1651 1277 1802 1314 aduersus
1817 1279 1933 1315 stoicos

218 1345 251 1370 et
275 1335 502 1382 peripateticos
527 1331 567 1366 de
586 1344 666 1367 voce
686 1343 718 1366 et
740 1329 949 1378 respiratione
976 1333 1047 1367 XV.
1063 1334 1167 1371 annis,
1193 1328 1249 1366 sub
1272 1331 1398 1366 Heluio
1413 1343 1545 1379 quoque
1568 1333 1748 1373 Pertinace,
1775 1333 1829 1378 qui
1846 1344 1935 1367 anno

221 1385 339 1421 Christi
359 1385 489 1420 CXCII.
516 1382 568 1418 die
584 1383 775 1419 Decembris
792 1383 906 1418 XXXI.
933 1380 1059 1417 sublato
1079 1397 1096 1418 e
1120 1384 1198 1417 viuis
1213 1381 1411 1418 Commodo
1432 1384 1580 1430 principe
1601 1396 1618 1416 a
1639 1379 1802 1430 frequenti
1824 1380 1936 1418 senatu

219 1446 424 1484 nuncupatus
445 1435 490 1470 est
514 1437 708 1483 imperaror,
735 1446 766 1470 et
793 1433 906 1482 paullo
930 1434 1001 1481 post
1025 1449 1042 1469 a
1065 1434 1223 1469 militibus
1246 1432 1452 1479 interfatus,
1479 1431 1621 1468 floruiss'e
1638 1433 1812 1476 Galenum‘‚
1837 1447 1876 1469 ex
1893 1447 1936 1469 eo

220 1486 390 1529 discimus,
426 1485 515 1535 quod
538 1489 635 1534 capit.
653 1485 738 1520 Xlss.
766 1485 806 1520 de
832 1489 972 1534 propriis
993 1486 1079 1520 libris
1102 1488 1253 1521 meminit
1275 1486 1347 1520 libri
1371 1486 1463 1520 vnius
1493 1483 1533 1519 ad
1559 1482 1716 1520 sedlarurn
1739 1482 1935 1535 professores

219 1539 262 1577 de
279 1538 504 1581 concionibus,
527 1538 656 1587 publice
673 1537 786 1572 habitis
809 1533 865 1572 sub
887 1539 1070 1580 Pertinace,
1097 1535 1157 1583 (fic
1179 1539 1267 1572 enim
1290 1535 1481 1573 vertendum
1496 1547 1576 1586 puto
1592 1534 1676 1586 πξδς
1692 1536 1756 1576 n}
1774 1534 1848 1576 οἱπό
1869 1538 1936 1576 τῶν
1980 1576 1986 1582 ,

1785 1588 1940 1640 αἱςὲσεωή
1965 1624 2001 1630 ,7

219 1669 379 1709 Epigenem
392 1673 462 1698 tom⁴
480 1667 557 1697 vm.
573 1676 637 1707 pag.
652 1669 716 1701 829.
737 1671 767 1694 et
788 1666 818 1695 in
830 1664 910 1696 iibro
927 1665 961 1694 de
974 1664 1058 1695 libris
1101 1672 1134 1695 vt
1150 1666 1261 1695 Romae
1275 1671 1414 1695 maneret.
1441 1664 1509 1695 vid.
1527 1665 1562 1695 de
1578 1663 1644 1696 libr.
1661 1675 1761 1706 propr.
1775 1676 1838 1707 cap.
1856 1677 1883 1696 2.
1902 1666 1938 1697 de

221 1713 362 1753 propriis.
1102 1709 1252 1748 compofir.
1267 1709 1506 1738 medicamentor.
1527 1708 1680 1738 secundum
1703 1719 1807 1748 genera
1828 1709 1880 1740 lib.
1898 1710 1938 1740 11.

264 1757 298 1795 q)
322 1756 353 1782 In
375 1764 437 1793 cap.
454 1763 464 1781 1
489 1759 517 1781 et
540 1762 567 1781 2.
584 1751 619 1781 de
638 1750 720 1781 libris
735 1752 874 1791 propriis,
919 1753 962 1780 De
976 1762 1058 1792 prae·

220 1804 283 1827 not.
304 1796 341 1825 ad
363 1798 521 1835 Epigenem
542 1803 613 1824 tom.
628 1796 707 1824 Vffl.
730 1804 792 1835 pag.
811 1800 874 1829 829.
898 1802 926 1823 et
945 1797 974 1823 in
994 1805 1058 1835 per·

222 1838 322 1869 multis
348 1838 412 1867 aliis
434 1837 515 1866 locis.

265 1882 300 1921 r)
322 1883 364 1910 De
380 1880 445 1909 libr.
465 1881 592 1920 propriis
611 1890 672 1919 cap.
691 1889 717 1908 2.
738 1881 769 1908 in
792 1889 851 1919 quo
866 1881 958 1919 capite
975 1878 1057 1908 Gale-

222 1935 276 1954 nus
292 1927 378 1954 etiam
394 1931 526 1957 enai-rat,
548 1933 620 1962 quos
635 1922 727 1951 libros
743 1932 779 1951 co
795 1930 926 1963 tempor-e
942 1921 1058 1961 scripse-

221 1970 271 1998 rit.
317 1969 359 1996 De
379 1974 512 2006 praenot.
530 1966 567 1994 ad
589 1967 746 2003 Epigenem
769 1975 828 2003 cap.
844 1973 872 1998 9.
924 1966 1059 1994 Meminit

219 2012 311 2040 etiam
328 2008 371 2040 sui
390 2019 425 2038 ex
440 2011 537 2047 Cypro
562 2015 589 2038 et
603 2010 685 2041 Syria
707 2007 845 2047 pedestris
869 2008 982 2037 itineris
1001 2009 1059 2037 Ro-

222 2063 301 2082 mam
322 2051 419 2082 versus
441 2061 493 2090 per
520 2052 682 2080 Thraciam
704 2058 732 2080 et
755 2050 959 2080 Macedoniam
975 2051 1007 2079 in
1026 2049 1061 2080 li-

222 2096 278 2126 bro
293 2095 342 2126 lx.
359 2093 396 2124 dt
412 2093 529 2132 fimplic.
546 2093 745 2122 medicament.
762 2092 945 2122 facultatibus
960 2103 1021 2133 cap.
1039 2103 1060 2124 ¹.

224 2149 267 2168 nr.
284 2147 307 2166 2.
324 2147 390 2176 pag.
407 2141 474 2172 246.
498 2144 569 2165 torn.
585 2137 663 2165 XIII.
707 2137 739 2165 Et
753 2138 831 2165 inter
853 2135 1061 2165 ambulandum

221 2180 252 2209 se
269 2179 438 2210 dormiuiffe
454 2185 597 2208 memorat
611 2180 642 2208 in
655 2177 732 2207 libro
749 2180 786 2208 11.
804 2179 838 2207 de
854 2186 935 2208 motu
951 2179 1060 2208 muscu-

223 2222 321 2253 lorum
337 2232 398 2262 cap.
413 2231 444 2257 4.

267 2265 298 2306 s)
322 2267 412 2304 Saepe
424 2263 514 2293 refert
531 2263 665 2293 Galenus
682 2264 711 2291 in
737 2261 820 2292 libris
844 2262 921 2299 suis,
945 2263 971 2292 se
990 2266 1061 2294 Cae-

222 2308 294 2339 saris
312 2307 404 2341 iuffu,
427 2315 458 2336 vt
483 2308 668 2345 imperatoris
690 2304 885 2335 valetudinem
901 2315 1014 2336 curaret
1029 2309 1059 2337 in

223 2353 281 2381 'boc
307 2349 405 2385 bello,
436 2358 591 2378 euocatum
616 2347 672 2377 ess‘e
695 2358 711 2376 a
734 2349 832 2377 Marco
851 2348 986 2379 Aurelio:
1012 2349 1059 2379 sed

223 2394 353 2423 Galenus
365 2416 373 2428 ,
395 2391 465 2422 bell-i
480 2391 594 2421 labores
612 2390 798 2430 periculaque
814 2389 876 2419 aliis
893 2391 995 2421 cedere
1011 2403 1059 2421 cu-

225 2439 307 2476 piens
317 2456 326 2472 ,
349 2435 463 2467 somnio
480 2434 664 2470 admonitum
677 2432 705 2463 sc
717 2432 775 2464 ess'e
789 2433 931 2465 diuinitus
952 2435 1059 2474 aiebat,

1103 1762 1163 1791 cap.
1179 1761 1219 1784 ¹3-
1246 1759 1273 1780 et
1288 1753 1319 1780 in
1335 1751 1486 1790 permultis
1502 1750 1566 1780 aliis
1583 1750 1663 1780 locis.

1141 1796 1171 1833 t)
1195 1796 1228 1823 In
1244 1795 1295 1824 hac
1311 1794 1436 1833 periodo
1453 1796 1562 1822 Romae
1579 1801 1607 1823 et
1628 1793 1727 1824 docuit
1748 1795 1936 1832 medicinam,

1102 1844 1130 1867 et
1145 1836 1288 1875 plurimos
1304 1836 1390 1874 louge
1407 1836 1549 1865 libroruin
1562 1836 1680 1866 suorum
1702 1838 1884 1877 composuit,
1907 1846 1937 1870 et

1102 1880 1274 1909 medicinam
1290 1880 1506 1917 aegrotantibus
1520 1890 1586 1908 cum
1608 1879 1720 1909 summo
1737 1882 1937 1912 Romanorum

1102 1921 1201 1961 plausu
1217 1922 1293 1951 secie.
1328 1923 1370 1952 Ad
1389 1924 1460 1951 hanc
1477 1922 1633 1960 periodum
1649 1925 1725 1952 vitae
1740 1923 1842 1953 Galeni
1858 1923 1936 1955 conf.

1102 1965 1137 1993 de
1157 1973 1286 2004 praenot.
1309 1965 1344 1994 ad
1366 1967 1521 2003 Epigencm
1543 1975 1603 2004 cap.
1617 1975 1635 2001 9
1656 1972 1686 1995 et
1701 1975 1734 1994 u.
1748 1973 1776 1996 et
1792 1967 1936 2006 permulta

1103 2007 1158 2036 alia
1176 2007 1308 2036 locatam
1331 2010 1362 2037 ‚in
1382 2009 1437 2037 hoc
1459 2006 1553 2043 libro,
1575 2018 1662 2048 quam
1682 2011 1713 2038 in
1734 2008 1781 2039 sex
1801 2008 1883 2040 libris
1900 2010 1936 2041 de

1103 2049 1174 2080 locis
1196 2050 1334 2085 adfectis,
1363 2050 1399 2079 de
1419 2049 1585 2080 alimentor.
1607 2050 1791 2081 facultatibus
1814 2052 1881 2083 libr.
1896 2055 1934 2087 ΙΙ.

1103 2104 1164 2133 cap.
1181 2104 1230 2130 40.
1261 2093 1296 2122 de
1320 2094 1469 2133 composit.
1493 2093 1728 2124 medicamentor.
1750 2105 1803 2133 per
1827 2106 1934 2133 genera

1103 2135 1154 2167 lib.
1169 2138 1190 2167 I.
1213 2147 1272 2175 cap.
1291 2147 1310 2166 r.
1345 2135 1397 2165 lib.
1417 2137 1467 2165 111.
1486 2146 1549 2175 cap.
1567 2145 1590 2170 3.
1613 2137 1649 2166 de
1667 2137 1786 2176 fimplic.
1811 2139 1937 2169 medica-

1103 2188 1227 2208 mentor.
1258 2178 1383 2208 facultat.
1411 2178 1462 2208 h'b.
1487 2180 1536 2208 lx.
1565 2189 1625 2217 cap,
1648 2189 1670 2215 3.
1730 2182 1772 2209 De
1794 2181 1935 2213 antidoti!
1970 2200 1973 2201 ν

1103 2221 1169 2253 libr.
1184 2225 1205 2251 I.
1222 2232 1281 2260 cap.
1301 2233 1322 2251 ι.
1338 2233 1363 2252 2.
1382 2231 1410 2257 4.
1425 2229 1462 2256 13.
1481 2230 1509 2250 et
1524 2221 1575 2250 lib.
1593 2223 1627 2250 ΙΙ4
1644 2232 1704 2261 cap,
1724 2231 1764 2259 17.
1800 2225 1934 2257 Method.

1103 2265 1241 2294 medendi
1255 2263 1320 2294 libr.
1334 2266 1385 2293 111.
1400 2274 1460 2303 cap.
1476 2274 1500 2294 2.
1516 2273 1543 2293 ct
1557 2263 1625 2293 libr.
1642 2267 1675 2293 V.
1690 2275 1750 2304 cap.
1770 2275 1806 2303 ις.

1142 2307 1178 2346 u)
1201 2308 1243 2337 Ad
1267 2309 1452 2336 posthumum
1475 2308 1504 2335 in
1529 2307 1613 2336 editis
1635 2307 1786 2346 permultis
1804 2308 1932 2341 inscribi.

1102 2357 1151 2380 tur
1172 2352 1195 2380 is
1220 2349 1352 2384 libellus,
1387 2349 1435 2378 sed
1457 2350 1563 2379 refflus
1585 2358 1678 2380 vertas
1706 2351 1741 2379 ad
1764 2353 1931 2391 Epigenem,

1102 2392 1182 2466 {quod
1197 2395 1452 2436 propria-nomina
1469 2394 1648 2428 Graecorum
1663 2392 1751 2424 latina
1764 2393 1858 2427 facere
1872 2407 1932 2428 non

1113 2443 1179 2468 2201-
