2049 2720
663 129 932 169 PLVTARCHI
964 130 1212 169 EDITIONES
1314 133 1386 171 Lib.
1401 134 1465 172 IV
1462 162 1470 171 .
1489 146 1512 171 c.
1524 133 1639 172 XIII.
1742 153 1798 185 ²¹7

74 228 239 273 leuiores.)
265 239 317 254 -—
342 237 381 262 ex
402 223 590 262 recensione
611 235 737 262 etcum
758 229 844 262 notis
858 226 1113 275 OlaiHesychii.
1140 239 1188 276 gr.
1213 236 1244 265 et
1268 225 1322 266 lat.
1348 228 1473 277 Lipfiae
1488 242 1572 275 1705.
1589 239 1620 273 8.
1647 252 1697 260 -
1723 234 1803 269 Plu.

73 281 177 317 tarchi
198 280 274 314 bina
295 276 468 327 opuscula,
495 278 646 322 alterum,
668 278 708 314 de
726 291 904 327 puerorum
921 278 1133 322 educatione,
1160 282 1195 314 in
1216 276 1307 314 vsum
1325 282 1491 323 tironum3
1521 282 1671 326 atterum,
1697 284 1737 320 de
1753 300 1803 321 ra·

73 334 164 367 tione
183 329 354 375 audiendi,
378 333 410 365 in
427 327 520 373 vsum
534 333 803 378 prouectiorum,
832 332 879 377 gr.
896 340 927 366 et
940 330 993 366 lat.
1017 334 1100 366 cum*
1116 333 1204 366 notis
1225 330 1311 366 haud
1328 329 1525 380 spernendis.
1553 335 1694 372 Breslau.
1712 345 1801 380 1738.

70 395 116 420 12.
143 403 192 411 —
219 396 335 431 graece
357 393 387 418 et
408 395 510 431 germ.
532 391 627 431 atque
651 396 728 418 cum
752 384 838 418 notis
864 381 949 417 haud
973 382 1108 418 eruditis
1126 384 1175 417 Io.
1197 384 1286 429 Cassa.
1302 382 1431 432 Kcydcl.
1459 384 1801 434 Qedlinburg.1738.

70 443 101 476 8.
127 455 178 462 ——-
203 434 244 470 de
267 433 357 470 educ.
372 434 464 471 liber.
487 447 604 481 graece
627 448 703 469 cum
725 437 811 470 notis
833 436 1050 482 germanicis,
1078 444 1110 469 et
1125 434 1280 481 Isocratis
1296 445 1357 470 tres
1383 438 1546 471 orationes
1566 441 1652 472 notis
1668 451 1798 486 germa-

69 489 149 522 nicis
171 485 346 521 illustratae
367 501 385 521 a
410 488 458 521 Io.
480 485 594 531 Christ.
614 487 795 522 Clcmanno.
829 486 1014 534 Hambnrg.
1039 498 1126 530 1745.
1151 493 1180 526 8.
1208 504 1261 512 --
1287 486 1328 521 de
1352 486 1530 524 liberorum
1552 487 1744 525 educatione
1765 501 1797 527 et

68 537 110 573 de
130 536 297 573 audiendis
321 540 446 586 poetis,
481 537 641 584 Isocratis
663 547 758 574 oratt.
780 547 864 581 tres,
901 538 1030 586 Hqfiodi
1048 551 1167 587 opera,
1206 547 1237 573 et
1260 538 1455 585 Theognidis
1476 536 1668 584 sententiae,
1702 557 1720 577 a
1743 544 1794 578 M.

66 588 196 635 Chstph.
214 589 449 636 Krctzschmar.
477 601 526 636 gr.
554 588 698 625 Dresdae
712 599 744 624 et
760 588 882 638 Lipfiae
901 601 988 634 1750.
1005 597 1035 630 8.
1068 609 1119 616 —-
1145 603 1182 624 ac
1205 588 1330 638 Lipfiae
1344 593 1436 634 1776.
1453 596 1483 631 8.
1514 611 1563 618 ·—
1589 604 1638 639 gr.
1658 602 1693 628 et
1717 607 1794 630 cum

66 639 188 689 duplici
215 639 363 677 tersione
385 641 438 677 lat.
460 642 613 689 uotisque
634 641 810 689 puerilibus
832 642 884 677 M.
901 641 1014 690 Christ.
1031 641 1198 681 lunckeri,
1224 639 1308 690 Lips.
1327 654 1414 687 ¹7¹9-
1446 652 1477 677 et
1501 640 1641 690 saepius,
1667 656 1794 693 praeter

64 694 233 729 meritum.
257 712 313 720 --
334 708 386 719 ἁ
426 691 607 729 Subtilitate
636 703 748 728 tamen
774 694 883 728 critica
907 702 938 728 et
964 691 1146 729 eruditione
1169 693 1304 742 praestat
1326 691 1548 742 superioribus
1569 693 1643 731 edit.
1659 698 1794 734 Heum-

62 756 222 794 gamana:

163 810 337 846 Plutarchi
360 809 402 846 de
421 809 601 846 liberorum
627 809 822 847 educatione
845 813 1120 852 commentarius,
1148 824 1224 847 cum
1247 825 1336 847 noua
1357 814 1621 863 interpretatione
1641 814 1740 853 latina
1762 827 1794 854 et

64 861 325 898 adnotationibus
352 862 464 910 Christ.
482 863 574 911 Aug.
595 863 787 902 Heumamn',
847 863 1038 900 Editionem
1068 866 1210 904 curauit,
1251 863 1338 900 Guil.
1356 865 1519 913 Xylandri
1549 864 1685 915 suasque
1713 868 1792 905 obss'.

64 913 187 950 addidit
207 916 266 950 Iac.
284 914 380 950 Frict.
397 915 622 963 Heustngerus.
677 918 752 950 Ace.
777 914 899 950 indices
921 913 1179 965 locupletissimi.
1219 916 1312 951 lenae
1335 928 1428 961 1749.
1449 922 1476 958 8.
1502 915 1560 952 sub
1583 919 1684 954 finem
1706 920 1791 957 adie-

65 967 136 1001 &ae
158 963 230 1001 sunt
246 967 287 1000 V.
303 969 336 1002 L.
354 968 473 1014 partim
496 979 535 1001 ex
556 965 699 1000 editione
714 965 866 1002 Francof.
882 969 999 1016 partim
1019 982 1036 1002 a
1052 966 1186 1001 Wolfio
1212 971 1492 1010 communicatae3
1519 979 1550 1004 et
1570 983 1609 1004 ex
1633 971 1700 1007 aliis
1723 972 1790 1007 e‘di-

62 1017 223 1059 tionibus,
255 1030 333 1067 quas
356 1014 395 1052 ls.
413 1015 539 1053 Voffius
562 1014 719 1066 possedit,
745 1016 933 1067 descriptae.
986 1016 1087 1053 Index
1107 1018 1246 1067 Rappii,
1281 1017 1487 1054 emendatior
1510 1029 1542 1055 et
1562 1022 1706 1067 auctior,
1742 1023 1788 1061 est

62 1080 226 1119 repetitus.
1455 1071 1468 1081 ‘

163 1146 285 1181 Critica
306 1143 468 1193 doctaque
493 1143 592 1179 editio
620 1143 686 1180 est:

163 1208 372 1262 Πλετοὶςχε
393 1211 470 1259 περὶ
492 1212 554 1254 τῆς
576 1212 640 1249 τῶν
662 1209 846 1259 ἐλευθέρων
877 1205 1003 1249 παιὸὦν
1032 1208 1186 1258 οἰγωγῆς.
1249 1211 1417 1249 Accedunt
1443 1215 1517 1250 bina
1537 1216 1682 1254 eiusdem
1706 1221 1788 1259 Pla.

61 1263 165 1299 turchi
185 1273 216 1299 et
239 1264 389 1298 Marcelli
409 1264 532 1298 Sidetae
555 1262 673 1298 medici
696 1261 894 1310 fragmenta.
917 1276 1043 1311 graece.
1080 1261 1256 1299 Recensuit
1274 1266 1324 1299 Io.
1346 1266 1388 1301 G.
1408 1267 1582 1302 Schneider.
1610 1273 1786 1319 Argentor,

61 1325 150 1360 1775.
179 1323 211 1356 8.
272 1312 354 1350 Vsus
376 1314 419 1350 est
448 1317 496 1349 vir
522 1313 562 1350 cl.
588 1312 662 1350 cod.
680 1312 873 1361 Augustano
899 1324 930 1349 et
950 1311 1156 1362 superiorum
1180 1314 1363 1359 editorum,
1392 1321 1565 1367 praecipue
1592 1321 1787 1373 Heufingeri

60 1364 206 1403 subsidiis
231 1366 413 1406 litterariis,
441 1380 585 1416 quorum
611 1379 674 1414 ope
698 1376 729 1401 et
751 1365 865 1401 iudicii
880 1363 928 1401 sui
948 1369 1100 1402 acumine
1114 1377 1243 1403 textum
1260 1367 1370 1404 denuo
1392 1370 1568 1414 recensuit,
1597 1375 1785 1414 emendauit

61 1428 94 1454 et
118 1421 151 1454 in
173 1421 258 1455 notis
279 1417 374 1455 dodle
399 1415 558 1467 exposuit,
607 1419 804 1466 Fragmenta
826 1416 894 1454 duo
911 1418 1085 1454 Plutarchi
1107 1417 1181 1455 sunt
1206 1433 1245 1454 ex
1267 1419 1412 1456 editione
1426 1421 1627 1459 Londinenfi
1648 1431 1784 1475 repetita

61 1481 93 1506 et
116 1472 193 1506 hine
221 1470 294 1506 inde
321 1485 338 1506 a
364 1470 549 1505 Schneidero
575 1469 746 1505 emendata
766 1480 864 1518 atque
893 1469 1059 1506 illustrata.
1088 1489 1137 1498 --
1166 1472 1368 1516 Fragmenta
1392 1482 1500 1508 autem
1524 1474 1580 1510 illa
1607 1476 1697 1514 Plut,
1718 1482 1783 1515 duo

61 1523 176 1565 edidit,
217 1523 271 1567 (ex
296 1520 369 1558 cod.
393 1531 500 1563 msto,
541 1523 596 1570 qui
623 1524 709 1557 inter
729 1521 928 1557 Harleianos
954 1523 987 1556 in
1017 1519 1132 1557 museo
1157 1523 1346 1558 Britannico
1375 1522 1579 1572 adseruatur,
1609 1536 1656 1565 nr.
1677 1533 1782 1578 5612.)

69 1573 207 1609 Thomas
231 1574 414 1622 Tyrwhitt‚
441 1572 602 1617 Londini,
629 1576 715 1622 typis
738 1573 830 1609 Guil.
846 1575 1014 1617 Bowyer‚
1041 1585 1128 1617 1773.
1152 1581 1182 1615 8.

161 1641 330 1677 Plutarch.
348 1661 382 1668 —
397 1654 513 1690 graece
532 1654 572 1676 ex
587 1638 776 1676 recensione
790 1640 836 1689 A.
847 1641 958 1676 Kallii.
986 1642 1137 1677 Hauniae
1150 1651 1181 1677 et
1196 1640 1329 1690 Lipsiae.
1346 1654 1432 1687 1774.
1448 1649 1478 1684 8.
1507 1644 1635 1680 Kallias
1648 1648 1781 1696 quidem

60 1701 152 1729 notas
174 1702 206 1728 et
231 1692 374 1730 indicem
395 1694 546 1730 editionis
569 1691 765 1741 Heusinger.
786 1695 934 1729 maxime
959 1696 1140 1738 contraxit3
1166 1706 1255 1729 noua
1276 1704 1388 1730 tamen
1412 1694 1571 1745 quaedam
1596 1697 1711 1736 adtulit
1732 1714 1784 1738 or.

59 1755 226 1781 rnamenta.

160 1812 333 1847 Plutarchi
352 1810 393 1847 de
417 1809 511 1849 educ.
537 1811 669 1849 liberor.
690 1813 791 1854 liber,
818 1824 933 1860 graece
956 1821 987 1847 et
1008 1811 1118 1848 latine.
1173 1813 1352 1848 variorum
1375 1823 1468 1849 notas
1488 1812 1623 1859 adiecit,
1647 1814 1784 1869 suasque

61 1863 288 1900 animaduerff.
315 1862 492 1899 immiscuit
519 1865 658 1900 Thomas
676 1865 857 1904 Edwards,
883 1865 947 1899 LL.
964 1865 1004 1900 D.
1025 1866 1061 1899 in
1084 1861 1177 1900 vsum
1198 1861 1358 1900 studiosae
1380 1867 1565 1902 iuuentutis.
1593 1871 1780 1921 Cantabrig.

61 1926 76 1950 ι
132 1927 158 1950 1.
185 1920 218 1954 8.

83 1927 127 1961 ⁷9
163 1979 241 2017 Vid.
261 1980 423 2027 Monthly
439 1982 595 2024 Reviev‚
623 1995 670 2018 m.
686 1981 745 2017 Iul.
766 1993 852 2027 ¹793·
878 1993 954 2029 pag.
974 1982 1171 2026 257—264.

162 2053 357 2102 Heusingeri
375 2055 480 2103 copiis
505 2056 658 2100 notisque
680 2062 710 2088 et
735 2052 840 2088 indice
857 2050 929 2087 vsus
946 2052 990 2088 est
1008 2054 1037 2087 I.
1059 2053 1096 2089 C.
1114 2055 1156 2089 G.
1174 2053 1339 2093 Busirem,
1366 2055 1401 2090 in
1416 2051 1470 2091 sua
1488 2054 1649 2103 editione,
1674 2061 1780 2100 Halae

61 2107 182 2142 saxon,
203 2118 295 2152 ¹790-
314 2114 346 2147 8,
371 2126 423 2133 --
450 2104 540 2140 Idem
561 2104 731 2139 Plutarchi
743 2104 893 2140 libellum
906 2106 1078 2152 germanice
1091 2107 1202 2144 vertit,
1228 2108 1380 2154 notisque
1395 2106 1566 2153 instruxit,
1592 2111 1668 2149 ibid.
1689 2119 1777 2157 1786.

62 2166 94 2200 8.
122 2178 173 2186 —-·
198 2160 249 2194 M.
266 2158 342 2194 Chr.
363 2156 467 2194 IViIh.
483 2158 645 2191 Kindlcben
660 2155 816 2191 eumdem
833 2156 887 2191 lib.
911 2159 945 2191 in
967 2158 1196 2203 germanicum
1217 2157 1376 2194 transtulit
1392 2156 1591 2198 sermonem.
1618 2165 1779 2215 Lemgou.

60 2222 152 2257 ¹779·
165 2216 197 2252 8.
224 2230 275 2236 —-
304 2207 489 2245 Nouissima
511 2207 586 2243 edit.
608 2207 670 2253 est,
697 2220 794 2256 quam
816 2211 942 2243 curauit
958 2209 1007 2242 M.
1025 2208 1101 2243 Chr.
1122 2209 1252 2255 Gottfr.
1270 2209 1362 2244 Dan.
1376 2212 1481 2252 stein,
1508 2213 1632 2262 Lipfiae
1648 2229 1732 2263 1793.
1747 2226 1777 2258 8.

62 2262 185 2297 Textui
211 2258 368 2297 subiectae
391 2258 464 2295 sunt
484 2262 591 2295 variae
613 2259 767 2295 lectiones
789 2269 935 2296 veterum
957 2259 1120 2295 librorum
1141 2269 1172 2296 et
1195 2259 1358 2297 editorum
1382 2271 1412 2297 et
1435 2276 1535 2298 manu
1560 2278 1777 2311 exaratorum,

62 2325 145 2362 quos
166 2311 312 2349 laudarat
335 2312 476 2349 Reiske:
521 2313 778 2349 commentarius
802 2322 932 2356 autem,
966 2310 1083 2349 doctus
1108 2310 1266 2361 quidem,
1297 2323 1330 2351 at
1351 2313 1445 2351 mole
1463 2314 1632 2362 laborans,
1671 2317 1715 2354 est
1732 2317 1778 2355 se.

61 2373 200 2412 paratus.

107 2450 175 2485 Vol.
191 2450 232 2485 V.
929 2445 957 2482 Ε
969 2458 988 2480 e
1304 2452 1308 2453 ⁷
1656 2463 1698 2496 51.
1724 2453 1781 2490 De
