2013 2725
267 109 330 141 770
434 97 507 131 Lib.
522 95 594 131 IV.
605 107 628 131 c.
641 94 789 131 XXXI.
1008 98 1243 136 IAMBLICHI
1653 99 1777 147 vot—,tv
1795 110 1820 133 Ρ-
1834 101 1977 135 292P293

267 192 426 225 Timaeus
454 192 577 225 Locrus
599 202 672 238 pag.
692 194 760 231 168.
813 193 843 227 ἒν
866 191 917 243 τᾷἷ
938 191 1013 240 περὶ
1040 189 1173 240 φύσεως
1197 188 1306 240 iccio-¹148
1336 204 1407 241 pag.
1426 199 1494 236 ¹48·

270 243 402 276 Timon
433 241 448 278 ὃ
471 241 536 280 ‘talc
559 244 682 280 σι’λλες
703 238 849 285 ποιήσοις
875 252 949 291 pag.
970 250 1039 287 148.

373 309 582 354 [lamblichus
606 321 738 358 quoque
761 306 911 357 scripsisse
932 307 1058 344 videtur
1080 309 1253 344 rhetorica:
1281 324 1357 345 nam
1382 309 1454 345 cod.
1477 310 1659 345 Vindobon.
1676 311 1868 346 CXXXVII.
1890 325 1936 346 nr.
1952 324 1979 354 3·

271 358 357 408 apud
376 361 525 395 Lambec.
549 362 582 394 in
602 371 782 396 comment.
806 360 846 395 de
863 360 1007 395 biblioth.
1022 358 1101 396 caes.
1121 363 1190 396 VII.
1213 361 1276 400 col.
1293 373 1354 407 550
1375 360 1441 411 sqq.
1466 363 1610 396 continet
1622 363 1798 409 ffintagma
1821 364 1980 412 expfftio.

271 424 343 445 num
361 414 521 446 variorum
538 415 571 445 in
587 413 799 458 Hermogenis·
822 419 924 447 artem
949 415 1138 452 oratoriam,
1164 425 1285 460 nempe
1306 415 1467 461 Longini,
1494 414 1671 454 Iamblichi,
1698 416 1825 458 syriani
1846 424 1875 448 et
1899 415 1981 451 Sim-

271 463 379 510 plicii,
407 466 460 511 qui
475 461 608 497 fuerunt
622 464 776 511 gentiles,
803 474 833 498 et
855 465 901 498 Io.
920 464 1036 506 Siculi,
1065 465 1110 498 Io.
1128 465 1342 506 Geometrae‚
1363 466 1532 511 Gregorii,
1557 465 1792 513 metropolitae
1813 466 1980 505 Corinthi,

272 515 317 548 Io.
336 516 548 563 Doxopatrae
561 524 592 550 et
608 516 743 563 Georgii
758 517 947 557 Diaeretae,
970 517 1023 564 qui
1045 512 1175 551 fuerunt
1192 515 1373 551 Christiani.
1401 515 1519 561 HarL]

710 635 767 669 XI.
822 635 988 679 Scripta
1043 635 1260 670 Iamblichi
1309 635 1545 681 deperdita.

373 710 429 743 De
439 710 589 760 phystcis,
614 710 720 745 ethicis
737 717 767 743 et
785 711 922 749 diuinis,
943 713 1066 755 quaein
1082 722 1284 745 numerorum
1305 711 1451 746 dostram
1472 711 1705 758 obser-uantur,
1733 709 1884 756 φυσικοὶ,
1911 707 1981 752 ἧθι-
2010 710 2013 713 ’

273 757 320 799 καὶ
335 758 390 807 ηαξ
406 760 652 810 Θεολσγέμενω
669 761 928 810 Ἀριθμητικῆς,
954 760 1033 795 liber
1053 765 1201 807 quintus,
1217 763 1350 808 fixtm,
1375 763 1571 809 etsiptimus
1592 761 1796 796 collectionis
1820 763 1984 808 pythago-

273 815 418 847 ricorum
433 811 640 860 dogmatum.
693 814 744 846 Ex
761 814 810 846 his
829 812 1009 857 postremus
1032 811 1097 847 siue
1122 811 1275 860 septimus
1303 813 1344 848 de
1366 815 1635 859 theologumenis
1656 815 1875 847 arithmeticae
1897 812 1983 846 vide·

273 873 325 897 tur
338 861 443 897 adhuc
459 861 636 910 superesse,
662 872 696 897 vt
713 875 784 909 cap.
801 864 900 896 XXII.
914 866 1034 897 notaui.
1089 863 1148 898 Ille
1164 861 1232 911 ipse
1245 877 1385 911 nempe,
1413 867 1467 912 qui
1483 877 1559 898 cum
1576 861 1723 897 versione
1746 873 1778 897 et
1797 865 1882 898 notis
1899 860 1983 897 infra
2011 896 2013 901 ,

273 928 292 949 a
315 927 369 949 me
389 914 601 949 exhibebitur.
653 914 790 949 Librum
812 915 964 962 quintum
986 916 1063 949 citat
1079 915 1232 960 syrianus
1251 918 1290 950 in
1310 913 1531 963 metaphysica
1546 913 1674 950 Aristot.
1690 926 1763 963 pag.
1781 925 1839 959 90.
1863 913 1983 949 librum

271 963 450 1014 septimum
465 978 541 1014 pag.
558 973 606 1009 83.
623 966 654 1003 b.

372 1038 559 1088 Εἷσαγωγῆ
575 1038 712 1086 Memmi
727 1040 791 1076 siue
804 1041 881 1091 περὶ
900 1042 1056 1086 Meo-neiis
1072 1043 1134 1086 τῆς
1148 1038 1253 1092 πικροὶ
1270 1039 1537 1092 Πυθαγορείοις,
1560 1041 1640 1077 liber
1663 1040 1804 1076 ostanus.
1829 1030 1843 1033 Η
1854 1032 1985 1087 Instito-

273 1095 374 1128 tiones
397 1096 523 1145 mustcae
544 1092 583 1128 ad
604 1103 749 1128 mentem
773 1095 1071 1143 Pythagoreorum.
1125 1095 1200 1129 Vita
1221 1096 1358 1143 Pythag.
1384 1093 1458 1131 sect.
1472 1107 1537 1131 120.
1559 1104 1590 1130 et
1613 1093 1651 1129 ad
1668 1093 1866 1130 Nicomachi
1888 1093 1985 1126 arith-

273 1148 428 1180 meticam
450 1158 524 1193 pag.
541 1157 590 1188 73.
605 1157 655 1189 77.
672 1157 737 1190 ¹72·
754 1147 825 1188 176.

372 1217 558 1267 Εἷσαγωγῆ
571 1226 596 1257 Γ
598 1218 791 1271 εωμετρικῆ.
842 1220 937 1256 Liber
951 1206 1063 1259 nonuc.
1115 1221 1337 1268 Bfiitutioncs
1346 1224 1574 1269 geometricae,
1599 1222 1640 1258 ad
1657 1219 1852 1258 eorumdem
1868 1219 1986 1265 Pytha·

273 1284 455 1320 goreorum
472 1282 627 1308 mentem.
653 1272 692 1308 ad
709 1275 841 1309 Nicom.
857 1274 986 1309 arithm.
1009 1286 1082 1322 pag.
1100 1285 1162 1317 14¹·
1181 1277 1249 1317 176.

373 1346 563 1396 Εἶσοιγωγὴ
575 1346 753 1400 Σφαιςικῆ.
803 1349 898 1385 Liber
914 1349 1068 1390 decimus,
1094 1349 1317 1396 Institutiones
1325 1349 1508 1397 sphaericae
1527 1348 1569 1385 ad
1592 1358 1740 1386 mentem
1761 1349 2003 1396 Pythagoreo·—

272 1412 359 1436 rum.
390 1403 522 1437 Nicom.
539 1403 671 1436 arithm.
687 1413 764 1450 pag.
778 1403 848 1444 176.
1840 1420 1847 1421 ff

371 1469 434 1503 His
450 1467 566 1504 decem
581 1468 670 1503 libris
685 1465 874 1504 vniuersum
890 1479 972 1515 opus
994 1466 1167 1502 Iamblichi
1189 1468 1266 1516 περὶ
1289 1464 1512 1518 Πυθαγοξεῖε
1532 1466 1702 1518 αἱρέσεως,
1726 1465 1793 1502 flue
1817 1465 1986 1502 colleciio·

272 1521 323 1554 nis
341 1521 636 1569 Pythagoricorum
650 1518 867 1567 dogmatum⁷
894 1529 926 1554 vt
948 1520 1102 1564 Syrianus
1124 1532 1197 1567 pag.
1217 1531 1263 1564 57.
1279 1520 1309 1555 b.
1335 1524 1367 1555 in
1387 1520 1565 1555 Aristotelis
1587 1517 1809 1568 metaphysica
1832 1516 1984 1566 adpellem,

271 1568 515 1614 absoluebatur,
542 1569 682 1620 facitque
704 1571 900 1607 lamblichus
922 1572 1045 1606 horum
1069 1573 1222 1605 omnium
1243 1574 1448 1607 mentionem
1473 1575 1506 1606 in
1528 1581 1675 1606 extremo
1694 1571 1920 1606 commentarii
1942 1566 1983 1602 ad

271 1623 468 1657 Nicomachi
489 1623 725 1658 arithmeticen.
778 1623 886 1658 Tituli
902 1625 999 1656 etiam
1025 1635 1158 1663 omnes,
1185 1622 1341 1669 (excepto
1368 1623 1563 1670 pollremo‚)
1587 1621 1700 1657 seruati
1723 1620 1795 1657 sunt
1814 1624 1847 1656 in
1869 1619 1983 1656 codice

272 1673 449 1714 Mediceo,
481 1683 514 1708 vt
532 1686 602 1721 cap.
620 1675 717 1707 XXII.
740 1674 770 1721 §.
787 1687 816 1717 7.
842 1676 908 1708 iam
937 1675 1063 1708 monui.
1124 1670 1392 1709 Commentarios
1415 1674 1564 1719 Simplicia·
1595 1676 1628 1707 in
1656 1684 1718 1708 tres
1747 1671 1915 1707 Iamblichi
1942 1670 1983 1706 de

272 1727 491 1773 Pythagorica
504 1722 697 1760 sedialibros
713 1727 844 1759 Romae
862 1722 979 1759 seruari
994 1726 1026 1758 in
1046 1724 1240 1759 bibliotheca
1253 1727 1420 1765 Vaticana,
1444 1727 1509 1759 iam
1533 1723 1614 1759 olim
1633 1721 1753 1771 scripsit
1769 1725 1930 1758 Gesnerus
1950 1723 1983 1757 in
2007 1753 2010 1755 Α

273 1776 420 1811 biblioth.
447 1777 596 1822 [notante
610 1777 708 1824 Ionsto
723 1778 777 1811 111.
796 1788 840 1820 ¹9·
863 1775 895 1821 §.
911 1775 958 1820 3.]¹
1007 1777 1165 1813 Meminit
1189 1779 1285 1810 etiam
1302 1777 1424 1810 Petrus
1443 1776 1596 1810 Iohannes
1615 1776 1794 1824 Numusius
1819 1773 1860 1809 de
1881 1772 1983 1808 confi·

271 1827 390 1862 ciendo
413 1827 577 1862 curriculo
598 1825 829 1875 philosophico
852 1839 922 1874 cap.
942 1838 970 1861 2.
991 1839 1063 1874 pag.
1081 1838 1130 1869 24.
1188 1829 1313 1862 Verum
1334 1840 1435 1862 nemo
1455 1824 1518 1861 fuit
1539 1828 1712 1866 haetenus,
1743 1827 1800 1873 qui
1821 1827 1854 1859 in
1871 1825 1982 1860 lucem

272 1876 444 1928 proferret.
497 1882 589 1926 Opus
609 1892 685 1914 vero
710 1877 815 1927 ipsum
842 1877 1011 1912 Iamblichi
1034 1880 1232 1912 memorauit
1255 1880 1351 1913 etiam
1373 1879 1403 1912 S.
1417 1879 1636 1925 Hieronymus
1657 1877 1741 1912 libro
1755 1877 1808 1911 111.
1835 1878 1868 1911 in
1890 1875 1984 1911 Rufi-

272 1943 352 1965 num
370 1943 442 1978 pag.
460 1934 536 1976 469.
558 1929 634 1964 edit.
653 1931 722 1965 Ioh.
742 1930 961 1965 Marcianaei:
983 1929 1084 1963 Cuius
1107 1930 1184 1963 enim
1194 1929 1278 1976 sunt
1302 1930 1357 1963 illa
1377 1930 1498 1978 χρυσοῖ
1517 1930 1842 1979 παραγγέλματα;
1881 1939 1982 1962 nonne
2012 1933 2013 1963 l

273 1982 502 2029 Pythagorae,
530 1981 585 2027 [If]
613 1983 645 2015 in
658 1983 773 2028 quibus
787 1983 890 2015 omnia
906 1982 972 2015 eius
988 1981 1130 2014 breuiter
1144 1982 1296 2027 dogmata
1311 1984 1523 2019 continentur,
1552 1987 1580 2015 et
1595 1983 1627 2014 in
1642 1993 1717 2026 quae
1730 1980 1870 2025 latzffimo
1891 1989 1981 2025 opere
2012 1983 2013 2011 l

266 2033 475 2079 philosophus
489 2040 710 2067 commentatus
726 2032 765 2078 ist
780 2032 979 2071 lamblichus,
1006 2033 1149 2066 imitatus
1168 2044 1207 2065 ex
1223 2039 1317 2079 parte
1332 2034 1560 2071 Moderatum,
1581 2034 1686 2067 virum
1700 2031 1981 2079 eloqzccntnffimum,
2012 2057 2013 2065 i

273 2091 303 2120 et
315 2084 516 2130 Archippum
537 2097 572 2118 ac
593 2085 752 2133 Lystdem,
779 2085 988 2132 Pythagorae
1006 2082 1194 2118 auditores?

371 2160 450 2208 Περὶ
467 2157 696 2208 οἰγοιλμοῖτων
712 2160 777 2196 fiue
792 2159 832 2194 de
850 2159 1016 2195 diuinitate
1034 2162 1217 2207 imaginum
1237 2159 1337 2198 liber,
1365 2172 1464 2209 quem
1484 2156 1667 2194 confutauit
1681 2158 1753 2192 Ioh.
1766 2157 1980 2207 Philoponus‚

271 2210 349 2248 tesse
371 2211 508 2253 Photi0,
540 2225 637 2261 quem
669 2211 740 2247 vide
762 2212 875 2247 codice
891 2212 1021 2247 CCXV.
1063 2211 1282 2258 Porphyrium
1309 2223 1442 2260 quoque
1463 2209 1503 2245 de
1525 2211 1589 2245 hoc
1609 2220 1806 2257 argumento
1827 2207 1980 2257 scripsisse
2009 2221 2013 2243 t

271 2261 414 2304 conflat,
440 2276 539 2310 quem
562 2264 756 2298 lamblichus
775 2263 913 2299 libenter
934 2261 1047 2298 solitus
1072 2261 1116 2297 est
1140 2264 1272 2298 imitari.
1298 2261 1376 2308 [vid.
1396 2260 1491 2311 supra
1513 2261 1585 2297 libr.
1601 2263 1655 2296 111.
1679 2273 1749 2309 cap.
1765 2271 1815 2304 24.
1839 2260 1906 2297 vol.
1922 2261 1976 2296 IV.

271 2326 346 2362 pag.
365 2325 427 2358 249
444 2323 474 2348 et
487 2315 573 2360 250.]

1863 2387 1977 2437 Alypfi
