2013 2725
171 77 230 113 458
281 68 355 102 Lib.
374 65 420 103 V.
435 79 459 101 c.
474 66 553 102 XL.
769 68 908 104 INDEX
934 66 1235 105 SCRIPTORVM
1579 71 1888 119 Q.1x.p.⁶⁶‹›r700

173 165 316 205 Erinna,
342 162 427 197 Teia
443 161 493 196 vel
509 159 641 200 Lesbia,
667 159 719 196 vel
735 160 883 202 Rhodia,
906 162 970 205 vel,
994 172 1029 198 vt
1045 162 1110 205 alii,
1134 162 1253 208 Telia,
1273 174 1313 197 ex
1328 160 1436 203 Telo,
1457 175 1557 211 parua
1572 162 1674 201 insula
1692 178 1793 215 prope
1811 167 1890 201 Cni.
1968 151 1979 168 Α

277 215 368 249 dum.
420 214 491 247 Fuit
517 208 692 252 ἔποποιός,
720 215 846 260 poetria
869 216 980 262 epica,
1006 213 1193 264 scripsitque
1207 212 1411 258 ἠλακάτην,
1438 214 1528 263 quod
1544 215 1588 251 est
1605 229 1743 264 poema,
1769 217 1892 252 aeolica

279 276 310 301 et
329 264 439 300 dorica
453 262 592 298 dialecto
608 262 782 312 scriptum,
807 264 946 301 versibus
964 268 1062 303 CCC.
1100 267 1189 301 Fecit
1213 275 1243 300 et
1268 268 1515 314 epigrammata.
1555 267 1645 303 Obiit
1668 271 1780 315 virgo,
1808 269 1893 303 XlX.

280 329 382 352 annos
404 324 496 355 nata,
523 317 627 349 amica
649 325 680 350 et
699 316 841 364 aequalis
864 317 1057 365 Sapphonis,
1110 314 1227 353 Versus
1250 320 1316 352 eius
1340 317 1468 352 iudicati
1491 315 1562 353 sunt
1588 319 1775 354 Homericis
1792 332 1894 368 pares,

177 370 339 419 Eriphus.
366 368 531 408 comicus,
559 379 599 401 ex
621 368 710 401 Culus
733 367 942 417 dogmatibus
964 366 1104 408 Αἰόλος,
1137 365 1343 413 πελταςής,
1375 367 1563 418 μελίβοιοι,
1601 381 1634 405 vt
1656 371 1838 405 Athenaeus
1860 369 1897 405 li-

280 422 340 455 bro
358 419 443 453 XIV.
469 415 718 466 Dipnosophist.

180 471 234 510 Ἐς
261 471 480 509 Μασσαλίαν
502 466 680 512 πλεύσας,
705 470 873 517 Maffiliam
888 474 1064 518 nauigans,
1091 469 1133 506 de
1149 474 1185 506 iis
1202 470 1338 513 dicitur,
1365 474 1422 521 qui
1439 470 1625 508 effeminate
1646 482 1677 507 et
1693 471 1838 508 molliter
1854 475 1898 507 vi·

283 533 370 557 vunt.
400 535 430 555 v.
454 518 567 567 supra,
593 524 629 559 ἐκ
651 525 890 560 Μασσαλίας·
917 533 947 558 et
969 524 1084 558 Athen.
1104 523 1177 558 ΧΠ.
1201 536 1278 572 pag.
1303 535 1368 568 523.

171 570 358 623 ’Ἑσχοιτος
383 573 506 611 Μυσῶν
530 574 631 615 πλεῖ,
668 574 837 622 Mysbrum
866 574 998 609 ultimus
1024 577 1181 622 nauigat,
1220 576 1434 624 prouerbium
1459 573 1499 610 de
1523 577 1579 617 iis,
1622 575 1736 622 quibus
1764 572 1844 609 dura
1867 582 1898 610 et

284 624 429 661 difficilia
450 626 659 672 imperantur.
681 635 740 659 etc.

179 674 310 723 Effici,
337 673 457 712 ascetae
477 678 559 711 inter
582 675 736 716 Iudaeos,
770 678 827 725 qui
850 674 1036 713 Pharisaeos
1058 687 1090 712 et
1112 674 1226 712 scribas
1249 674 1417 712 seueritate
1438 675 1624 724 disciplinae
1644 675 1747 725 longe
1772 673 1898 720 supera-

282 739 376 773 runt,
402 728 627 776 ἐπιμελέντα]
647 728 707 772 τῆς
728 727 844 772 ἠθικῆς
867 727 1009 779 λέξεως,
1037 728 1166 780 θεωρίας
1191 724 1224 766 δὲ
1250 726 1302 766 τοὶ
1324 727 1451 767 πολλοὶ
1465 730 1700 777 παραμένεςσιν
1716 728 1899 764 dictionem
1960 762 1962 768 ,

282 790 448 816 moratam
471 790 602 821 curant,
634 790 664 815 et
688 782 721 814 in
745 782 1026 829 contemplatione
1046 780 1240 829 plerumque
1254 778 1477 829 perseuerant‚
1517 780 1602 815 vnde
1623 783 1720 815 etiam
1743 789 1899 815 vocantur

283 829 406 872 Essaei,
433 833 452 864 i.
469 844 496 865 e.
515 831 735 879 Θεωςητικοῖ,
768 833 1042 876 contemplatores.

182 885 368 929 Euagoras,
395 880 547 925 Lindius,
574 882 760 920 historicus,
786 880 907 927 scripsit
930 884 1029 915 vitam
1061 882 1245 927 Timagenis
1266 887 1295 915 et
1318 881 1453 915 aliorum
1475 880 1636 915 doetorum
1653 883 1795 915 virorum
1810 892 1901 928 quae-

273 932 410 980 stiones,
438 933 548 966 ordina
571 932 785 977 alphabetum·
814 933 1009 979 Thucydidis
1027 939 1127 967 artem
1148 934 1335 967 rhetoricam
1355 932 1437 966 libris
1462 931 1511 966 V.
1558 932 1613 966 De
1630 931 1819 967 diffitionibus
1839 932 1902 978 duf-

274 983 416 1029 ficilibus
439 996 475 1018 ac
498 985 704 1032 controuersts
727 984 816 1028 apud
845 984 1074 1032 Thucydidcm;
1100 983 1261 1030 historiam
1282 995 1393 1029 regum
1418 984 1688 1030 Aegyptiorum„

185 1037 343 1083 Euagrius
373 1037 459 1069 varia
482 1032 605 1083 scripfit
626 1045 657 1070 et
680 1037 763 1070 inter
784 1049 821 1070 ea
843 1038 1119 1070 commentarium
1143 1038 1176 1070 in
1200 1036 1372 1070 Prouerbia
1395 1035 1594 1071 Salomonis.

183 1086 391 1134 Euangelus,
425 1099 589 1126 confflem,
623 1100 642 1122 e
665 1088 758 1121 cuius
780 1085 978 1122 dramatibus
1002 1084 1338 1134 οἷινακαλυπτέμενος
1368 1086 1454 1135 apud
1476 1088 1690 1121 Athenaeum.
1724 1084 1800 1131 [lib.
1818 1085 1903 1120 X1V.

284 1151 360 1187 pag.
374 1142 447 1180 644.
476 1135 528 1172 sed
549 1139 590 1172 ibi
611 1135 722 1173 fabula
744 1139 824 1173 haec
851 1138 1032 1187 adpellatur
1054 1138 1403 1188 'Avxnxltvnropas'vm
1435 1147 1568 1174 notante
1585 1138 1748 1184 ,Kusterm
1779 1135 1820 1172 ad
1843 1138 1903 1182 t.‚1.

287 1202 361 1238 pag.
380 1190 486 1233 880]
1982 1220 1985 1239 1

186 1241 367 1283 Euathlus,
394 1253 504 1276 orator
526 1240 718 1288 improbus,
742 1240 891 1288 garrulus
917 1252 948 1276 et
971 1241 1139 1290 ignobilis.
1982 1245 1991 1279 ,ἢ

187 1292 353 1335 Eubulus,
379 1291 581 1340 demagogus
603 1291 802 1330 clarissimus,

187 1344 350 1386 Eubulus,
398 1346 560 1390 Sphettius
591 1342 812 1385 Atheniensis,
861 1345 1084 1391 Euphranoris
1112 1345 1147 1379 F.
1171 1346 1329 1379 comicus.
1394 1341 1517 1378 Docuit
1547 1339 1673 1378 fabulas
1696 1343 1782 1378 CIV.
1813 1344 1907 1377 vixit·
1982 1327 1991 1389 ll

289 1409 352 1444 que
374 1394 577 1444 Olympiade
591 1397 645 1431 CI.
667 1395 779 1431 medio
801 1397 887 1431 inter
907 1395 1051 1432 mediam
1082 1407 1113 1431 et
1142 1406 1285 1434 veterem
1309 1394 1518 1431 comoediam
1541 1404 1702 1443 tempore.
1740 1408 1769 1428 v.
1791 1404 1908 1430 notam
1982 1403 1991 1416 '¹

288 1446 426 1482 Ktisleri.

189 1498 354 1538 Euclides,
387 1512 426 1533 ex
439 1500 605 1546 Megaris,
626 1500 658 1533 in
675 1496 803 1534 Isshmo
820 1496 899 1539 fitis,
922 1495 1158 1546 philosophus,
1190 1500 1305 1534 auctor
1320 1495 1443 1539 sec‘iae,
1470 1509 1552 1545 quae
1573 1497 1613 1532 ab
1634 1495 1705 1546 ipso
1726 1498 1907 1545 Megarica,

291 1549 469 1586 Dialeclica
494 1550 563 1584 aliis
585 1560 615 1584 et
635 1549 779 1585 Erislica.
829 1552 900 1585 Fuit
923 1552 1062 1585 Socratis
1091 1548 1264 1597 discipulus
1291 1552 1386 1598 eique
1411 1550 1562 1592 Ichthyas
1591 1558 1623 1584 et
1646 1548 1755 1597 postea
1777 1548 1907 1594 Stilpon

291 1603 326 1636 in
349 1598 460 1636 schola
483 1599 634 1635 succeffir.
686 1600 816 1648 Scripsit
830 1601 1000 1649 dialogos,
1021 1600 1231 1642 Alcibiadem,
1269 1602 1471 1648 Aeschinem,
1511 1598 1687 1642 Critonem,
1725 1600 1905 1642 Phoenices,

292 1653 498 1698 Lampriam,
528 1653 730 1687 Amatorium
753 1662 785 1686 et
805 1653 866 1687 alia
890 1651 1061 1699 quaedam.

190 1702 406 1743 Eudaemon,
432 1702 610 1743 Pelusiota,
645 1706 896 1751 grammaticus,
934 1703 1075 1750 aequalis
1100 1702 1224 1737 Libanii
1249 1700 1439 1750 Sophissae‚
1478 1700 1518 1737 ad
1540 1714 1638 1750 quem
1661 1704 1759 1737 etiam
1781 1700 1907 1737 diuersa

291 1753 425 1803 scripsit.
475 1757 543 1790 Hic
570 1757 656 1790 varia
679 1752 864 1803 composuit
885 1762 1053 1801 poemata,
1089 1761 1118 1788 et
1141 1761 1239 1788 artem
1258 1756 1499 1801 grammaticam
1528 1760 1557 1787 et
1577 1753 1838 1800 orthographiam
1856 1766 1909 1789 no-

289 1819 420 1842 minum.

192 1853 465 1907 Εόὃαιμονέςεξος
486 1858 552 1896 τῶν
575 1858 723 1906 Καρκιίἐ
744 1857 931 1907 ς’ροβίλων,
957 1857 990 1892 h.
1005 1869 1032 1891 e.
1055 1856 1292 1902 irffelictffimus,
1321 1858 1354 1890 in
1368 1856 1499 1890 Carcini
1512 1882 1522 1896 ,
1543 1864 1677 1903 poetae,
1698 1854 1783 1891 filios
1797 1865 1858 1892 etc.

191 1923 378 1967 Eudemus,
402 1932 532 1966 orator,
555 1926 643 1959 varia
663 1922 781 1972 scripsit
799 1934 830 1959 et
843 1926 1018 1972 praecipue
1037 1925 1180 1959 Lexicon
1196 1921 1396 1958 vtilissimum
1412 1923 1608 1962 verborum,
1635 1922 1691 1969 [ff]
1705 1923 1820 1970 quibus
1836 1936 1908 1959 ora·

293 1986 377 2012 tores
401 1987 432 2011 et
458 1979 574 2025 optimi
597 1979 719 2024 quique
745 1974 915 2024 scriptores
940 1986 1090 2014 vtuntur,
1117 1973 1232 2010 ordine
1256 1973 1469 2021 alphabetico.
1522 1974 1658 2019 [Kfifler.
1674 1978 1706 2008 in
1721 1985 1791 2010 not.
1806 1987 1832 2009 2.
1851 1985 1872 2010 t.
1882 1978 1906 2010 1.

290 2041 364 2077 pag.
383 2035 449 2071 885.
467 2028 584 2068 lexica,
613 2042 694 2076 quae
711 2027 812 2062 hodie
831 2030 862 2061 in
878 2026 1009 2061 diuersis
1025 2026 1147 2061 exslant
1163 2025 1367 2061 bibliothecis
1387 2035 1417 2061 et
1433 2026 1584 2068 Eudemi,
1605 2028 1758 2068 rhetoris,
1779 2039 1906 2062 nomen

293 2077 497 2128 praeferunt,
523 2075 804 2129 ψευδεπίγραφοι
826 2077 886 2114 esse
908 2077 1093 2122 existiman]

189 2141 236 2185 Εῧ
257 2143 395 2193 διοίγων.
449 2151 548 2184 Hanc
572 2144 754 2182 formulam
784 2144 941 2182 salutandi
971 2144 1115 2196 epistolis
1141 2142 1203 2180 suis
1231 2141 1432 2194 praescripsit
1461 2144 1631 2192 Epicurus.
1688 2144 1794 2180 Cleon
1828 2157 1906 2182 vero

293 2198 434 2250 χαίρειν.
486 2199 577 2234 Plato
602 2194 636 2236 εἶ
657 2196 839 2248 πράττειν.

190 2264 378 2306 Eudoxius,
428 2265 600 2314 episcopus
622 2267 836 2308 Antiochiae,
866 2277 906 2300 ex
924 2261 1090 2306 Arabiffo,
1117 2262 1244 2313 oppido
1268 2264 1406 2298 minoris
1427 2262 1602 2297 Armeniae
1616 2260 1791 2303 oriundus,
1816 2264 1905 2298 cuius

292 2328 399 2365 pater,
422 2315 610 2361 Caesarius,
633 2315 688 2353 sub
703 2319 911 2354 Maximiano
924 2318 1074 2361 martyrii
1094 2329 1220 2353 corona
1241 2314 1409 2352 redimitus
1433 2313 1486 2350 est.
1510 2324 1570 2349 etc.
1732 2365 1762 2402 E
1786 2363 1806 2401 d
1952 2363 1953 2366 Ἴ

1765 2378 1785 2401 u
1809 2378 1902 2409 oxus,
