2049 2720
206 156 287 191 IOS.
317 155 564 191 EDITIONES
603 154 830 196 GRAECAE,
864 155 928 189 ET
966 155 1356 191 GRAECOLA'siEJAE
1409 158 1480 191 L132.
1496 154 1740 192 sifailslllfi
1782 172 1819 202 45

102 262 201 298 opera
218 251 331 285 onmia
349 262 464 297 graece
482 258 513 284 et
530 249 628 284 latine
645 245 761 283 excusa
782 246 822 282 ad
846 246 1024 284 editionem
1047 248 1213 297 Lugduno
1229 251 1380 285 Batauam
1400 253 1554 300 Sigeberti
1572 254 1818 300 Hauercampii‚

101 314 177 335 cuin
200 300 379 336 Oxonicnsi
405 303 533 335 ioannis
558 297 711 334 Hudsoni
735 298 908 339 collatam,
945 304 1094 348 primum
1118 302 1276 336 volumen
1307 308 1393 346 17'52.
1423 307 1552 339 tertium
1577 304 1674 352 idque
1698 304 1816 351 postre-

98 365 211 393 mum,
239 359 328 396 1788.
354 354 474 399 Lipsiae
487 350 573 400 apud
591 352 849 386 Schwickertum
867 350 1002 387 absolui.
1053 354 1141 400 Qas
1159 363 1265 387 autem
1282 356 1313 387 in
1343 356 1408 389 hoc
1431 368 1531 403 opere
1553 353 1697 403 suscepto
1720 358 1815 391 ratio-

99 416 154 439 nes
171 402 259 452 sequi
275 404 492 446 decreuerim‚
519 407 552 438 in
565 401 764 438 dedicatoria
781 403 821 438 ad
838 405 915 438 Em.
935 404 1056 438 cardiu.
1075 406 1282 440 loannettum
1301 406 1433 454 epistola
1448 405 1591 456 exposui.
1640 405 1813 442 Praemisso

97 454 248 504 quidem,
277 460 364 490 cuius
375 458 439 490 ‘hac
454 459 488 490 in
509 455 704 490 bibliotheca
719 454 956 502 compendium
973 457 1130 497 exhibeo,
1158 459 1344 503 prodromo
1362 460 1490 507 aliquo,
1518 462 1550 494 in
1567 461 1656 493 hunc
1681 457 1813 505 scripto-

97 519 168 542 rem
189 507 321 549 libello,
346 517 539 556 perpetuum
560 509 593 541 in
619 509 733 542 omnia
757 509 823 542 eius
839 519 939 554 opera
961 510 1238 543 commentarium
1258 508 1393 544 scribere
1419 524 1550 546 mecum
1567 507 1829 559 proposueram<

96 560 174 606 Qo
189 560 298 593 minus
313 570 422 593 autem
439 559 544 593 adhuc
559 572 578 593 a
594 558 781 607 proposito,
809 558 1032 606 promiliisque
1050 558 1218 601 stemiha,
1248 574 1315 595 non
1334 575 1394 595 vna
1413 562 1533 597 obstitit
1548 562 1663 597 cauffa.
1716 562 1810 596 Dum

95 615 184 645 enim
200 613 282 644 inira
301 612 472 657 pomoeria
492 607 716 646 sacratiffimae
732 608 902 650 scientiae,
929 613 961 645 in
978 613 1128 660 parandis
1143 608 1289 645 subsidiis
1307 625 1473 660 occupor,
1501 617 1613 661 genius
1639 626 1694 648 me
1716 625 1810 648 meus

93 663 182 696 intro
195 664 227 696 in
240 664 314 696 'eius
331 664 475 696 intimius
491 659 662 697 sacrarium
684 672 798 703 vocat,
833 671 930 711 atque
952 673 986 697 vt
1009 665 1117 711 potius
1143 661 1181 698 de
1200 661 1264 711 ipsa
1288 665 1458 713 theologia
1483 663 1631 701 vniuersa
1654 667 1807 713 cogitem,

92 714 202 748 natiua
216 711 268 748 sua
282 713 372 757 luce,
399 727 459 762 qua
476 713 574 749 nostri
591 717 748 762 temporis
763 715 952 749 hominibus
969 715 1094 761 placeat
1107 725 1138 749 et
1154 727 1250 762 quam
1267 716 1448 764 plurimum
1478 716 1598 766 prosit,
1626 714 1807 764 repraesen-

91 763 217 814 tanda,⁸
234 766 328 800 iubet.
382 767 510 814 Sequor
524 775 696 801 vocantem
712 765 843 805 lubens,
866 765 956 815 quod
982 779 1102 813 operae
1127 767 1180 800 hic
1204 770 1307 801 maius
1331 767 1369 802 fit
1390 772 1552 817 pretium,
1580 779 1612 804 et
1635 767 1806 804 iucundius

89 814 128 851 fit
143 820 274 864 propria
288 819 368 852 em'ei
379 843 389 859 ,
417 830 516 866 quam
531 818 653 852 alienos
667 828 778 866 partus
794 819 922 860 iuuare2
949 815 1084 857 fouere,
1110 817 1161 853 vel
1177 831 1304 855 ornare.
1343 822 1477 855 Interim
1495 834 1536 856 ne
1552 830 1706 868 coeptum
1722 833 1806 869 opus

90 869 231 903 omnino
246 867 416 903 destituam
432 870 532 910 mihi,
557 872 613 918 qui
630 870 756 918 virique
769 866 855 904 solus
872 883 930 918 par
943 882 1012 905 non
1035 869 1113 911 sim,
1140 868 1280 904 adicisco
1300 871 1432 913 laboris,
1454 870 1594 920 losepho
1613 872 1805 920 impenden-

89 918 134 961 di,
159 916 283 954 socium
303 919 534 962 clariffiinuin,
560 934 590 955 er
603 924 720 969 graece
735 920 982 956 eruditissimum
1001 926 1105 957 virum
1123 924 1172 957 M.
1192 922 1233 957 A.
1249 923 1407 963 Koelium,
1433 935 1503 959 turn
1526 925 1564 959 ab
1585 926 1678 958 omni
1697 923 1804 959 adhuc

87 969 218 1020 publico
239 985 374 1007 munere
399 985 558 1013 vacuum,
585 982 618 1006 vt
639 976 780 1021 potuerit
804 971 859 1007 fibi
882 974 987 1008 adhuc
1015 971 1122 1009 solum
1145 983 1177 1009 et
1198 973 1294 1009 musis
1317 989 1441 1012 canere.
1494 977 1530 1011 In
1554 977 1640 1010 hunc
1655 976 1802 1011 laborem

88 1035 192 1071 quum
215 1023 415 1072 aliquamdiu
441 1022 534 1058 fimul
561 1025 799 1068 incumbimus,
825 1024 1011 1071 multasque
1037 1027 1069 1059 in
1092 1039 1162 1061 rem
1183 1025 1326 1060 nostram
1348 1028 1557 1075 colligimus,
1590 1040 1663 1062 ecce
1686 1026 1745 1061 iste
1768 1029 1801 1063 in

76 1069 289 1109 'academiam
307 1087 462 1116 vocatur,
491 1075 657 1116 historiam
677 1087 706 1110 vt
723 1075 839 1111 doceat
853 1078 1084 1115 humanitatis,
1111 1089 1148 1111 ac
1174 1075 1422 1125 philosophiae,
1450 1077 1611 1126 simulque
1632 1078 1800 1114 litterarias

85 1125 311 1173 ephemerides
329 1126 411 1161 edat.
460 1128 520 1161 Me
538 1139 613 1161 vero
626 1128 688 1160 alia
706 1129 737 1161 in
753 1125 865 1161 forum
884 1139 914 1161 er
931 1126 1076 1162 mediam
1092 1127 1328 1174 rempublicam
1344 1133 1476 1177 negotia
1493 1128 1693 1179 frequentius
1707 1143 1727 1164 a
1742 1129 1800 1164 do-

84 1176 223 1212 mesticis
239 1177 367 1219 ssudiix,
396 1179 496 1225 iisque
510 1180 575 1212 iam
591 1176 729 1225 copiosis
745 1187 776 1212 et
789 1178 883 1211 variis
899 1189 1058 1219 auocat,
1085 1191 1183 1226 quam
1206 1189 1239 1213 vt
1263 1177 1404 1228 losepho
1423 1185 1521 1215 etiam
1540 1194 1654 1216 vacare
1672 1180 1799 1215 licuerit

83 1229 248 1264 haetenus.
303 1231 393 1276 Opto
409 1242 487 1264 vero
501 1226 729 1277 summopere,
756 1239 884 1264 tantum
899 1228 1007 1264 adhue
1025 1231 1108 1264 mihi
1125 1231 1212 1264 Deus
1229 1230 1395 1279 indulgeat
1412 1235 1493 1266 vitae
1507 1241 1538 1266 et
1555 1235 1624 1277 otii,
1648 1242 1693 1273 vt,
1716 1243 1798 1278 quae

84 1277 212 1329 Iosephi
226 1281 397 1322 Manibus,
424 1279 548 1329 scriptis
562 1294 600 1316 ac
614 1283 737 1316 meritis
755 1280 884 1316 decreui
896 1308 906 1323 ,
933 1280 1015 1316 iusta
1027 1280 1147 1329 poffim
1163 1279 1349 1324 exsoluere,
1374 1286 1452 1331 quin
1466 1282 1605 1331 proinde
1620 1283 1752 1318 debeam
1778 1296 1797 1317 a

83 1334 208 1380 coeptis
230 1335 294 1367 iam
312 1332 462 1382 operibus
477 1331 644 1375 desistere,
669 1337 759 1382 queis
782 1331 952 1381 religionis
976 1343 1008 1368 et
1028 1333 1237 1368 humanitatis
1260 1333 1399 1370 studium
1423 1338 1529 1384 magis
1543 1334 1670 1375 adhuc,
1694 1346 1796 1384 quam

81 1383 340 1433 locupletiffimis
355 1394 386 1420 et
400 1383 616 1420 eruditissimis
633 1387 667 1420 in
681 1382 857 1432 losephum
874 1387 1118 1420 commentariis
1134 1387 1235 1419 iuuari
1251 1382 1329 1422 seio,

183 1435 331 1476 Eodem,
358 1448 426 1485 quo
442 1449 506 1484 ego
521 1435 558 1471 ad
575 1435 739 1472 edendum
761 1433 934 1484 losephum
957 1439 1126 1477 animum,
1152 1436 1405 1485 calamumque,
1437 1447 1469 1473 et
1489 1436 1619 1486 prelum
1641 1435 1796 1486 adplicui‚

81 1493 251 1536 tempore,
273 1489 403 1523 Fria'er.
419 1490 551 1523 lacobus
568 1489 722 1529 Schodem
750 1486 915 1522 ministerii
935 1486 1011 1523 sacri
1023 1487 1108 1537 apud
1127 1491 1251 1524 Sueuos
1273 1489 1482 1531 candidatus,
1508 1490 1608 1538 paulo
1626 1490 1697 1538 poll
1719 1486 1794 1523 fatis

80 1535 235 1581 fumstusf
256 1552 407 1588 graecam
425 1536 485 1575 los.
501 1539 679 1576 editionem
695 1539 889 1581 meditatum
907 1539 937 1574 se
950 1538 1034 1580 effe,
1059 1539 1254 1590 easdemque
1280 1553 1358 1588 quas
1382 1553 1447 1588 ego
1472 1543 1504 1575 in
1518 1543 1584 1576 hoc
1600 1553 1718 1588 opere,
1745 1553 1793 1574 ra-

48 1626 52 1628 ,
80 1592 184 1626 tiones
211 1588 318 1638 sequi,
347 1590 529 1627 versionem
550 1603 659 1627 tamen
683 1592 818 1627 latinam
834 1594 1006 1635 omittere,
1029 1595 1149 1641 quippe
1169 1592 1213 1627 ob
1235 1591 1377 1628 indicem
1397 1595 1578 1641 graecitatis
1603 1589 1794 1640 Iosephinae

80 1640 319 1686 adiiciendum,
345 1646 455 1679 minus
471 1641 680 1679 necessariam
698 1642 753 1678 fibi
770 1640 889 1681 visam,
916 1641 1068 1686 voluiffe,
1094 1641 1147 1678 sed
1160 1642 1300 1678 admotis
1315 1646 1368 1679 vix
1391 1646 1484 1692 operi
1499 1644 1666 1683 manibus,
1687 1656 1793 1692 quum

80 1695 146 1729 iam
167 1706 222 1730 me
244 1707 315 1731 rem
337 1693 521 1741 adgressum
546 1694 608 1731 else
630 1692 852 1743 cognouisset‚
882 1692 913 1730 se
935 1695 974 1729 ab
1000 1697 1131 1743 incepto
1153 1694 1324 1737 deffinire,
1358 1697 1472 1731 litteris
1498 1709 1554 1731 me
1581 1695 1690 1743 postea
1713 1693 1792 1729 edo-

80 1747 156 1780 cuit.
183 1765 234 1773 —
259 1753 341 1790 178¹·
364 1749 430 1781 iam
446 1745 572 1795 Lipsiae
593 1750 626 1782 in
648 1749 771 1783 odienis
792 1759 908 1793 graece
933 1746 1096 1794 prodierat
1118 1746 1184 1782 Iud.
1206 1749 1314 1796 Antiq.
1338 1747 1409 1782 libr.
1427 1750 1452 1783 1.
1484 1761 1561 1782 cura
1580 1749 1608 1781 I.
1625 1746 1792 1794 Gotzfrid.

79 1797 353 1845 Schatfinbergii‚
379 1800 414 1832 in
427 1796 519 1833 vsum
535 1798 797 1848 praelectionum
812 1795 953 1833 suarum.
1009 1797 1154 1833 Poffideo
1179 1801 1244 1833 iam
1269 1799 1365 1834 illurn
1388 1811 1465 1834 cum
1481 1798 1594 1833 multis
1610 1801 1697 1833 noris
1712 1810 1790 1833 mss.

76 1846 278 1896 lingularum
297 1862 417 1884 vocum
434 1851 629 1899 plerumque
644 1850 859 1898 significatum
873 1848 1105 1897 speeiantibus‚
1131 1851 1152 1885 Ι.
1169 1848 1280 1884 Caroli
1298 1852 1419 1892 Zeune,
1446 1853 1502 1897 qui
1518 1844 1624 1897 graec.
1640 1850 1700 1884 litt.
1714 1861 1790 1898 pro·

76 1896 195 1944 seffor,
221 1907 309 1946 1789.
336 1902 594 1950 Wittembergae
617 1903 706 1937 obiit.
733 1922 782 1929 —
809 1906 896 1945 1736.
912 1903 1017 1937 Henr.
1037 1903 1124 1945 Phil.
1143 1902 1233 1936 Conr.
1251 1902 1383 1940 Hentke,
1408 1901 1447 1936 ad
1471 1900 1615 1948 lapidem
1639 1900 1707 1935 diui
1721 1901 1789 1934 Mi-

76 1950 196 1986 ehaelis
212 1951 307 1987 abbas
321 1961 353 1987 et
367 1950 467 1987 theol.
481 1954 567 2000 apud
583 1951 858 1989 Helmssadienses
876 1951 1060 2000 professor,
1072 1968 1075 1969 ⁷
1087 1951 1215 2000 losephi
1230 1952 1270 1987 de
1289 1955 1352 1987 vita
1367 1950 1421 1987 sua
1443 1952 1562 1987 librum
1585 1964 1701 1999 graece
1721 1949 1789 1986 edi.

27 2030 32 2036 .
75 2001 124 2038 dit
143 2003 318 2038 Brunouici
343 2005 376 2038 in
399 2011 428 2045 8.
456 2006 536 2039 mihi
561 2007 723 2052 peramice
741 2004 937 2038 dedicatum.
999 2007 1045 2039 Ex
1068 2005 1353 2050 Hauercampiana
1374 2004 1517 2039 editione
1539 2013 1663 2039 textum
1685 2004 1786 2051 repeti

76 2056 215 2096 curauit,
241 2057 284 2090 ita
305 2064 435 2097 tamen,
463 2066 496 2090 vt
518 2068 694 2105 operarum
710 2059 784 2090 vitia
799 2055 936 2092 leuiora,
956 2055 998 2090 ibi
1024 2052 1241 2102 deprehensa,
1271 2056 1354 2090 nihil
1378 2068 1519 2090 monens
1538 2058 1570 2090 in
1585 2052 1656 2103 ipso
1679 2053 1788 2090 statim

76 2114 166 2141 textu
183 2109 380 2154 corrigerem
406 2105 556 2143 craffiora
573 2118 717 2152 notaret3
743 2107 900 2142 lectiones
918 2105 1074 2154 quasdam
1094 2105 1160 2141 fine
1176 2103 1298 2148 caussa,
1326 2105 1391 2142 fine
1413 2107 1560 2154 legitima
1581 2108 1785 2148 audioritateg

76 2169 116 2192 ex
131 2169 221 2192 mera
237 2159 424 2193 consec-'rura
440 2159 479 2193 ab
495 2157 658 2195 Hudsono
674 2157 877 2207 potiffimum
894 2170 1036 2207 receptas
1048 2186 1058 2200 ‚
1082 2157 1160 2194 loco
1173 2169 1343 2207 moueret,
1369 2168 1400 2194 et
1421 2162 1559 2194 veriores
1584 2171 1624 2193 ex
1647 2159 1784 2205 antiquis

74 2205 238 2256 scripturis
260 2208 312 2244 vel
331 2209 526 2246 editionibus
548 2223 641 2247 acuta
660 2209 777 2252 fimul,
803 2221 835 2246 et
855 2209 1000 2246 modesta
1023 2208 1095 2245 crist
1118 2209 1304 2245 restitueret.
1356 2208 1490 2245 Addidit
1509 2212 1608 2245 etiam
1625 2212 1783 2245 variantes

74 2258 250 2301 leciiones5
283 2259 646 2312 animaduersionesque
673 2274 704 2298 et
731 2264 878 2311 proprias
911 2261 1025 2311 paffim
1050 2264 1253 2298 coniediuras
1275 2263 1412 2300 criticas.
1445 2281 1495 2289 —-
1530 2262 1673 2296 Viennae
1693 2257 1783 2307 apud

75 2311 292 2347 Tratmerum
307 2312 460 2348 colleffiio
477 2311 670 2362 scriptorum
686 2317 886 2350 Graecorum
898 2340 908 2355 ‚
935 2327 1079 2363 quorum
1099 2312 1283 2350 theodiscae
1303 2313 1427 2349 exssant
1443 2310 1625 2352 versiones,
1651 2309 1783 2346 subscri-

74 2364 194 2410 ptionis
206 2362 297 2409 lege,
323 2378 380 2411 per
396 2363 612 2411 professorem
632 2368 749 2407 Alter,
775 2369 894 2401 ciuitati
910 2366 1128 2401 litteratorum
1154 2365 1263 2401 oblata
1285 2364 1349 2406 est,
1377 2378 1455 2411 quas
1477 2367 1561 2398 inter
1580 2366 1679 2400 etiam
1697 2358 1781 2397 Iose-

75 2414 158 2463 phus
173 2427 214 2451 ex
225 2415 367 2466 editione
383 2429 458 2453 mea
473 2418 667 2468 repetendus
681 2418 832 2456 adiuncta
850 2417 997 2454 turicensi
1014 2419 1096 2454 Ottii
1109 2417 1256 2454 verfione
1270 2415 1433 2453 theodisca
1448 2417 1666 2453 annuntiatur.
1717 2410 1780 2449 Sed

949 2470 974 2505 F
1001 2480 1019 2512 3
1710 2478 1781 2507 nec,
