2049 2720
96 136 439 181 COMMENTARH
465 136 628 178 GAm-:Nt
654 137 703 175 m
725 138 934 178 meroen.
960 141 1114 178 LIBROS
1141 143 1211 180 Lib.
1225 144 1294 181 JV.
1308 158 1332 182 c.
1347 147 1458 184 XIX.
1477 150 1528 194 (ot.
1542 150 1693 199 XVII.)
1713 163 1774 199 457

52 247 129 274 teat.
183 239 210 272 A
227 235 339 282 sebast.
360 235 544 282 Coquillato
559 235 694 281 Scipione
714 236 748 269 in
771 234 922 283 linguam
943 233 1079 270 latinam
1101 236 1276 274 conuerfiis
1301 240 1513 293 eiusdemque
1530 250 1778 282 commentariis

50 288 232 324 illustratus.
260 286 366 336 Lugd.
388 299 464 331 1553.
481 299 526 322 12.
543 290 564 314 *
617 288 767 334 Repetita
785 285 902 321 dicitur
925 299 962 321 ea
985 286 1060 321 edit.
1079 300 1160 333 1557.
1177 295 1224 325 16.
1248 311 1298 319 —-
1325 294 1430 329 Vertit
1450 299 1546 332 etiam
1564 299 1671 333 Julius
1686 301 1780 334 Mar,

50 342 163 376 tianus
174 341 270 374 Rota.
298 359 348 367 —
374 338 586 386 Eustachiide
604 339 722 373 Pernis
737 341 771 374 in
793 337 866 373 libr.
883 337 1012 380 Galeni‚
1040 340 1133 388 Qos
1149 353 1290 389 purgare
1315 350 1504 393 conueniat,
1531 350 1644 398 quibu,=
1670 350 1777 386 modi,

48 401 82 428 et
104 404 169 440 quo
193 402 344 439 tempore
368 391 603 425 commentaria
625 391 726 438 Neap.
744 401 828 434 1547.
845 401 876 433 4.
904 408 954 416 -
979 390 1073 424 Ferd.
1088 392 1190 426 Mena
1209 406 1390 433 comment.
1409 398 1533 447 prodiit
1555 413 1631 436 cum
1648 414 1774 438 comm,

48 445 82 478 in
98 444 169 479 libr.
189 443 230 478 de
250 440 414 490 sanguinis
438 440 597 477 miffione.
624 440 755 489 August.
773 442 919 478 Taurin.
940 447 1026 486 1587.
1045 449 1074 483 8.
1090 444 1110 463 ‘⁸²

148 522 196 555 ¹9·
222 506 342 556 Τὸμιον
362 506 530 558 ἐξαίρετον
553 510 599 549 r?
623 507 754 551 βιβλῖε
779 511 805 543 Γ
807 508 920 551 annui?
944 508 1021 556 περὶ
1050 509 1111 552 ⁷355
1140 508 1227 549 καθ’
1248 507 1397 563 ’Όμηρον
1419 520 1573 568 ἰατρικῆς
1597 535 1770 570 πραγμω·

47 557 155 600 reim.
209 560 264 599 Ἐκ
278 562 325 600 ’τέ
338 559 520 607 zemamai&
537 557 578 598 δ’.
600 561 646 599 r}
665 559 797 603 βιβλιέ
812 556 860 598 θ’.
884 559 930 598 vis·
947 563 1157 609 Τραλλιανέ
1168 562 1382 612 πρεβληὲέμ,
1435 571 1666 616 Fragmentum
1685 586 1772 622 egre.

42 615 135 660 giam
152 612 265 646 Galem‘
284 614 357 646 libri
378 614 416 646 dc
430 613 603 646 Homerica
621 613 832 646 medicatione.
883 612 940 646 Ex
955 624 1018 657 cap.
1031 624 1064 654 4.
1087 615 1162 649 libri
1174 615 1245 650 IX.
1272 616 1432 653 Tralliani
1448 622 1654 668 depromtum,
1705 626 1769 659 Ex.
1815 638 1818 639 ⁷

42 662 103 699 ssat
121 666 155 699 in
177 661 252 699 edit.
272 663 453 702 charterii,
480 673 563 699 tom.
579 664 618 698 X.
642 674 716 712 pag.
734 674 800 708 573.

144 757 230 792 xm.
257 757 424 800 Galenus,
450 756 505 793 etsi
525 756 736 806 dogmaticus
760 765 848 798 erat,
874 755 958 792 nulli
976 767 1086 793 tamen
1112 755 1214 794 sedtae
1235 759 1465 807 medicorum,
1492 778 1575 814 quae
1599 764 1660 802 suis
1686 777 1766 805 tem.

41 808 177 858 poribus
193 807 350 851 florebat,
378 808 524 846 addictus
550 807 632 852 esse,
658 807 711 844 sed
735 807 1162 857 Hippocraticus'medicus
1185 810 1252 846 dici
1275 813 1422 858 volebat,
1456 818 1762 870 Hippocratemque

39 857 150 898 solum
174 863 327 896 omnium
349 862 390 896 de
413 860 658 896 medicinalibus
681 859 776 896 rebus
796 860 883 895 rec'le
906 859 1045 895 statuisse
1069 861 1276 900 adfirmabat.
1327 868 1417 902 Hinc
1438 872 1597 917 quoniam
1619 874 1760 919 putabat,

41 911 286 958 Hippocratem
305 918 327 947 'a
347 914 479 947 nemine
503 910 572 948 fere
594 911 820 953 medicorum,
847 922 878 946 et
900 909 1036 947 suorum
1057 922 1268 961 temporum,
1297 927 1329 952 et
1354 916 1527 966 superioris
1550 925 1642 964 aeui,
1674 925 1760 961 redte

41 960 104 1003 effe
119 962 340 1004 intellectum,
368 965 580 1012 Hippocratis
595 976 674 998 vero
693 963 870 998 lechonem
887 964 1061 1005 omnibus,
1084 967 1139 1012 qui
1153 967 1347 1003 rationalem
1367 970 1568 1007 medicinam
1585 974 1758 1020 amplecte-

38 1024 170 1055 rentur,
198 1012 259 1049 effe
274 1016 417 1049 maxime
433 1013 639 1050 neceffarianx
651 1038 661 1052 ‚
690 1027 720 1050 et
734 1012 884 1061 exegesin
901 1026 1022 1049 vocum
1038 1012 1159 1063 scripfit
1182 1016 1402 1056 obsoletarum
1413 1050 1423 1063 ,
1448 1022 1628 1060 aliarumue
1643 1024 1757 1062 diffici-

37 1062 145 1106 lium,
177 1067 210 1100 in
235 1067 447 1115 Hippocratis
473 1069 625 1116 operibus
650 1067 843 1107 obuiarum,
874 1074 905 1100 et
934 1066 1117 1115 permultos
1139 1069 1351 1117 Hippocratis
1380 1072 1480 1108 libros
1510 1081 1757 1113 commentariis

38 1116 229 1159 illustrauit,
256 1116 497 1167 illustraffetque
517 1132 653 1157 omnes,
680 1116 739 1153 nisi
762 1128 870 1152 morte
893 1128 1083 1164 praeuentus
1106 1132 1146 1155 eo
1172 1120 1344 1170 proposito
1370 1123 1542 1161 excidisset.
1596 1129 1755 1165 Permulti

36 1168 160 1204 horum
177 1172 494 1204 commentariorum
512 1172 545 1204 in
561 1169 676 1204 Galeni
692 1168 843 1215 operibus·
856 1166 963 1203 adhuc
981 1170 1154 1217 leguntur,
1182 1184 1264 1219 quos
1290 1185 1408 1209 omnes
1429 1181 1575 1212 enarraui
1600 1181 1634 1214 in
1655 1182 1752 1216 huius

35 1219 252 1256 bibliothecae
266 1221 338 1256 libr.
359 1222 399 1255 11.
416 1233 486 1269 cap.
504 1233 551 1263 ²3·
567 1235 585 1255 a
605 1221 636 1267 §
655 1232 696 1263 ¹7·
713 1219 777 1254 vol.
796 1220 833 1253 11.
852 1233 869 1253 a
881 1232 956 1267 pag.
972 1233 1039 1265 522.
1093 1223 1185 1257 Hinc
1201 1225 1276 1270 quia
1290 1226 1411 1260 horum
1430 1235 1753 1267 commentariorum

35 1270 214 1313 editiones,
240 1274 435 1320 omniaque,
461 1284 545 1319 quae
559 1271 599 1306 ad
615 1283 732 1307 eorum
745 1283 818 1305 rem
833 1270 1022 1307 litterariam
1044 1275 1205 1320 pertinere
1220 1273 1322 1310 videri
1346 1275 1493 1325 poss'ent,
1516 1282 1584 1315 iam
1601 1286 1751 1318 enarraui

33 1324 70 1358 in
84 1323 148 1358 hoc
164 1323 377 1359 bibliothecae
392 1336 526 1371 graecae
546 1325 670 1372 capite,
693 1335 765 1371 quo
782 1321 822 1357 de
838 1323 1043 1371 Hippocrate
1055 1326 1126 1371 egi,
1154 1326 1208 1360 hic
1221 1335 1348 1362 tantum
1371 1329 1563 1365 breuiffimis
1585 1332 1751 1377 indicabo,

34 1375 69 1409 iu
84 1387 244 1423 quosnam
265 1377 471 1424 Hippocratis
487 1375 584 1410 libros
600 1373 742 1410 Galenus
764 1371 871 1409 fuerat
893 1385 1155 1417 commentatus,
1188 1380 1322 1425 quinam
1349 1382 1472 1416 horum
1495 1389 1749 1422 commentario.

33 1438 109 1461 rum
125 1425 230 1461 adhuc
245 1427 384 1467 exstent,
411 1439 448 1461 ac
470 1429 603 1476 quinam
623 1427 814 1461 interierint.
868 1427 946 1474 Qo
966 1424 1056 1462 satio
1079 1425 1120 1463 de
1139 1427 1271 1470 indole,
1301 1433 1471 1468 virtutibus
1491 1447 1530 1468 ac
1551 1438 1634 1472 vitiis
1655 1450 1747 1475 com.

33 1481 292 1522 alemanorum,
319 1491 400 1527 quos
417 1479 560 1515 Galenus
577 1482 610 1514 in
630 1479 871 1526 Hippocratem
894 1474 1099 1526 conscripfit,
1127 1479 1288 1528 quaedam
1308 1494 1509 1534 proponam.

133 1563 375 1600 commentarii
392 1563 508 1599 Galeni
526 1567 559 1598 in
576 1564 790 1612 Hippocratis
805 1561 905 1598 libros
919 1563 952 1597 hi
968 1562 1108 1599 exstant:

134 1631 168 1674 1)
194 1633 225 1666 in
242 1632 357 1667 librum
375 1632 585 1677 Hippocratis
598 1632 634 1665 de
651 1637 770 1665 natura
785 1631 920 1665 humana
933 1633 1147 1667 commentarii
1158 1632 1234 1669 duo.
1284 1634 1333 1669 Hi
1357 1635 1479 1673 exstant
1494 1639 1528 1672 in
1551 1637 1624 1675 edit.
1643 1641 1745 1676 Char.

24 1680 103 1717 ⁴terii
118 1692 200 1718 tom.
216 1684 272 1719 111.
287 1696 361 1732 pag.
379 1695 429 1729 9¹·
452 1682 516 1718 vid.
533 1683 654 1718 Fabric.
674 1683 820 1719 biblioth.
833 1695 942 1731 graec.
959 1683 1052 1719 Harl.
1074 1683 1129 1721 lib.
1143 1685 1184 1721 11.
1205 1697 1274 1734 cap.
1290 1698 1339 1733 23.
1364 1688 1395 1734 ᾗ.
1409 1700 1455 1734 25.
1478 1703 1528 1726 nr.
1545 1702 1595 1735 34.
1617 1693 1684 1727 vol.
1702 1695 1743 1730 n.

56 1748 73 1769 a
99 1763 106 1770 .
141 1741 191 1775 82.

31 1747 54 1784 P
74 1747 97 1784 g
123 1746 165 1845 52)
190 1803 225 1836 In
239 1801 353 1836 librum
370 1802 584 1846 Hippocratis
598 1799 636 1834 de
647 1813 735 1840 aere,
763 1802 855 1847 aquis
873 1808 904 1836 et
919 1802 994 1837 locis
1007 1805 1222 1838 commentarii
1234 1809 1311 1840 tres.
1352 1805 1488 1842 Exstant
1502 1809 1535 1842 in
1552 1806 1626 1844 edit.
1642 1811 1744 1848 Char.

31 1853 103 1887 terii
121 1863 201 1888 tom.
218 1855 272 1888 Vi.
287 1866 360 1901 pag.
376 1860 443 1896 187.
470 1851 534 1886 vid.
551 1852 673 1886 Fabric.
688 1851 834 1888 biblioth.
851 1866 957 1901 grace.
982 1854 1038 1889 lib.
1054 1857 1092 1889 11.
1115 1867 1186 1901 cap.
1202 1866 1249 1896 23.
1272 1856 1303 1901 §.
1317 1866 1364 1898 23.
1389 1856 1454 1893 vol.
1469 1859 1511 1893 11.
1532 1871 1608 1907 pag.
1623 1866 1691 1905 501.

133 1920 166 1964 3)
192 1920 225 1952 in
251 1920 365 1953 librum
395 1919 607 1964 Hippocratis
639 1918 690 1952 vel
712 1919 829 1965 Polybi
857 1920 896 1953 de
917 1919 1049 1966 salubri
1071 1920 1173 1954 vietus
1195 1922 1315 1955 ratione
1335 1924 1562 1966 priuatorum,
1597 1939 1743 1965 commen-

24 1972 143 2007 tarius,
193 1970 302 2006 Exstat
322 1971 356 2006 in
380 1968 454 2005 edit.
470 1970 632 2004 Charterii
655 1978 739 2005 tom.
754 1971 810 2004 VI.
833 1982 910 2019 pag.
924 1981 995 2005 220.
1029 1969 1092 2007 vid.
1111 1970 1231 2008 Fabric.
1246 1971 1390 2009 biblioth.
1405 1987 1512 2023 graec.
1533 1976 1554 2014 l.
1569 1991 1597 2013 c.
1618 1993 1669 2016 nr.
1687 1984 1740 2024 36.

54 2035 72 2056 a
97 2049 104 2055 -
181 2047 192 2058 ι

27 2034 52 2070 p
72 2033 95 2070 g
123 2029 178 2133 ⁵48?
194 2090 228 2123 in
248 2087 365 2123 librum
387 2088 598 2133 Hippocratis
619 2087 657 2122 de
679 2087 824 2122 alimento
850 2088 1060 2123 commentarii
1078 2096 1226 2136 quatuor.
1277 2089 1411 2128 Exstant
1431 2094 1466 2130 in
1487 2093 1562 2132 edit.
1581 2098 1740 2136 charterii

29 2149 115 2177 tom.
129 2141 186 2175 Vl.
202 2152 275 2188 pag.
293 2146 363 2182 238.
390 2139 454 2175 vid.
474 2140 594 2174 Fabric.
615 2139 763 2175 biblioth.
778 2151 884 2187 graec.
901 2139 922 2174 l.
939 2153 966 2174 c.
983 2151 1032 2174 nr.
1048 2150 1095 2185 35.
1112 2153 1187 2189 pag.
1204 2148 1274 2187 584.
1638 2160 1641 2163 ·

128 2205 164 2253 5)
186 2209 220 2242 in
247 2207 364 2242 librum
396 2207 610 2252 Hippocratis
638 2207 676 2240 de
704 2207 886 2241 humoribus
908 2209 1123 2242 commentarii
1144 2215 1217 2243 tres.
1268 2207 1400 2246 Exstant
1422 2213 1455 2247 in
1480 2213 1554 2251 edit.
1575 2217 1738 2253 Charierfi

29 2265 113 2294 tom.
125 2259 211 2292 vm.
229 2271 303 2306 pag.
322 2264 398 2303 508.
422 2259 486 2293 vid.
503 2259 624 2293 Fabric.
640 2257 787 2293 biblioth.
803 2270 909 2305 graec.
923 2258 980 2294 lib.
995 2259 1036 2295 11.
1048 2272 1120 2307 cap.
1138 2271 1185 2302 23.
1200 2260 1229 2307 §.
1244 2271 1292 2305 25.
1307 2274 1355 2296 nr.
1369 2275 1396 2306 3.
1413 2263 1478 2299 vol.
1497 2268 1536 2301 Π.
1556 2281 1631 2316 pag.
1650 2272 1724 2313 563,

128 2316 166 2369 6)
193 2326 226 2359 in
243 2326 453 2370 Hinpocratis
464 2323 687 2371 prognqsticon
702 2327 911 2360 tommentarii
931 2332 1010 2360 tres.
1070 2325 1204 2361 Exstant
1224 2329 1260 2362 in
1278 2325 1352 2364 edit.
1366 2330 1530 2368 Charterii
1550 2343 1634 2370 tom.
1650 2337 1736 2373 VIII.

30 2387 107 2425 pag.
120 2383 186 2418 583.
211 2375 276 2413 vid.
291 2377 412 2414 fabric.
428 2378 573 2413 biblioth.
590 2389 696 2425 graec.
710 2375 766 2413 lib.
781 2379 820 2413 11.
842 2390 912 2426 cap.
928 2388 976 2420 23.
1001 2377 1032 2424 §.
1050 2389 1098 2424 19.
1123 2378 1192 2415 vol.
1212 2380 1251 2414 Π.
1277 2392 1353 2429 pag.
1366 2392 1429 2426 533.

73 2448 141 2482 Vol.
155 2447 194 2482 V.
889 2445 973 2481 Mm
984 2456 1020 2480 m
1619 2419 1621 2421 ι
1637 2450 1676 2500 γ)
1701 2454 1733 2488 in
