2049 2720
69 125 130 154 vol.
146 125 195 152 Ν.
221 131 245 157 ρ.
259 130 294 156 ⁴2
728 121 897 157 GRAECI
923 123 1107 158 INEDITI.
1278 124 1429 162 LibJV.
1444 136 1468 160 c.
1486 124 1672 162 XXXIX.
1722 139 1780 174 339

165 220 217 253 LX
227 219 278 255 xl.
306 227 337 253 et
358 216 514 252 Eiusdem
533 218 608 266 περὶ
628 211 815 269 ssew-quic&
839 218 872 250 in
894 215 968 250 bibl.
991 216 1156 252 Iohannea
1183 218 1277 252 huius
1299 218 1382 252 vrbis
1412 227 1442 252 et
1462 220 1616 254 Oxoniae
1638 222 1670 255 in
1693 222 1777 255 Bod.

164 269 269 304 lciana
292 270 364 304 cod.
391 271 520 304 Barocc.
544 271 659 304 CXVI.
690 269 826 314 incipit.-
866 269 948 307 ἰςέον
977 263 1028 305 ἔτι
1061 269 1191 318 τριχᾶῗς
1219 271 1364 315 λέγεται]
1397 268 1414 313 ἦ
1441 267 1612 323 προσῳδίαι
1636 269 1674 316 ⁶).
1726 272 1778 308 Dc

163 321 325 355 XXVII.
359 323 465 366 tropis
490 328 520 355 et
533 320 663 367 figuris
683 321 817 366 pob'ticis
841 329 872 354 et
896 321 932 354 dc
941 319 1115 366 spiritibus
1134 328 1228 367 alque
1252 323 1423 356 accentibus
1441 321 1539 358 exstat
1555 323 1627 358 MS.
1650 325 1682 358 in
1704 323 1777 361 bibl.

171 372 210 406 V
209 371 381 406 indolmmn
395 385 413 407 1.

60 423 235 470 [lambecii
255 374 452 461 commsw,
474 421 540 457 eol.
561 434 612 466 47.
631 419 674 470 sq,
696 430 727 456 et
752 421 864 468 Noffel.
887 421 978 460 catal.
1001 431 1081 469 part.
1096 424 1121 457 I.
1148 435 1222 470 pag.
1238 435 1308 468 447.
1331 434 1361 459 et
1381 432 1461 471 part.
1480 425 1537 459 IV.
1556 436 1627 472 pag.
1644 437 1704 470 145.
1727 425 1781 462 lib.

163 473 204 510 de
226 471 393 522 spiritibus.
423 495 475 502 —-
527 476 563 508 In
587 473 662 508 bibl.
686 473 857 521 quondam
881 473 1080 520 Heidelberg.
1106 487 1156 508 nr.
1178 487 1232 516 40.
1259 485 1319 509 cat.
1342 476 1495 523 Sylburg.
1521 486 1617 523 atque
1639 490 1687 512 nr.
1708 490 1780 519 302.

165 535 395 562 memorantur
416 538 459 560 ex
484 526 620 571 Georgii
645 525 847 571 Choerobqfci
870 528 1091 572 grammaticis
1112 536 1272 573 excerpta.
1300 547 1349 553 —
1377 529 1412 561 ln
1436 526 1510 562 cod.
1535 527 1778 564 Vatic.ct10er.

165 576 326 626 expositio
349 580 383 611 in
409 588 512 612 artem
538 585 712 626 grammat.
730 575 902 619 Dionysii,
924 577 1083 614 Thracis,
1107 587 1137 612 et
1154 576 1335 612 Herodiani
1356 574 1565 628 προσῳδίαν,
1603 579 1679 614 teste
1699 581 1781 614 Hol-

154 628 238 674 stcn.
264 631 296 663 iu
327 631 421 664 nouis
443 626 575 663 miscell.
605 625 686 662 o-bss'.
715 626 857 674 Belgicis
877 640 907 661 a.
930 638 1012 671 ¹741·
1036 638 1118 663 tom.
1135 630 1176 663 11.
1197 641 1273 677 pag.
1292 641 1355 673 ¹¹9·
1398 649 1444 655 —
1499 630 1535 663 ln
1557 629 1630 665 cod.
1657 631 1781 664 Veneto

162 681 269 716 Marc.
286 681 390 715 DXII.
423 681 472 724 (v.
491 678 653 724 Villoison
676 678 698 713 l.
713 691 740 713 c.
759 691 834 726 pag.
851 690 916 719 103.
938 689 1008 714 not.
1027 680 1076 724 2.)
1110 699 1160 706 -
1212 681 1396 714 Florentiae
1423 682 1456 714 in
1477 680 1554 715 cod.
1568 682 1685 716 Medic.
1709 684 1778 716 VII.

163 741 194 766 et
214 730 287 767 cod.
306 732 391 769 XIV,
417 730 496 776 plut,
515 743 558 774 55.
585 730 640 775 (in
662 741 728 778 quo
751 732 848 765 etiam
872 729 993 764 exstant
1015 730 1193 779 opuscula,
1227 730 1320 766 nullo
1336 732 1478 766 auctoris
1500 735 1640 766 nomine
1656 731 1779 772 addito,

163 781 204 817 de
226 782 376 816 dielionis
401 779 653 822 adsediionibus‚
680 793 763 828 quae
784 785 817 815 in
839 783 973 829 poeticis
997 780 1200 829 potiffimum
1218 782 1306 817 libris
1323 791 1520 821 occurrunt,
1547 794 1577 817 et
1597 781 1637 817 de
1652 783 1777 831 figuris,

163 846 245 882 quac
269 831 454 869 soloeci.1ni
476 830 613 879 speciem
635 833 775 872 habent,
809 845 893 881 quae
915 843 945 867 et
966 846 1105 880 quarum
1130 833 1346 868 dialefiorum
1371 832 1451 877 fint,
1489 847 1571 882 quae
1593 832 1658 870 duo
1681 848 1778 882 opus.

166 884 238 920 eula
263 885 422 920 Bandinio
445 886 537 919 catal.
561 882 658 918 codd.
681 896 730 931 gr.
750 885 790 921 11.
811 883 875 918 col.
895 890 965 926 278.
995 888 1090 919 etiam
1117 899 1136 919 a
1152 886 1297 932 Georgio
1314 885 1478 920 Choerob.
1503 883 1655 920 confecta
1669 885 1779 921 viden-

167 938 258 981 ωτι)
285 939 317 970 in
343 934 414 974 cod.
432 937 517 974 Xv1,
541 934 620 982 plut.
643 942 694 977 8⁴!-
716 945 746 969 et
771 934 844 969 cod.
861 936 900 972 X.
924 934 1004 981 plut.
1025 948 1073 980 91.
1098 949 1145 970 nr.
1164 948 1190 977 3.
1236 935 1411 984 explicatio
1434 937 1615 983 figurarum
1637 941 1781 984 poetica·

165 1001 252 1022 rum.
280 998 442 1036 atquenr.
460 998 489 1029 4.
518 985 650 1031 (eodem
675 986 838 1021 Choerob.
864 987 1014 1025 audiere,
1049 989 1093 1020 vti
1120 987 1332 1034 probabiliter
1353 985 1527 1035 suspicatur
1548 989 1688 1027 Bandin,
1711 988 1732 1024 l.
1750 1001 1775 1027 c,

164 1040 221 1073 Ill.
246 1039 310 1074 col.
327 1041 412 1084 438.)
439 1038 520 1072 aliae
542 1039 665 1085 figurae
686 1040 832 1085 poeticae
849 1038 981 1072 XXVII.
1006 1035 1279 1073 demonstratiuae
1304 1039 1480 1073 locutionis
1503 1034 1682 1086 figuratae,
1704 1041 1777 1075 rhe-

164 1091 287 1125 toricae
303 1100 333 1124 et
357 1089 481 1137 logicae
504 1088 720 1123 institutionis.
750 1107 798 1114 —
851 1090 1012 1135 Excerpta
1035 1088 1075 1123 de
1101 1087 1257 1136 spiritibus
1282 1100 1311 1124 et
1335 1090 1514 1125 accentibus
1538 1103 1628 1124 voce.
1651 1093 1683 1125 in
1700 1089 1774 1126 cod.

163 1139 288 1177 Medic.
310 1141 382 1175 VII.
414 1141 492 1189 plut.
518 1152 559 1185 55.
588 1153 637 1177 nr,
654 1144 703 1177 28-
727 1148 758 1173 et
779 1137 821 1173 de
838 1140 1019 1174 accentibus
1036 1153 1075 1174 ex
1096 1141 1305 1187 szoerobrfii,
1332 1140 1476 1175 Aetheria·
1490 1150 1521 1175 et
1536 1141 1679 1176 aliorum
1700 1155 1778 1189 ope-

166 1193 253 1228 ribus
271 1195 305 1226 in
334 1191 406 1227 cod.
421 1193 566 1227 XXXIV.
591 1190 670 1237 plut.
684 1202 729 1234 57.
756 1203 786 1223 v.
804 1190 944 1224 Bandin.
967 1189 989 1224 l.
1005 1204 1031 1225 e.
1056 1190 1119 1226 col.
1135 1194 1196 1234 263
1217 1202 1248 1226 et
1262 1198 1334 1234 388.
1361 1210 1413 1217 -
1452 1193 1631 1227 Florentiae
1654 1194 1686 1226 in
1701 1193 1776 1228 bibl.

158 1243 347 1279 monasterii
372 1245 404 1278 B.
426 1245 551 1278 Mariae
575 1243 634 1277 Ge.
659 1242 772 1276 Choer.
798 1240 838 1276 de
858 1243 1014 1288 poeticis,
1042 1240 1114 1276 cod.
1138 1243 1293 1287 bombyc.
1318 1242 1393 1278 tesse
1415 1243 1597 1288 Monffauc.
1621 1245 1654 1277 in
1674 1242 1777 1280 diario

159 1294 227 1330 ital.
251 1308 325 1343 pag.
341 1298 413 1340 369.
442 1314 493 1320 —
534 1293 670 1338 Neapoli
694 1294 728 1326 iu
753 1291 824 1327 bibl.
846 1305 914 1340 reg.
938 1291 1009 1327 cod.
1024 1294 1158 1329 XXVII.
1183 1293 1223 1328 de
1252 1293 1332 1341 figg.
1357 1296 1510 1342 poeticis,
1545 1293 1586 1328 de
1609 1307 1699 1332 voce.
1723 1294 1778 1330 ad-

162 1344 358 1382 sectionibus
382 1358 463 1393 quae
483 1342 665 1380 soloecismi
690 1340 829 1391 speciem
848 1344 973 1379 habent.
998 1365 1049 1371 -—
1075 1343 1157 1379 adde
1172 1344 1244 1380 cod.
1261 1347 1370 1380 CLXI.
1383 1345 1493 1394 postea
1510 1345 1777 1383 memorandum.

159 1418 210 1425 --
238 1400 274 1432 In
300 1397 377 1433 bibl.
408 1396 495 1444 publ.
527 1396 631 1442 Poris:
663 1393 758 1430 codd.
791 1395 998 1430 DCCCLIV.
1036 1397 1238 1432 MCCLXX.
1269 1398 1441 1433 MMVIII.
1472 1397 1777 1434 MMCCCCXCV.

161 1449 346 1486 MMDCL.
410 1448 704 1483 MMDCCLVIII.
764 1447 1023 1483 MMDCCLXI.
1081 1448 1357 1483 MMDCCLXII.
1409 1448 1778 1486 MMDCCLXXXVII.

164 1501 521 1536 MMDCCCCXXIX.
559 1498 603 1533 est
628 1494 739 1533 Choer.
765 1496 806 1532 de
833 1497 947 1545 figuris
970 1507 1024 1533 aut
1046 1501 1146 1547 tropis
1170 1501 1315 1546 poeticis.
1353 1518 1404 1526 —
1456 1501 1493 1534 Iu
1516 1499 1661 1547 Anglia,
1689 1503 1778 1537 Oxo.

165 1554 238 1586 niae
260 1553 293 1586 in
317 1551 389 1585 bibl.
413 1549 534 1589 Bodlei.
557 1549 630 1584 cod.
647 1549 776 1586 XXXV,
803 1547 924 1595 Georg.
951 1550 1060 1585 Choer.
1089 1549 1130 1585 de
1155 1553 1255 1598 tropis
1281 1552 1414 1598 poeticis
1442 1549 1497 1585 lib.
1513 1553 1567 1587 Vl.
1592 1564 1672 1586 num
1699 1555 1778 1587 eius.

161 1601 238 1637 dein
260 1601 321 1637 fint
343 1599 454 1650 opusc,
479 1614 517 1636 ex
545 1599 662 1636 eodem
689 1598 803 1634 codice
824 1602 859 1634 in
883 1600 977 1636 catal.
1001 1599 1096 1637 codd.
1120 1602 1258 1650 Angliae
1279 1610 1309 1636 et
1332 1601 1466 1636 Hibera.
1483 1615 1556 1651 pag.
1576 1613 1605 1645 4.
1630 1602 1702 1651 post
1720 1604 1778 1642 Ge,

165 1655 318 1690 Choerob.
340 1663 540 1694 memorata,
568 1651 607 1686 de
630 1652 812 1686 litterarum
835 1663 1025 1698 graecarum
1051 1654 1240 1688 inuentione
1261 1663 1293 1688 et
1316 1651 1449 1699 ordine,
1475 1653 1516 1688 de
1541 1655 1779 1703 orthographia

160 1707 324 1748 anonymi
345 1707 435 1740 transt.
461 1704 502 1739 de
521 1704 753 1751 grammatica,
780 1715 850 1737 non
873 1702 957 1737 clare
976 1702 1181 1751 fignificatur.
1208 1723 1257 1731 —
1292 1707 1326 1739 in
1348 1704 1422 1740 cod.
1449 1705 1484 1740 L.
1519 1705 1599 1740 Geo.
1626 1707 1778 1742 Chen-057.

162 1758 400 1803 orthographia
419 1759 453 1789 in
474 1753 707 1802 compendium
731 1752 878 1795 redacta,
904 1762 934 1788 et
957 1754 1072 1789 orditie
1096 1755 1257 1804 alphabeti
1279 1754 1416 1803 digesta,
1442 1768 1519 1791 cum
1542 1760 1701 1802 anonymi
1725 1771 1777 1794 or-

162 1808 369 1854 thographia.
404 1826 455 1833 ·-—
508 1808 543 1839 In
563 1805 636 1839 cod.
659 1805 758 1839 LVII.
782 1807 964 1848 anonymi,
998 1803 1070 1847 sed,
1107 1808 1153 1840 vti
1177 1807 1291 1842 audior
1312 1806 1404 1841 catal.
1428 1819 1501 1854 pag.
1519 1819 1549 1849 7.
1589 1805 1777 1856 suspicatur,

171 1858 378 1903 Choerol’osci
408 1854 518 1904 opusc.
548 1856 588 1890 de
615 1854 739 1900 syntaxi
765 1855 942 1890 verborum
974 1853 1148 1891 secundum
1177 1856 1329 1891 ordinem
1352 1856 1602 1903 alphabeticum.
1639 1880 1690 1886 —
1742 1863 1779 1896 ln

164 1908 240 1944 cod.
256 1910 396 1944 LXVIII.
418 1905 524 1956 opusc.
544 1906 584 1942 de
604 1907 705 1954 tropis
727 1908 882 1952 poeticis,
909 1916 940 1941 et
959 1907 1022 1941 alia
1045 1908 1315 1955 grammaticalia.
1342 1927 1393 1934 -
1444 1910 1481 1942 In
1504 1907 1576 1944 cod.
1596 1910 1723 1946 LXXII.
1738 1906 1788 1947 de

103 1969 106 1971 ’
165 1958 382 2000 soloecismo,
409 1969 440 1994 et
463 1970 545 2007 quot
570 1957 679 1993 modis
701 1959 928 1992 committitur.
964 1978 1015 1985 —-
1067 1959 1105 1992 ln
1127 1958 1199 1994 cod.
1217 1960 1334 1994 CXVI.
1355 1956 1444 2002 sunt,
1475 1961 1614 2008 (partim
1640 1976 1658 1996 a
1674 1962 1778 1998 Fabri.

166 2014 220 2047 cio
242 2012 345 2046 obiter
365 2013 490 2055 notata)
517 2010 576 2044 Ge.
594 2010 744 2045 Clzoerob.
759 2019 938 2043 comment.
955 2010 988 2043 in
1002 2008 1174 2053 Dionyfii,
1198 2011 1357 2050 Thracis,
1389 2021 1489 2046 artem
1513 2017 1778 2059 grammaticam,

164 2065 227 2099 inc.
250 2064 365 2111 Τέχνη
390 2063 446 2102 ἐςί.
473 2070 544 2097 tum
566 2063 600 2096 in
620 2058 805 2096 Theodosii
830 2063 1080 2108 grammaticam
1105 2059 1226 2097 scholia
1249 2060 1314 2098 fiue
1329 2071 1544 2101 commentar.
1568 2061 1643 2102 dno*
1668 2067 1780 2112 φωιιῆς

1018 2112 1049 2145 V
1061 2125 1080 2146 v
1107 2125 1126 2148 2
1643 2118 1779 2169 Georgii

107 2229 136 2268 ί)
164 2228 196 2259 In
216 2226 282 2258 eod.
310 2226 423 2258 Veneto
446 2223 560 2253 DCLII.
581 2233 609 2253 v.
629 2219 782 2262 Villoison.
804 2221 905 2251 anecd.
949 2221 986 2252 de
1002 2221 1156 2262 prosodia,
1178 2222 1357 2255 aVilloison.
1373 2234 1388 2254 e
1404 2225 1529 2254 tenebris
1543 2232 1638 2256 eruto.
1660 2244 1702 2250 -
1744 2230 1780 2261 In

69 2281 112 2310 gr.
137 2273 174 2302 11.
197 2282 261 2312 pag.
278 2279 325 2306 99.
348 2269 481 2308 inprimis
505 2276 568 2306 pag.
588 2275 645 2301 103.
670 2272 732 2294 not.
749 2275 775 2297 2,
796 2275 823 2302 p.
841 2273 904 2301 107.
949 2264 1012 2294 cod.
1027 2265 1152 2295 Matr-it.
1168 2267 1293 2296 LXXXI.
1315 2278 1345 2298 v.
1364 2268 1482 2298 Iriarte
1497 2276 1548 2298 cat.
1571 2280 1635 2310 pag.
1653 2280 1714 2306 295,
1737 2290 1780 2296 -.

0 2339 2 2341 ,
67 2320 132 2345 jot,
147 2325 174 2345 2.
197 2314 247 2343 vbi
263 2321 352 2354 pauca
369 2310 448 2340 dedit
460 2316 613 2349 excerpta,
635 2314 663 2337 et
686 2307 742 2337 alia
765 2317 830 2348 pag.
848 2316 905 2337 tto.
949 2307 991 2338 ib.
1006 2309 1036 2337 in
1050 2307 1112 2337 cod.
1134 2309 1292 2338 LXXXIII.
1313 2320 1348 2339 ex
1371 2309 1452 2339 libris
1467 2311 1663 2342 Choerob-vsci
1680 2314 1715 2343 de
1731 2326 1779 2345 or-

73 2364 132 2386 not.
149 2367 173 2386 2.
192 2364 220 2386 et
236 2358 265 2385 in
280 2362 376 2388 ποις.
392 2351 616 2385 animaduertit,
636 2352 795 2387 Georgium
813 2350 905 2379 choe-
950 2351 1134 2390 thographia.
1166 2351 1274 2382 Iriart,
1292 2363 1320 2393 p,
1337 2356 1403 2388 306,
1427 2369 1466 2374 -
1499 2356 1528 2383 jn
1552 2356 1615 2384 cod⁴
1635 2357 1720 2388 XCV·
1743 2361 1778 2390 de

20 2423 21 2432 i
77 2399 142 2430 rob.
162 2398 238 2430 haud
259 2407 351 2442 pauca
371 2393 545 2436 descripsisse
568 2404 602 2425 ex
628 2394 783 2435 Porphyrii
804 2391 905 2425 libello
950 2392 1109 2435 spirinbus„
1133 2404 1160 2424 v.
1178 2394 1286 2425 Iriart.
1309 2406 1376 2437 pag.
1393 2398 1455 2434 376.
1473 2395 1511 2437 sq.
1537 2396 1629 2428 Heri.
