2013 2725
176 144 242 175 §eo
349 134 419 171 Lib.
434 132 504 171 JV.
519 146 541 174 t.
554 131 603 171 X.
767 133 892 172 FLAV.
926 135 1110 173 ARRIANI
1143 134 1353 173 PER1PLVS
1576 136 1706 164 Vol-11¹·
1729 137 1910 186 2-275P-27—15
1968 164 1971 165 γ

182 227 277 264 catal.
297 225 397 264 codd.
415 237 544 264 msstor.
560 227 756 278 laudatum]
783 231 923 266 Nearchi
941 231 1094 281 Cretensis
1108 233 1148 277 ω)
1168 232 1328 277 Paraplus
1345 243 1384 267 ex
1402 232 1527 268 Arriani
1542 229 1659 266 indicis
1678 233 1796 281 petitus
1820 243 1912 279 grae.

184 292 220 314 ee
242 290 273 315 et
294 280 394 316 latine
417 294 494 316 cum
540 281 689 317 breuibus
710 286 794 317 notis
817 281 922 318 editus
941 281 986 318 est
1010 286 1044 318 in
1060 294 1140 319 tom.
1157 285 1179 319 1.
1208 285 1491 333 Geographorum
1516 285 1686 319 minorum
1714 285 1759 318 Io.
1782 281 1913 318 Hudso.

181 334 237 372 ui,
269 331 413 380 praefixa
434 334 479 368 H.
495 331 663 369 Dodwelli
685 332 920 376 dissertatione,
947 347 1014 384 qua
1035 334 1145 375 illum,
1168 333 1349 384 suspedhim
1371 334 1427 370 fibi
1449 345 1480 371 et
1501 333 1556 371 sub
1579 334 1822 383 postremorum
1840 336 1912 370 Pto-

180 383 391 419 lemaeorum
421 394 570 433 tempora
595 385 797 429 considium,
831 400 900 422 non
922 387 962 421 ab
988 384 1057 435 ipso
1084 387 1260 422 Alexandri
1283 392 1330 423 M.
1364 388 1490 436 aequali
1515 388 1666 422 Nearcho
1687 385 1912 436 compositum

183 434 332 477 testatur,
366 440 567 484 argumentis
590 435 716 479 nescio,
750 452 792 473 an
813 438 1005 474 coniecfturis
1027 441 1156 488 potius,
1191 438 1229 474 ad
1254 440 1337 474 hanc
1360 437 1550 475 sententiam
1572 438 1739 473 adducitis.
1791 439 1913 476 Memi-

181 488 233 526 ,nit
256 487 396 521 Nearchi
417 497 543 535 praeter
563 488 647 524 alios
671 489 879 525 Philostratus
903 493 937 524 in
960 492 1023 525 vita
1049 489 1224 540 Apollonii
1246 492 1300 525 ΙΙΙ.
1328 502 1370 536 15.
1397 492 1523 526 Fabric.
1551 511 1601 517 -
1635 487 1736 525 Conf.
1758 487 1852 538 supra
1877 492 1912 524 in

182 536 252 573 vol.
270 539 326 572 111.
345 550 419 586 pag.
437 542 491 583 46.
515 552 587 576 voc.
608 542 786 577 Nearchus.
838 543 1032 577 Germanice
1051 545 1144 578 vertit
1162 543 1302 578 indicam
1321 545 1447 578 Arriani
1465 542 1631 578 historiam
1646 541 1781 588 Raphel,
1807 543 1912 576 Ham-

179 591 283 636 burg.»
303 602 389 632 ¹7¹0·
413 597 445 631 8.
479 588 532 626 sed
554 594 622 627 eius
645 605 762 641 gener,
798 592 834 628 C'.
850 593 894 628 A.
912 594 1037 628 Schmid
1057 593 1146 629 dedit
1167 592 1353 629 verfionem
1380 595 1656 642 locupletiorem,
1685 591 1796 628 addito
1819 592 1913 628 Dod-

180 639 343 675 welliano
360 644 529 678 examine:
553 643 699 679 Arriam
721 645 855 691 indische
871 646 1193 693 Merkwic'rdigkeiten
1217 649 1282 680 und
1305 647 1476 681 Hannonis
1495 646 1658 692 Secreiscn.
1686 643 1784 680 Nebss
1801 645 1913 680 Herm

182 692 301 727 Heinr.
317 691 492 729 Dodvells
516 693 663 745 Priifung
687 695 745 732 der
773 695 912 732 Seereise
933 696 989 732 des
1014 699 1162 736 Nearch.
1197 697 1264 733 und
1290 699 1400 734 Herrn
1424 711 1492 734 von
1513 695 1737 745 Rougainville
1759 695 1912 731 Abhand-

180 742 266 792 king
288 753 356 779 von
379 743 438 780 der
457 745 600 783 Seereise
621 747 675 783 des
699 750 825 783 Hanno
847 747 914 784 und
938 748 1002 784 den
1017 750 1207 798 Carthagin,
1224 749 1520 798 Handelspl'a'tzen‚
1547 748 1600 784 die
1622 761 1658 783 er
1677 761 1719 783 an
1737 745 1795 782 der
1813 744 1912 782 Ktisse

181 807 251 831 von
278 793 388 831 Africa
408 797 561 847 angelegt
584 801 649 834 hat.
702 801 769 835 Mit
792 799 1036 842 Landcharten‚
1067 803 1150 836 auch
1171 803 1280 837 einem
1305 802 1460 850 Register.
1500 798 1666 836 Brunsuic.
1689 810 1720 835 et
1743 796 1911 835 Guelferb.

178 849 278 892 ¹1764.
299 850 375 883 mai.
392 856 421 889 8.
452 869 504 876 -—
536 850 659 887 italice:
697 853 742 886 La
765 854 979 900 navigazione
1000 851 1034 887 di
1059 854 1185 888 Nearco
1208 874 1257 880 —
1285 852 1316 888 la
1338 853 1433 903 quale
1455 850 1560 888 scrisse
1585 854 1743 891 Arriano,
1782 848 1912 886 scrittor

179 910 306 946 greco,
343 899 483 936 tradotta
505 899 592 937 dalla
615 899 669 937 sua
691 903 788 938 storia
810 902 842 937 di
864 903 978 952 lingua
998 917 1094 952 greca
1121 904 1209 940 nella
1231 903 1402 948 Toscana‚
1444 907 1477 940 in
1501 906 1620 952 Viaggi
1644 902 1676 938 di
1700 902 1912 948 Giambatista

182 951 348 999 Ramufio,
379 951 445 986 vol.
460 953 483 987 1.
508 965 582 1000 pag.
600 956 677 999 269.
698 953 772 990 edit.
789 956 936 989 luminae
959 963 1045 1000 1588·
1068 954 1128 991 fol.
1163 956 1240 991 teste
1260 957 1430 1002 Paitonio‚
1463 956 1541 991 loco
1562 958 1680 990 citato:
1710 951 1835 1001 saepius
1858 966 1912 988 au-

182 1011 251 1036 tem
274 1000 330 1036 illa
352 1004 467 1037 itinera
492 1001 623 1039 suerunt
645 1003 738 1040 edita.
779 1017 807 1040 v.
833 1005 969 1040 Baudini
996 1009 1167 1042 luntarum
1189 1009 1429 1055 typographiae
1448 1007 1598 1047 annales,
1624 1013 1706 1053 part.
1727 1007 1750 1039 1.
1771 1017 1847 1054 pag.
1862 1017 1910 1040 22.

178 1052 307 1087 fabric.
324 1055 358 1087 in
373 1054 440 1088 vol.
458 1055 509 1088 lX.
526 1068 600 1103 pag.
614 1067 689 1098 402.
706 1066 737 1092 et
750 1057 866 1092 auc'ior
889 1056 983 1093 catal.
999 1057 1167 1093 Bodleiani
1190 1059 1213 1094 1.
1237 1071 1310 1106 pag.
1326 1061 1378 1102 76.
1403 1068 1593 1094 memorant
1606 1056 1680 1093 edit.
1697 1058 1812 1092 Venet.
1827 1064 1911 1103 1558.

183 1122 241 1134 --
261 1103 335 1139 edit.
351 1107 468 1141 Venet.
487 1108 572 1150 1563.
597 1109 712 1143 citatur
738 1110 773 1142 in
799 1107 892 1144 catal.
917 1108 991 1143 bibl.
1007 1109 1133 1144 Barber.
1152 1112 1174 1144 1.
1191 1122 1265 1157 pag.
1283 1117 1338 1154 78.
1366 1110 1467 1146 Harl.

286 1176 319 1209 9.
346 1165 656 1205 ‘Emzroms
680 1166 823 1206 ΠΡΟΣ
850 1168 1146 1208 “ΛΔΡῙΑΝΟ“Ν
1173 1173 1202 1207 ἐν
1229 1165 1249 1215 ἧ
1274 1172 1334 1219 ,Θῆ
1362 1167 1685 1208 ΠΕΡῙΉΛΟΥΣ
1719 1167 1910 1209 E‘r’zffl‘-

181 1221 299 1254 NOT
325 1214 440 1254 HO'N
451 1223 558 1255 ΤΟΥ
583 1217 712 1263 epzstola
734 1219 778 1252 ad
790 1219 999 1254 Hadrianum
1022 1222 1096 1265 imp.
1127 1223 1241 1269 (quem
1265 1236 1283 1256 a
1306 1222 1476 1263 Traiano,
1504 1223 1560 1269 qui
1583 1234 1658 1256 eum
1685 1219 1910 1270 adoptaueran

182 1265 361 1301 ‘Traianum
374 1267 559 1303 Adrianum
579 1269 761 1316 Augustum
776 1272 897 1314 vocat‚)
913 1273 945 1305 in
959 1284 1021 1319 qua
1043 1273 1188 1319 periplus
1208 1274 1300 1318 ponti
1321 1273 1449 1307 Euxini
1469 1287 1488 1307 a
1503 1273 1717 1320 Trapezunte
1743 1284 1843 1320 vsque
1867 1270 1909 1306 ad

179 1315 395 1353 Dioscuriada
409 1329 504 1368 atque
517 1317 593 1354 inde
607 1319 647 1355 ad
661 1318 844 1370 Bosporum
862 1324 1084 1358 Cimmerium
1106 1323 1247 1371 indeque
1268 1323 1307 1359 ad
1323 1325 1508 1360 Thracium
1533 1334 1564 1359 et
1585 1321 1687 1370 ipsam
1707 1323 1909 1367 Byzantium

179 1369 305 1406 vrbem.
359 1371 425 1405 Hic
439 1370 584 1420 periplus
600 1369 736 1422 scriptus
759 1373 798 1407 ab
815 1376 973 1415 Arriano,
1002 1374 1231 1423 Cappadociae
1254 1378 1321 1410 iam
1348 1374 1532 1424 praefedim
1563 1377 1596 1410 in
1616 1372 1708 1410 vsum
1735 1377 1909 1424 imperato-

179 1423 244 1462 ris,
277 1423 362 1456 circa
390 1435 515 1456 annum
546 1425 614 1458 eius
641 1422 836 1460 vicefimum
861 1425 961 1473 paulo
990 1436 1064 1461 ante
1086 1426 1210 1462 bellum
1232 1440 1310 1462 cum
1335 1427 1465 1468 Alanis,
1501 1437 1535 1462 vt
1555 1425 1693 1461 ostendit
1714 1426 1908 1461 Dodwcllus

177 1485 254 1521 pag.
271 1485 340 1517 109.
395 1475 433 1508 In
458 1471 578 1509 eodem
600 1475 731 1524 periplo
756 1475 886 1511 testatur
906 1479 1080 1518 Arrianus,
1115 1475 1146 1514 se
1169 1477 1209 1514 de
1233 1478 1290 1525 [if]
1316 1478 1409 1513 rebus
1433 1478 1580 1528 pluribus
1601 1475 1795 1513 sententiam
1815 1474 1909 1513 suam

179 1526 358 1559 accuratius
372 1523 552 1572 exposuisse
566 1529 596 1564 ἐν
613 1533 684 1566 τοῖς
702 1527 896 1577 Ῥωμαῑκοῖς
912 1525 1135 1579 γράμμασιν,
1163 1535 1182 1554 *
1207 1530 1326 1565 litteris
1350 1530 1448 1565 latine
1461 1530 1613 1577 scriptis,
1641 1543 1725 1579 quae
1747 1531 1781 1564 in
1805 1531 1907 1565 archi-

177 1577 226 1609 vis
254 1574 444 1611 reconditae
473 1578 652 1625 perierunt.
712 1581 884 1615 Memorat
915 1581 1009 1616 istum
1040 1584 1170 1617 Arriani
1195 1581 1362 1631 periplum
1393 1582 1567 1628 Stephanus
1582 1582 1667 1630 Byz.
1691 1583 1725 1616 in
1745 1578 1906 1630 ’Λλμήνη,

177 1623 343 1674 ’Λψίλαεμ
366 1623 498 1666 Θᾶοινσε.
551 1627 693 1678 Respicit
706 1640 737 1666 et
751 1634 786 1666 in
800 1630 949 1680 Ἀθῆναί.
1001 1634 1118 1681 Neque
1133 1647 1209 1668 cum
1226 1634 1273 1680 If
1294 1634 1331 1668 V
1332 1634 1400 1680 offio
1416 1646 1491 1683 pag.
1511 1640 1560 1676 38.
1579 1632 1619 1668 ad
1641 1635 1803 1678 anonymi
1819 1637 1907 1682 peri-

176 1677 273 1726 plum
293 1682 388 1727 ponti
413 1681 532 1714 Euxini
557 1691 589 1715 et
609 1681 788 1717 Maeotidis
811 1682 957 1731 paludis,
997 1684 1212 1726 crediderim,
1245 1687 1417 1732 epitomen
1445 1693 1573 1720 tantum
1601 1683 1702 1720 hodie
1737 1681 1907 1733 supereffe.

178 1727 284 1777 quue
305 1732 392 1766 recte
411 1740 510 1780 negat
530 1731 720 1768 Dodwellus
743 1747 816 1782 pag.
835 1738 909 1771 160.
962 1736 1087 1770 Graece
1116 1739 1242 1785 primus
1269 1735 1369 1771 edidit
1402 1736 1628 1782 Sigismnndus
1648 1736 1799 1771 Gelenius
1827 1749 1907 1773 cum

176 1781 308 1829 periplo
325 1784 425 1816 maris
439 1783 631 1826 Erythraei,
655 1786 783 1832 periplo
802 1787 999 1828 Hannonis,
1026 1786 1201 1822 Plutarcho
1225 1786 1266 1821 de
1288 1786 1478 1822 fluminibus
1501 1798 1532 1823 et
1553 1788 1740 1832 montibus,
1763 1801 1800 1823 ac
1820 1789 1906 1824 Stra-

178 1831 273 1867 bonis
291 1835 456 1880 epitome,
482 1833 622 1870 Baffleae
639 1836 724 1883 apud
739 1837 939 1872 Frobenium
956 1850 1034 1884 ¹533·
1048 1850 1079 1880 4.
1109 1840 1232 1883 [textus
1248 1839 1358 1873 multis
1383 1842 1415 1874 in
1437 1839 1517 1874 locis
1537 1851 1673 1874 mancus
1693 1837 1756 1880 est,
1781 1849 1812 1874 et
1833 1853 1906 1875 mu-

177 1881 271 1922 tilus,
297 1883 513 1934 plurimisque
527 1886 657 1922 mendis
672 1885 896 1933 deformatus,
921 1900 1057 1925 notante
1070 1890 1202 1925 Stuckio
1219 1893 1253 1924 in
1268 1888 1402 1939 praefat.
1425 1891 1538 1936 Harl]
1590 1892 1710 1925 Latine
1723 1893 1817 1926 vertit
1832 1890 1906 1940 post

172 1935 356 1970 Adrianum
382 1937 562 1972 Turnebum
579 1938 625 1983 [in
640 1939 823 1987 Operibus,
851 1942 1060 1988 Argentorati
1077 1944 1171 1978 1600.
1186 1940 1248 1977 fol.
1263 1953 1347 1977 tom.
1364 1942 1404 1976 11.
1420 1955 1469 1977 nr.
1486 1943 1545 1988 13.]
1567 1951 1599 1977 et
1615 1952 1687 1977 tum
1701 1943 1788 1977 hunc
1809 1944 1906 1991 ponti

177 1986 299 2022 Euxini
315 1997 386 2022 tum
402 1990 574 2032 Erythraei
599 1992 715 2033 maris,
743 1990 798 2036 (de
813 2004 880 2040 quo
895 1994 1004 2036 mox‚)
1026 1993 1189 2041 periplum
1211 2006 1327 2041 graece
1349 2003 1380 2028 et
1402 1994 1501 2029 latine
1523 1992 1626 2029 edidit
1647 1997 1904 2030 commentario-

178 2049 242 2085 que
261 2047 292 2073 et
310 2039 425 2074 tabulis
440 2043 668 2088 geographicis
686 2043 864 2079 Abrahami
879 2044 997 2079 Ortelii
1014 2043 1128 2079 additis
1142 2044 1310 2080 illustrauit
1324 2047 1368 2081 Io.
1387 2046 1589 2080 Guilhelmus
1601 2045 1767 2086 Stuckius‚
1795 2047 1904 2094 Tigu-

176 2091 279 2132 ῐὶηιιε,
302 2089 406 2136 Lugd.
433 2103 518 2136 1577.
541 2089 601 2126 fol.
655 2093 941 2138 [Commentarius
956 2106 987 2131 et
1001 2095 1118 2130 dorffus
1140 2107 1171 2132 et
1190 2097 1335 2144 amplus,
1365 2106 1397 2130 et
1417 2100 1588 2144 praecipue
1608 2095 1648 2131 ad
1674 2096 1902 2133 illustrandam
1952 2111 1957 2115 ·

176 2143 417 2189 geographiam
435 2153 467 2177 et
481 2141 649 2178 historiam
668 2147 837 2193 antiquam
852 2144 946 2189 sacit3
975 2145 1146 2194 praemissa
1163 2147 1205 2183 ess
1222 2149 1286 2182 vita
1303 2149 1441 2183 Arriani.
1492 2145 1664 2197 Inscriptio
1678 2158 1786 2183 autem
1801 2149 1898 2184 huius

177 2190 346 2234 editionis,
373 2196 465 2229 cuius
478 2193 647 2244 exemplar
661 2192 807 2232 seruatur
829 2200 865 2232 in
881 2198 955 2233 bibl.
971 2198 1164 2248 Erlangenfi
1184 2199 1335 2248 publiea,
1361 2200 1442 2235 haec
1462 2198 1523 2234 est:
1753 2250 1794 2287 A

1791 2264 1898 2288 mam

221 2298 268 2336 w)
289 2299 367 2329 Vide
385 2298 570 2339 Gronou.sad
586 2303 700 2332 Ari-ian.
718 2312 778 2338 332.
801 2310 829 2332 et
842 2301 1010 2334 Berkelium
1063 2303 1138 2334 conf.
1157 2302 1286 2346 Goffelin
1310 2306 1342 2334 in
1360 2305 1545 2347 Geographie
1567 2305 1617 2336 des
1640 2307 1733 2336 Grec:
1752 2305 1896 2342 analyst'e,

176 2340 212 2369 ad
227 2342 323 2382 Steph.
338 2345 370 2371 in
385 2339 471 2374 An‘rn.
515 2345 636 2381 [Qod‚
661 2354 780 2375 notante
796 2346 897 2376 Plinio
912 2349 950 2377 H.
966 2349 1006 2378 N.
1059 2347 1145 2377 Paris.
1162 2357 1245 2385 ¹790·
1262 2359 1290 2384 4.
1314 2358 1377 2388 pag.
1396 2357 1427 2385 25
1442 2348 1482 2391 sq.
1507 2349 1543 2379 de
1557 2348 1701 2381 Nearcho
1709 2349 1894 2391 *potiffimum

174 2384 224 2412 VI.
240 2393 298 2424 cap.
316 2389 363 2414 26.
381 2393 450 2416 torn.
467 2388 491 2416 1.
507 2397 572 2427 pag.
588 2390 650 2423 326.
668 2399 711 2418 nr.
729 2399 755 2419 2.
777 2391 930 2429 opinatur,
953 2392 1004 2419 Ar-
1059 2390 1254 2422 differentem.
1278 2390 1384 2430 Harl]

174 2426 292 2457 sianum
312 2429 343 2458 in
364 2428 463 2459 Indica
485 2430 549 2464 hist.
573 2439 738 2462 commenta
756 2431 903 2463 iaffitaffe.
948 2432 1003 2462 Sed
