2049 2720
88 89 151 118 vot.
165 88 214 117 tx.
234 95 260 121 p.
276 86 408 121 7r3fm
724 82 783 119 DE
809 82 968 132 Q‘tssvs
994 86 1158 124 SVIDAS,
1414 86 1488 133 Lib.
1501 88 1545 125 V.
1562 102 1587 126 c.
1603 89 1680 128 XL.
1731 94 1799 137 469

88 181 239 218 Herodes
260 180 376 222 Iulius,
402 177 487 216 filius
510 179 622 221 Attici,
649 175 804 214 Plutarchi
829 192 947 227 nepos,
986 192 1105 228 genere
1128 178 1317 227 Aecacides‚
1333 175 1572 223 'Athenienfis‚
1599 197 1638 219 ex
1663 188 1798 220 munici-

187 236 244 282 pio
266 233 500 272 Marathonio,
549 228 715 279 Sophiste,
774 229 817 264 ob
849 228 1033 265 thesaurum
1063 235 1273 280 (repertum)
1313 231 1406 267 valde
1442 232 1550 274 diues,
1592 233 1673 270 adeo
1704 245 1735 270 vt
1765 245 1796 270 et

186 281 325 319 stadium
357 292 389 318 et
421 283 581 317 theatrum
613 282 698 317 tedio
732 280 896 316 munitum
925 281 1174 317 Atheniensibus
1205 281 1396 320 condiderit.
1453 283 1555 332 Ipfius
1582 295 1673 334 pater
1705 282 1796 320 Aliae

184 332 325 384 praefuit
347 343 377 368 et
396 333 441 368 bis
466 331 677 368 Consulatum
698 331 799 380 geffit.
851 334 939 367 Vixit
961 334 1117 378 Traiani,
1137 333 1293 369 Hadriani
1320 344 1351 370 et
1369 335 1473 370 Marci
1489 338 1666 379 Antonini,
1691 338 1794 386 impp.

184 384 385 433 temporibus
407 394 438 419 et
458 385 660 419 Fauorinum
687 383 968 432 Polemonemque
993 394 1216 431 praeceptores
1246 386 1366 421 habuit.
1420 386 1549 435 Scripsit
1577 384 1793 438 ἐφημερίδας,

185 449 288 484 opus,
329 438 414 470 varia
442 434 622 470 eruditione
651 434 806 483 plenum:
848 438 926 469 item
953 434 1097 480 eptstolas
1122 441 1151 468 et
1180 438 1335 471 orationes
1369 438 1623 486 extemporales,
1659 452 1795 488 quarum

169 483 333 523 ¹meminit
358 485 564 521 Philostratus
585 488 618 520 in
634 487 714 520 Vitis
733 485 968 534 Sophistarum.
1018 487 1058 519 Ei
1079 488 1113 520 in
1133 483 1241 521 schola
1265 485 1405 523 successit
1438 489 1612 532 Adrianus,
1644 488 1794 538 sophista.

183 534 469 573 Circumferuntur
493 547 523 571 et
544 536 644 572 multa
668 536 727 572 alia
749 537 832 572 illius
857 535 990 585 scripta,
1015 550 1054 571 ex
1079 536 1192 583 quibus
1224 547 1255 572 et
1282 541 1404 587 ingenii
1431 542 1497 574 eins
1523 542 1734 589 magnitudo,
1763 551 1796 577 et

181 591 297 624 mentis
312 587 484 623 sublimitas
501 586 632 636 perspici
654 587 770 636 potest.
825 588 912 622 Obiit
930 591 1010 622 circa
1034 585 1178 623 LXXVI.
1202 593 1311 624 aetatis
1339 603 1480 637 annum,
1507 592 1577 626 tabe
1600 590 1796 630 confectum

78 639 299 680 Herodianus,
325 636 572 679 Alexandrinns‚
597 642 837 686 grammaticus,
862 638 1041 686 Apollonii,
1062 642 1276 687 grammatici,
1292 644 1493 688 cognomine
1508 641 1643 688 dyscoli,
1659 646 1693 678 F.
1704 646 1797 679 Vixit

180 701 330 738 tempore
350 691 455 723 Marci
475 691 651 730 Antonini,
674 692 751 737 imp.
769 703 867 738 quare
888 692 996 724 iunior
1016 689 1059 724 est
1073 689 1254 734 Dionysio,
1282 695 1336 739 qui
1359 691 1511 727 muficam
1527 692 1691 729 historiam
1715 708 1795 730 con-

178 739 323 790 scripsit,
354 751 385 775 et
413 739 569 784 Philone,
600 739 725 784 Byblio.
767 742 832 787 [De
854 743 920 776 eius
948 741 1099 790 operibus
1125 742 1245 777 multus
1267 742 1311 777 est
1340 742 1464 778 Ktisier.
1485 743 1524 778 ad
1545 744 1578 779 h.
1601 744 1622 780 l.
1643 755 1724 781 tom.
1752 747 1794 779 11.

1 814 3 844 3
178 804 252 841 pag.
273 798 324 835 78.
348 805 379 826 n.
403 791 452 836 8.]'
884 839 887 842 .

0 868 1 873 =
74 843 288 882 Herodotus,
315 844 400 886 Lyxi
416 852 447 877 et
463 844 611 887 Dryonis
625 845 658 879 F.
680 843 949 885 Halicarnasseus,
982 842 1094 879 illustri
1122 854 1243 893 genere
1264 855 1374 888 natm,
1396 842 1530 882 fratrem
1551 846 1661 882 habuit
1677 848 1793 882 Theo-

173 894 304 930 dorum.
355 893 489 928 Samum
504 896 655 941 migrauit
669 905 804 942 propter
825 895 1082 943 Lygdamidem,
1112 899 1164 944 qui
1184 896 1258 943 post
1278 895 1482 937 Pifindelim,
1505 908 1648 945 patrem,
1673 902 1793 934 auiam·

178 958 241 993 que
274 942 479 979 Artemisiam
502 954 658 989 tyrannus
672 945 880 980 Halicarnaffi
904 955 977 981 erat.
1018 947 1103 980 Sami
1119 949 1261 982 ionicam
1282 947 1454 984 dialecton]
1483 949 1641 991 excoluit,
1674 959 1705 984 et
1729 951 1792 984 Hi-

163 991 302 1042 storiam
325 997 413 1034 libr-js
431 996 494 1029 IX.
522 993 640 1043 scripsit
653 995 825 1044 auspicatus
842 1000 983 1044 aCyro‚
1009 995 1115 1042 Persa,
1140 1008 1171 1032 et
1195 997 1372 1040 Candaule,
1406 998 1579 1044 Lydorum
1594 1012 1680 1048 rege.
1728 1001 1791 1036 Re-

176 1047 284 1082 versus
305 1046 421 1082 deinde
448 1045 724 1088 Halicarnassum,
752 1058 928 1092 tyrannum
950 1049 1087 1095 expulit,
1110 1049 1292 1097 inuidiaque
1313 1053 1434 1085 ciuium
1458 1053 1544 1098 tangi
1561 1049 1590 1085 se
1606 1064 1706 1099 quum
1721 1050 1789 1085 sen·

176 1097 278 1137 fiffet,
302 1099 488 1139 Thurium,
518 1111 584 1146 quo
607 1110 684 1133 tunc
705 1099 914 1135 Athenienses
937 1100 1102 1134 coloniam
1123 1099 1338 1140 deducebant,
1364 1101 1447 1136 vltro
1471 1100 1640 1140 conceffit‚
1667 1102 1717 1136 vbi
1735 1101 1789 1137 dea

175 1148 307 1185 func'ius
329 1161 359 1186 et
383 1151 414 1182 in
438 1147 515 1183 foro
542 1147 681 1197 sepultus
703 1148 757 1184 est.
810 1152 890 1185 Sunt
921 1162 1048 1191 tamen,
1084 1153 1138 1200 qui
1167 1154 1273 1193 aiunt,
1306 1152 1408 1186 Pellae
1435 1151 1554 1187 obiiffe.
1606 1154 1657 1187 De
1681 1154 1790 1187 Hero-

173 1200 254 1236 doto
281 1196 534 1249 ἑπαςοιβοὶτης
558 1200 732 1242 (Iulianus)
749 1203 782 1235 in
798 1201 950 1249 epistola:
978 1199 1006 1239 εἴ
1023 1217 1072 1252 τῳ
1093 1200 1191 1242 mede
1214 1202 1228 1240 ἑ
1246 1199 1366 1253 &agnos
1384 1198 1463 1252 gray
1485 1200 1667 1250 λογοποιὲς
1688 1200 1787 1246 ὃςκεῖ,

161 1252 196 1301 fi
207 1253 256 1286 cui
276 1251 419 1285 Thurias
434 1252 504 1293 illc,
527 1250 670 1297 historiae
681 1252 846 1298 scriptor,
861 1252 930 1298 fide
945 1253 1063 1299 dignus
1083 1253 1138 1300 ‘ff‘
1159 1255 1296 1289 videtur.

67 1322 209 1360 Heron,
233 1319 362 1362 Cotyos
386 1320 422 1353 F.
445 1315 672 1357 Atheniensis,
694 1320 822 1360 rhetor,
851 1323 904 1368 qui
920 1321 1045 1367 caustis,
1066 1321 1201 1356 Athenis
1216 1321 1322 1368 αέῗαῐ,
1345 1316 1473 1371 scripsit.
1526 1319 1608 1357 Item
1626 1323 1790 1371 expositio-

170 1382 240 1406 nem
261 1370 480 1414 (orationum)
503 1370 681 1406 Dinarchi:
701 1373 938 1405 commentarios
958 1374 991 1406 in
1016 1370 1235 1415 Herodotum,
1270 1374 1526 1419 Xemplzontem,
1564 1375 1787 1421 Thucydidem.

170 1422 371 1469 Κεκξιμένων
399 1417 568 1464 dves-(drmit
579 1421 769 1462 stleHorum
793 1423 1013 1451 vocabulorum
1039 1425 1138 1451 mmm
1164 1426 1230 1453 ῙῙῙγ
1279 1425 1448 1465 Ερὶἰοηιρη
1463 1425 1644 1459 Heraclidis
1665 1424 1785 1469 histori-

171 1483 286 1504 arum.-
312 1470 350 1503 de
373 1471 515 1513 antiquis
538 1468 718 1501 oratoribus
742 1474 773 1501 et
793 1469 1002 1507 orationibus,
1037 1470 1151 1515 quibus
1173 1471 1206 1503 in
1237 1473 1490 1516 commiffionibus
1511 1475 1664 1509 vicerunt,
1718 1475 1789 1509 He-

167 1524 241 1557 roni
265 1518 395 1555 Proclus
416 1517 447 1554 se
470 1515 654 1557 commisit,
675 1519 744 1553 viro
762 1521 820 1568 pio
845 1529 876 1554 et
904 1522 957 1567 qui
984 1517 1128 1568 perfecte
1141 1519 1172 1555 se
1187 1533 1429 1570 comparauerant
1451 1523 1490 1559 ad
1511 1523 1717 1560 institutionis
1740 1539 1787 1560 ra-

165 1575 310 1613 tionem,
335 1568 549 1606 Alexandriae
579 1567 739 1605 usitatam-

62 1638 265 1689 Herophila,
293 1651 374 1686 quae
394 1646 425 1673 et
446 1636 569 1682 Sibylla
588 1638 789 1682 Erythraea,
815 1635 991 1672 Theodori
1020 1637 1097 1674 filia,
1154 1638 1285 1688 scripfit
1313 1639 1402 1676 versu
1433 1643 1567 1677 heroico
1597 1642 1733 1686 βιβλία
1749 1640 1787 1689 γ’

162 1686 340 1740 μαντικοὶ,
366 1697 433 1724 tres
449 1690 676 1723 diuinationum
688 1689 805 1730 libros,
833 1698 864 1722 et
877 1686 1076 1731 Consulum,
1105 1690 1174 1732 vel,
1199 1692 1246 1734 (vt
1263 1692 1314 1727 alii
1333 1692 1494 1738 tradunt)
1519 1694 1691 1742 Tarquinii
1705 1706 1788 1730 tem-

161 1742 297 1791 poribus
317 1742 458 1776 Romam
482 1742 585 1781 venit,
623 1737 773 1788 speram,
812 1745 867 1774 ebs
893 1753 1020 1787 magno
1038 1739 1094 1775 fibi
1119 1742 1261 1789 quaestui
1284 1742 1367 1778 fore.
1422 1744 1483 1778 Sed
1508 1757 1610 1792 quum
1638 1756 1786 1780 contem-

165 1795 199 1828 ni
221 1791 252 1827 se
273 1791 413 1833 videret,
440 1791 523 1826 duos
557 1790 657 1826 libros
688 1793 862 1826 cremauit:
888 1803 969 1826 vnus
992 1804 1069 1826 vero
1091 1791 1232 1827 serua-tus
1255 1793 1321 1835 est,
1352 1807 1452 1843 quem
1483 1796 1625 1832 Romani
1658 1808 1785 1843 magno

163 1845 269 1891 pretio
296 1841 517 1877 redemerunt.

60 1893 219 1940 Hersilia,
245 1906 371 1929 nornen
395 1895 580 1942 proprium.
610 1893 662 1927 De
689 1905 727 1927 ea
747 1889 886 1937 Dionys.
908 1892 1073 1930 Halicarn.
1098 1895 1219 1943 antiqq.
1246 1907 1330 1930 rom.
1357 1895 1427 1931 libr.
1448 1897 1488 1932 II.

57 1961 240 2000 Hesiodus,
269 1963 450 2002 Cumanus,
475 1974 490 1994 a
506 1969 606 2007 patre,
630 1960 708 2000 Dio,
730 1969 760 1994 et
775 1970 892 2002 matre,
906 1959 1094 2005 Pycimede‚
1108 1960 1290 1997 adolescens
1306 1961 1471 1998 translatus
1486 1962 1530 1997 est
1541 1962 1683 2006 Ascrarn,
1700 1965 1784 2000 Boe«

166 2016 228 2048 tiae
253 2014 425 2050 ciuitatem,
478 2012 558 2045 Dius
581 2009 667 2046 filius
691 2010 901 2058 Ampelfflae,
924 2024 1025 2059 nepos
1041 2012 1233 2060 Melanopi‚
1259 2024 1356 2061 quem
1373 2017 1462 2049 aiunt
1477 2013 1574 2050 fuiss‘e
1592 2028 1689 2050 auum
1708 2018 1781 2051 Ho-

162 2066 243 2100 meri
267 2066 337 2104 aui,
363 2065 405 2097 ita
425 2072 458 2096 vt
481 2062 648 2096 Homerus
674 2071 765 2096 natus
790 2060 827 2097 fit
849 2075 887 2097 ex
908 2062 1052 2110 patruele
1071 2061 1219 2099 Hesiodi.
1260 2065 1435 2114 Utriusque
1467 2078 1569 2113 genus
1591 2067 1630 2101 ab
1650 2066 1781 2101 Atlante

160 2114 275 2151 deduci
304 2112 425 2149 ferunt.
479 2115 631 2148 Poemata
662 2111 817 2155 Hesiodi,
858 2114 1062 2161 Theogonia,
1103 2115 1214 2161 Opera
1240 2123 1272 2150 et
1288 2117 1370 2157 dies,
1400 2118 1540 2163 clypeus,
1573 2119 1776 2152 heminarum

159 2168 324 2202 mulierum
343 2165 526 2212 catalogus,
552 2165 642 2198 libris
668 2163 715 2198 V.
765 2165 948 2209 Epicedium
968 2167 1002 2200 in
1023 2166 1240 2208 Batrachum,
1269 2180 1366 2216 quem
1392 2178 1575 2203 amauerat:
1609 2170 1647 2203 de
1671 2170 1781 2204 Idaeis

159 2217 330 2264 DaHylis,
363 2226 394 2254 et
416 2215 475 2250 alia
499 2216 610 2251 multa.
663 2215 752 2249 Obiit
778 2214 917 2263 hospitio
950 2226 1099 2265 exceptus
1127 2219 1165 2253 ab
1196 2219 1345 2266 Antipho
1372 2229 1403 2253 et
1434 2221 1608 2261 Ctimeno,
1642 2223 1696 2268 qui
1717 2232 1778 2255 no-

157 2271 212 2304 dtu
240 2278 387 2317 putantes
419 2265 449 2302 se
479 2265 597 2301 sororis
626 2265 698 2301 suae
724 2265 938 2314 stupratorem
965 2268 1165 2311 interficere,
1203 2269 1386 2304 Hesiodum
1414 2271 1646 2306 obtruncarunt
1673 2274 1777 2306 inuiti.

157 2321 312 2358 Homero
335 2319 388 2355 alii
410 2320 629 2367 antiquiorem
651 2316 792 2363 faciunt,
820 2318 986 2368 aequalem
998 2319 1068 2363 alii,
1093 2321 1294 2371 Porphyrius
1312 2321 1430 2372 aliique
1446 2320 1581 2370 plurimi
1594 2325 1686 2357 annis
1702 2335 1776 2358 cen-

924 2371 958 2407 N
967 2383 1020 2409 nn
1046 2384 1066 2416 3
1700 2384 1773 2410 tum
