2049 2720
79 159 408 192 v01.111.p.2851·286
446 157 722 193 SCRIPTORES
746 157 798 192 IN
824 156 1084 192 PROVERBIIS
1107 157 1297 192 GRAECIS
1325 158 1416 194 CIT.
1454 158 1524 195 Lib.
1538 157 1603 194 IV.
1620 169 1643 193 c.
1655 158 1724 192 XI.
1762 170 1806 193 111

75 269 149 293 rum
165 253 290 290 fallitur
305 254 477 297 Pantinus,
501 265 602 301 quum
626 254 660 287 in
683 253 770 286 notis
790 263 864 298 pag.
880 262 949 294 377.
977 249 1141 298 Apostolii
1158 248 1279 288 Ἰωνιοὶν
1299 250 1380 285 nihil
1396 250 1482 286 aliud
1499 261 1588 300 putat
1601 250 1805 293 continuisse.

77 319 178 355 quam
205 308 290 340 hanc
312 302 416 353 ipsam
438 302 636 350 συναγωγὴν
667 303 866 352 παροιμιῶν.
929 303 1017 338 Nam
1039 304 1072 336 in
1095 301 1299 337 bibliothecis
1320 302 1510 350 quibusdam
1534 303 1639 338 adhuc
1662 301 1802 352 superest

74 359 132 394 illa
148 353 272 402 Ἰωνωὶ,
301 358 335 391 in
361 368 425 404 qua
445 355 625 400 (similiter,
653 366 686 390 vt
706 357 738 389 in
757 353 847 389 edito
868 366 967 401 opere
981 353 1186 402 prouerbia‚)
1209 353 1380 402 congestae
1400 352 1471 388 sunt
1486 367 1651 401 gnomae,
1679 357 1803 402 apoph-

74 411 245 458 thegmata
268 418 299 444 et
322 410 408 442 varia
430 416 600 456 praecepta
624 418 771 442 veterum
793 403 985 453 sapientum.
1015 403 1093 453 [vid.
1113 405 1252 441 Bandin.
1264 405 1356 441 catal.
1373 404 1469 442 codd.
1485 419 1537 454 gr.
1554 405 1673 442 medic.
1690 407 1755 441 vol.
1776 408 1800 442 1.

72 473 146 512 pag.
164 472 236 508 549.
258 470 289 496 et
308 459 349 495 V
346 459 471 506 illoison
494 458 606 496 anecd.
621 472 672 508 gr.
695 468 778 494 tom.
798 459 838 494 11.
859 469 932 506 pag.
948 457 994 503 4.]

179 555 220 590 X.
257 555 288 590 G
296 553 589 595 REGORIVS‚
623 553 874 592 CYPRlVS.
907 564 1050 600 quoque,
1074 553 1254 599 patriarcha
1270 551 1478 595 CPolitanus‚
1500 566 1568 588 non
1585 550 1801 595 omittendus,

71 605 251 656 'Apostolio
275 606 458 652 antiquior,
494 607 585 639 cuius
616 608 822 652 paroemiae,
858 600 928 650 (sed
951 616 1069 652 graece
1092 605 1253 652 tantum.)
1289 604 1463 652 Apostolio
1491 605 1618 639 Pantini
1643 602 1800 639 subiectae

71 655 148 694 sunt
171 670 246 706 pag.
263 663 455 700 273—281.
509 658 588 692 Non
611 655 693 692 adeo
715 655 820 692 multa
840 652 912 690 sunt
932 656 1013 690 haec
1037 669 1055 689 a
1077 656 1240 704 Gregorio
1266 666 1420 692 annotata
1441 656 1633 705 prouerbia,
1659 665 1691 691 et
1710 653 1799 704 apud

69 711 138 745 iam
160 718 364 744 memoratos
388 705 558 757 scriptores
581 706 649 743 fere
671 709 788 751 obuia,
821 708 927 742 breuis
959 719 1093 756 quoque
1116 707 1176 747 est,
1218 719 1316 757 quam
1336 706 1471 743 subinde
1496 706 1638 749 addidit,
1672 705 1798 753 expoli-

71 764 129 796 tio.
156 760 212 806 [If]
246 761 297 795 De
313 759 383 795 aliis
397 761 492 795 huius
507 761 657 808 Gregorii
670 758 793 809 scriptis
810 757 1027 794 consulendus
1046 760 1110 793 Leo
1128 758 1274 794 Allatius
1291 758 1332 794 de
1350 761 1498 808 Georgiis
1523 774 1556 808 p.
1575 772 1634 802 422
1650 756 1694 806 sq.
1718 760 1798 793 Gui-

68 811 202 848 lielmus
215 813 344 846 Caueus
361 812 396 845 in
411 811 541 847 historia
554 812 708 847 litteraria
728 810 769 846 ad
790 824 915 845 annum
934 809 1051 845 Christi
1073 812 1155 858 (quo
1182 810 1295 846 floruit
1311 812 1502 859 Gregorius)
1518 811 1796 846 MCCLXXXIV.

72 861 176 916 [Infra
199 865 234 897 in
258 863 324 899 vol.
348 864 402 898 VI.
423 875 500 912 pag.
520 874 579 909 579
597 861 666 912 sqq.
691 863 745 899 lib.
763 864 802 898 V.
820 874 847 908 5.
881 863 1000 896 Saxius
1013 864 1047 896 in
1063 864 1187 896 Onom.
1204 863 1244 897 11.
1263 875 1338 911 pag.
1353 875 1408 905 322
1424 861 1487 911 sq.]

170 931 323 979 Denique
340 930 538 964 Hermodori
559 931 666 979 Regii,
686 928 851 980 scriptoris
872 930 1021 972 recentis,
1047 926 1176 977 Adagia
1196 927 1304 965 laudat
1325 940 1357 965 et
1382 928 1469 979 apud
1496 926 1528 964 se
1553 926 1645 964 fulsse
1667 927 1796 964 testatur

71 983 217 1030 Cangius
240 983 273 1016 in
293 979 448 1030 glossario
467 994 598 1031 graeco,

69 1076 126 1112 XI.
179 1074 310 1110 Index
342 1075 625 1121 Scriptorum,
658 1079 699 1111 in
727 1076 983 1112 Prouerbiis
1017 1075 1186 1109 Graecis
1220 1081 1554 1117 memoratorum,
1585 1089 1606 1109 a
1628 1074 1792 1109 Schotto

757 1127 1092 1173 praetermissus.

68 1202 114 1239 A.
131 1201 343 1250 qustofficm,
378 1203 424 1238 D.
440 1202 694 1248 Diogenianum,
730 1203 786 1238 Pl.
804 1203 1033 1243 Plutarchum,
1069 1201 1110 1236 V
1107 1208 1150 1234 at.
1173 1200 1371 1247 appendicem
1399 1203 1601 1245 Vcatimnam,
1633 1202 1673 1238 Ζ.
1689 1202 1794 1236 Zeno.

372 1255 476 1302 bium,
502 1255 602 1290 maior
623 1266 770 1290 numerus
791 1256 983 1297 centuriam,
1010 1254 1113 1288 minor
1126 1252 1339 1299 prouerbium
1356 1254 1495 1289 denotat.

70 1320 217 1364 Acefias‚
241 1318 408 1367 medicus,
435 1324 472 1356 A.
490 1322 529 1356 Π.
545 1334 593 1365 23.
1003 1319 1044 1355 ‘O
1070 1317 1157 1369 παρ’
1170 1316 1335 1371 Αἰσχύλῳ
1359 1316 1576 1363 Φιλοκτήτης
1589 1322 1627 1355 A.
1637 1320 1725 1354 VIII.
1743 1331 1794 1363 30.

69 1369 220 1423 Ἀδμῆτε
235 1375 340 1422 μέλος
365 1377 404 1408 A.
423 1374 479 1408 IV.
495 1385 541 1416 33.
955 1370 1134 1416 Aeschylus
1149 1374 1179 1409 ἐν
1197 1377 1267 1409 τοῖς
1289 1372 1364 1421 περὶ
1379 1374 1565 1421 παροιμιῶν
1579 1374 1614 1408 Ζ.
1634 1375 1673 1407 V.
1692 1379 1741 1417 85.

69 1426 222 1462 Aelianus
238 1425 360 1461 A.X11.
377 1436 424 1467 14.
446 1426 533 1461 XIX.
550 1428 598 1460 61.
627 1426 694 1460 XX.
710 1432 760 1469 58.
788 1422 902 1472 paffim
956 1422 1146 1472 [Aesopus.
1169 1423 1310 1472 Delphis
1331 1422 1527 1460 interfedtus.
1567 1427 1639 1459 Vat.
1659 1424 1712 1458 III.
1736 1435 1792 1467 99.

170 1479 309 1512 nomine
342 1475 470 1511 Aeliani
509 1480 684 1525 praeterito
712 1475 902 1525 Apostolius
1058 1477 1100 1511 D.
1121 1477 1144 1510 Ι.
1162 1478 1214 1517 64.
1242 1478 1280 1510 Α.
1297 1476 1336 1511 II.
1356 1488 1368 1510 1
1386 1486 1417 1510 et
1433 1489 1459 1520 5.
1513 1477 1645 1511 Mentio
1670 1472 1790 1521 Aesopi

171 1541 212 1564 ex
238 1531 305 1563 eius
333 1527 464 1564 historia
485 1528 678 1564 animalium
701 1531 805 1575 capita
827 1531 903 1562 inte·
1056 1530 1095 1561 A.
1118 1528 1205 1561 VIII.
1229 1534 1275 1571 85.
1311 1540 1351 1562 ex
1373 1527 1600 1576 Aristophanis
1623 1527 1734 1561 auibus
1759 1535 1790 1559 et

167 1592 228 1628 gra
254 1578 446 1629 depromfit.
501 1582 589 1615 Loca
616 1578 750 1616 subinde
769 1577 903 1615 adnota·
1055 1579 1126 1613 XII.
1143 1588 1189 1622 41.
1217 1578 1271 1612 vbi
1294 1576 1499 1628 responsum,
1524 1576 1649 1614 Croeso
1666 1576 1787 1612 datum.

171 1634 217 1666 vit
238 1634 390 1667 Pantinus
415 1634 450 1666 in
471 1634 567 1669 notis.
1056 1632 1184 1665 Citatur
1196 1627 1342 1676 Aesopus
1359 1633 1396 1665 A.
1410 1632 1464 1665 IX.
1481 1634 1527 1666 16.

70 1681 263 1725 Aeschines,
288 1682 478 1722 Sardianus,
505 1686 540 1718 in
560 1683 677 1718 lambis
696 1685 735 1718 A.
751 1681 807 1716 XI.
827 1692 875 1723 24.
955 1683 1104 1730 (Agatho
1130 1682 1250 1717 tibicen
1273 1684 1309 1717 Z.
1327 1682 1348 1716 I.
1365 1694 1392 1717 2.
1419 1685 1456 1717 A.
1474 1684 1498 1717 Ι.
1517 1695 1550 1728 9.

68 1733 260 1775 Aeschines,
287 1746 416 1775 orator,
437 1738 476 1773 A.
493 1736 610 1772 XVIII.
626 1742 681 1778 48.
717 1737 747 1771 ἓν
769 1733 819 1785 τῷ
841 1748 902 1770 κοι-
954 1735 1106 1781 Agatho,
1131 1734 1308 1778 (comicus)
1336 1737 1374 1770 A.
1393 1735 1448 1768 VI.
1462 1740 1510 1776 38.

168 1783 221 1825 τοὶ
253 1784 424 1836 Τιμάςχε
450 1788 488 1821 A.
512 1788 598 1821 XVI.
624 1789 676 1828 63.
734 1785 901 1830 Tragicus
955 1785 1154 1839 (Agyrrhius
1189 1795 1364 1833 poetarum
1406 1784 1595 1820 mercedem
1631 1781 1788 1838 accidens.

161 1839 369 1874 Theocrines
395 1851 413 1873 a
429 1836 658 1874 Demosthene
679 1836 785 1873 didus
807 1836 900 1872 XIX.
1056 1838 1138 1875 ἑτος
1165 1834 1342 1886 ςξσιτηγὲς
1373 1833 1413 1874 ὢν
1440 1839 1471 1875 ἔν
1493 1833 1613 1887 Λήμνῳ
1643 1850 1700 1879 »φη
1733 1831 1787 1870 τὲν

166 1901 223 1935 49·
1057 1885 1185 1936 μισθᾶνν
1200 1889 1264 1926 τῶν
1288 1890 1433 1929 namna
1453 1891 1610 1936 συνέτεμε
1626 1882 1684 1932 »ωή
1698 1885 1787 1935 7135-

67 1939 263 1980 Aeschines,
289 1939 366 1975 Selli
382 1938 409 1976 f·
436 1943 475 1978 Α,
490 1942 591 1976 XVII·
608 1953 657 1984 34.
1055 1956 1115 1978 τος
1128 1938 1381 1982 ἔκκλησωιςικὲν
1396 1935 1528 1977 δέδωκεν
1544 1943 1577 1974 A.
1596 1940 1618 1972 I.
1638 1950 1685 1972 22.

68 1991 246 2038 Aeschylus
263 1995 296 2027 Z.
314 1992 354 2025 V.
370 2004 422 2035 70.
438 2003 489 2037 79.
513 1994 553 2028 A.
572 1994 628 2026 VI.
645 1994 696 2035 36.
721 1992 762 2026 X.
778 1997 826 2034 38.
845 1992 899 2027 XL
952 1990 1090 2026 Alcaeus
1117 1993 1154 2025 Z.
1171 1992 1210 2024 11.
1226 1999 1281 2032 18..
1310 1994 1349 2025 V.
1366 2004 1417 2034 30.
1436 1996 1484 2028 61.
1512 1993 1567 2029 VI.
1587 2002 1635 2032 43.
1664 1991 1701 2024 A.
1716 1989 1786 2024 XV.

169 2055 198 2087 3.
225 2044 293 2077 XX.
308 2045 359 2087 65.
1053 2048 1100 2084 83.
1129 2045 1160 2079 ἐν
1176 2038 1507 2094 κωμῳδιοτξαγωέίᾳ
1523 2044 1559 2076 Λ.
1576 2044 1598 2075 Ι.
1615 2052 1658 2084 51.

118 2096 237 2134 Αῗοιντι
258 2095 378 2144 Λοκρῷ
398 2095 432 2129 Ζ.
449 2097 504 2130 VI.
526 2106 570 2139 ¹4.
950 2091 1056 2128 Alcini
1084 2093 1265 2142 apologus,
1294 2096 1333 2129 A.
1348 2096 1372 2129 1.
1392 2102 1447 2139 84.
1474 2096 1518 2130 D.
1534 2095 1573 2128 11.
1590 2095 1643 2135 86.

120 2142 236 2186 Ὲπτοὶ
258 2146 313 2185 ἐπὶ
329 2143 465 2190 Θήβαις
480 2146 516 2182 Ζ.
537 2148 577 2181 V.
593 2158 645 2189 43.
953 2144 1134 2180 Alcmaeon
1149 2149 1188 2181 A.
1205 2146 1324 2181 XVIII.
1340 2148 1391 2191 56.

1630 2194 1785 2235 Alcman,

69 2307 254 2340 trodufflone
274 2308 304 2337 in
325 2308 390 2337 hist.
408 2309 440 2338 L.
456 2309 506 2338 Gr.
519 2314 590 2337 tom.
608 2308 645 2338 11.
661 2315 733 2348 part.
750 2309 774 2338 1.
795 2318 823 2349 p.
840 2315 899 2343 532,
954 2314 982 2338 et
997 2308 1026 2338 in
1043 2307 1113 2340 bibl.
1131 2307 1281 2344 Leidenfi,
1302 2308 1373 2338 teste
1387 2306 1467 2337 catal.
1491 2316 1555 2347 pag.
1571 2312 1636 2340 245¹.
1659 2302 1783 2333 ibidem-

72 2351 205 2382 excusum
228 2353 286 2386 est,
314 2351 365 2380 vbi
389 2351 423 2379 de
450 2350 499 2379 jqa
522 2352 750 2380 Prouerbiorum
777 2351 898 2389 sylloge,

73 2394 153 2424 editt.
176 2394 210 2423 de
234 2394 320 2424 Mich.
337 2393 489 2434 Apostolio
506 2393 588 2434 plura
603 2397 732 2428 notaui3)
758 2395 827 2425 edit.
850 2404 898 2423 an·
951 2401 1052 2423 tatum.
1098 2394 1164 2425 Sola
1187 2404 1284 2425 autem
1306 2393 1383 2425 tituli
1405 2393 1486 2424 frons
1507 2399 1618 2424 mutata
1640 2388 1722 2421 fuisse
1739 2391 1781 2419 vi—

72 2441 148 2474 1653.
162 2437 268 2480 (ignata
281 2437 320 2468 est
335 2447 453 2479 quoque
467 2439 498 2467 in
513 2437 594 2468 catal.
610 2439 642 2468 T
644 2437 718 2468 hott.
732 2439 781 2468 lV.
803 2448 831 2480 p.
846 2441 897 2474 96·
950 2436 1043 2469 detur.
1074 2438 1169 2470 Harl.

952 2360 1009 2391 que
1024 2350 1103 2381 aliud
1122 2352 1286 2392 exemplar,
1311 2351 1347 2380 ab
1367 2351 1462 2380 Isaaco
1479 2349 1576 2378 Voffio
1594 2349 1640 2376 hic
1654 2346 1712 2376 illic
1729 2357 1781 2375 no-
1835 2360 1838 2365 -
