2049 2720
372 186 623 228 EDITIONES
655 187 846 225 OPERVM
878 186 1042 223 GALENI
1094 187 1166 223 Lib.
1180 186 1251 227 IV.
1263 199 1287 223 c.
1302 187 1408 224 XIX.
1421 188 1472 235 (ol.
1487 186 1631 236 XVII.)
1684 195 1745 234 481

31 284 239 338 reposuisset,
271 283 436 322 indicaret.
491 286 658 320 Promittit
678 285 777 319 etiam
801 284 999 324 Cornarius,
1031 279 1064 317 se
1086 282 1176 318 breui
1203 295 1358 331 graecum
1383 281 1545 318 Galerium
1566 282 1741 320 editurum.

31 342 72 379 In
85 338 200 376 ordine
213 338 374 375 librorum
390 335 504 372 Galeni
528 340 686 373 Ioannem
699 334 873 384 Baptistam
887 336 1092 372 Montanum
1114 345 1146 369 et
1170 336 1312 370 Iuntinas
1333 333 1489 370 editiones
1513 333 1661 383 sequutus
1687 336 1746 372 est:

32 390 206 428 verfiones
219 390 334 426 Galeni
349 389 530 429 librorum,
557 401 636 438 quas
658 397 754 423 antea
777 384 980 431 confecerat,
1003 387 1125 434 recepit
1149 387 1328 421 Cornarius
1350 385 1607 427 emendatiores,
1640 399 1743 422 nouas

32 455 166 492 quoque
180 442 423 490 permultorum
440 441 604 476 librorum
622 438 783 475 verfiones
798 438 1002 487 composuit,
1030 450 1112 486 quae
1126 439 1159 471 in
1181 439 1240 472 bac
1261 438 1402 473 editione
1420 439 1563 485 primum
1578 437 1744 486 leguntur.

31 493 204 541 Qosdam
219 497 316 530 etiam
334 493 450 529 Galerii
466 493 566 528 libros
581 491 725 534 addidit,
749 492 806 540 qui
818 493 851 525 in
867 489 1059 525 editionibus
1080 490 1237 524 haetenus
1263 488 1533 526 desiderabantur.
1587 492 1744 537 Capitum

32 556 230 593 argumenta
245 544 449 594 singulorum
464 545 644 584 librorum,
670 554 701 579 et
718 540 851 592 quidem
867 554 938 577 non
954 538 1131 576 secundum
1147 539 1261 575 latinas
1283 539 1465 581 versiones,
1488 538 1542 575 sed
1565 538 1745 576 secundum

31 608 188 645 graecum
207 605 352 639 textum,
376 598 478 631 Conr.
495 598 656 632 Gesnerus
676 595 794 644 vbique
810 592 951 635 addidit,
977 591 1102 627 adiutus
1122 594 1156 626 in
1176 604 1217 626 eo
1237 591 1348 627 labore
1367 606 1385 626 a
1405 593 1555 626 Martium
1571 593 1745 634 Microniffi

32 646 259 689 Gandauenfi.·
302 649 478 689 Ceterum,
504 645 559 682 etfi
576 660 646 682 non
665 645 855 694 negandum
870 644 934 688 est,
961 646 1162 683 Cornarium
1181 643 1322 681 multum
1343 655 1461 691 operae
1481 644 1513 676 in
1528 645 1589 678 hac
1603 642 1748 678 editione

30 697 223 734 adornanda
237 695 444 746 impendisse,
470 711 543 733 eam
561 707 671 734 tamen
688 710 811 746 magna
826 710 865 731 ex
883 706 950 731 arte
973 697 1106 731 Iuntinis
1124 695 1288 743 prioribus
1307 691 1515 743 respondere,
1535 696 1600 730 iam
1618 696 1746 730 notauit

33 748 132 790 (ἴσην.
147 749 310 785 Gemerus
325 752 361 785 in
375 746 479 797 praef.
499 759 531 785 et
552 750 744 799 prolegom.
759 748 800 784 ad
817 748 893 784 edit.
909 748 963 782 111.
978 748 1002 783 F
1004 747 1225 785 robenianam.

133 817 182 852 C'l.
197 816 315 853 Galem'
328 816 521 863 Pergameni
535 819 655 857 onmia,
681 829 760 864 quae
773 821 896 855 extant,
921 817 955 850 in
970 815 1106 850 latinum
1121 814 1300 861 sermonem
1323 811 1482 860 conuerjliz.
1537 812 1660 858 Quihur
1676 811 1750 858 post

25 867 181 918 summam
195 874 288 902 antea
302 867 474 903 adhibitam
489 870 686 917 diligentiam
703 869 838 902 multum
850 878 972 915 quoque
986 867 1264 912 nzmcsplmdoris
1276 865 1386 910 arceffit
1404 865 1491 911 quod
1503 866 1568 898 loca
1585 865 1749 910 quamplu-

31 921 115 955 rima
130 932 170 954 ex
182 920 417 954 emendatorum
435 922 661 965 exemplarium
677 921 840 954 collatione
855 926 884 953 et
901 918 1060 964 illustrata
1073 919 1225 963 fuerint,
1249 924 1277 951 et
1300 915 1463 961 castigata.
1514 916 1580 949 His
1601 917 1748 950 accedunt

31 982 113 1006 nunc
123 972 263 1015 primum
276 970 374 1005 Conr.
393 971 528 1005 Gesneri
542 972 704 1017 praefatio
719 977 750 1005 et
764 971 987 1016 prolegomena
1002 970 1175 1015 tripartita
1190 969 1228 1002 de
1241 970 1306 1003 vita
1324 967 1441 1001 Galeni
1461 968 1588 1012 eiusque
1608 968 1701 1001 libris
1717 973 1748 1001 et

31 1023 273 1067 interpretibus.
331 1020 391 1055 Ex
410 1023 488 1057 III.
501 1022 573 1066 offic,
590 1023 807 1057 Frobenianae
826 1021 966 1056 editione.
995 1021 1092 1069 Bafil.
1112 1021 1200 1065 apud
1215 1021 1349 1054 Froben.
1377 1020 1460 1063 1562.
1478 1014 1537 1053 fol.
1557 1021 1577 1039 *
1628 1015 1747 1053 Classes

30 1069 104 1108 sunt
119 1073 190 1120 post
206 1071 405 1119 isagogicam
422 1074 492 1105 1—
505 1074 576 1107 VII.
629 1072 758 1107 Deinde
775 1070 950 1120 sequuntur
967 1083 1055 1106 extra
1070 1070 1222 1107 ordinem
1240 1068 1385 1105 claffium
1408 1068 1503 1109 libri,
1529 1068 1601 1105 libri
1619 1069 1747 1105 Galeno

26 1121 180 1172 adscripti
197 1136 235 1158 ac
251 1122 383 1157 tandem
399 1122 496 1158 index
512 1125 546 1157 in
560 1126 672 1158 omnia
691 1123 809 1158 Galerii
823 1135 933 1170 opera,
951 1136 968 1156 a
983 1123 1072 1157 Guil.
1089 1121 1264 1157 Gratarolo
1282 1118 1492 1167 compofitus.
1547 1119 1659 1161 Index,
1676 1124 1749 1155 titu-

29 1175 67 1212 lo
83 1174 239 1222 peculiari
255 1173 443 1215 instruetus,
471 1187 596 1209 annum
611 1175 707 1209 habet
730 1176 775 1209 vti
798 1173 909 1208 titulus
931 1185 1071 1220 operum
1090 1175 1263 1213 omnium,
1294 1175 1378 1214 1562.
1430 1170 1645 1217 Reliquarum
1672 1170 1749 1206 clas-

29 1223 116 1261 fium
131 1225 217 1261 tituli
229 1237 354 1259 annum
370 1227 404 1258 in
419 1222 529 1259 fronte
543 1235 660 1272 gerunt
676 1227 755 1266 1561.
780 1244 830 1250 —
854 1226 900 1259 Ea
923 1223 1020 1258 editio
1044 1223 1088 1258 est
1108 1226 1191 1257 inter
1212 1219 1492 1268 praestantissimas
1514 1219 1684 1257 reserenda
1703 1223 1748 1258 ob

30 1279 135 1320 Conr.
149 1277 284 1320 Gesneri
302 1274 543 1323 prolegomena
557 1279 592 1311 in
604 1276 786 1316 Galenum,
813 1277 846 1309 in
862 1275 975 1324 quibus
990 1277 1015 1310 is
1029 1276 1096 1322 egit
1112 1273 1152 1309 de
1179 1276 1243 1309 vita
1258 1273 1374 1308 Galeni
1386 1300 1397 1315 ,
1424 1275 1454 1317 ι)
1477 1271 1518 1306 de
1540 1276 1662 1320 graecis
1686 1275 1748 1309 Ga.

31 1326 479 1376 leni‘operum-editionibus,
503 1331 537 1370 2)
555 1328 595 1363 de
611 1328 717 1363 latinis
731 1325 924 1362 editionibus
940 1325 1153 1366 eorumdem,
1180 1327 1217 1372 3)
1238 1323 1279 1360 de
1303 1324 1390 1359 libris
1415 1323 1609 1373 quibusdam
1630 1325 1746 1360 Galeni

32 1393 102 1417 non
116 1378 326 1418 exstantibus,
352 1388 383 1413 et
397 1381 532 1427 quinam
548 1381 582 1414 in
597 1379 734 1414 illorum
751 1380 856 1413 vicem
873 1375 1020 1424 vsurpari
1035 1376 1172 1425 poffint,
1199 1379 1239 1421 4)
1262 1375 1302 1412 de
1324 1374 1425 1411 nostri
1450 1373 1568 1410 saeculi
1587 1373 1746 1424 scriptori-

30 1432 108 1474 bus,
134 1433 191 1479 qui
204 1432 399 1469 communia
420 1430 581 1479 quaedam
604 1440 797 1478 argumenta
819 1432 904 1464 circa
927 1429 1044 1465 Galeni
1066 1428 1166 1463 libros
1185 1429 1371 1463 tradiarunt.
1421 1426 1621 1475 Catalogum
1645 1430 1746 1465 etiam

31 1482 173 1518 exhibuit
188 1480 253 1517 fiue
269 1485 552 1517 enumerationem
567 1482 729 1517 librorum
745 1482 860 1516 Galeni
877 1493 918 1516 eo
935 1480 1068 1521 ordine,
1095 1492 1161 1529 quo
1177 1482 1210 1515 in
1225 1481 1285 1514 hac
1302 1478 1448 1514 editione
1472 1489 1504 1513 et
1523 1481 1612 1527 prius
1631 1492 1671 1514 ex
1696 1481 1745 1516 lo.

32 1535 122 1582 Bapt.
139 1535 307 1570 Montano
323 1530 391 1567 fere
405 1530 560 1568 sententia
582 1531 688 1568 excusi
710 1531 792 1568 sunt.
844 1532 984 1580 Singulis
1005 1534 1104 1567 etiam
1127 1531 1216 1566 libris
1241 1528 1407 1578 adscripsit
1428 1532 1610 1571 Gesnerus,
1638 1533 1693 1578 qui
1715 1540 1746 1566 et

33 1594 115 1635 quot
131 1587 319 1633 interpretes
336 1597 391 1620 eos
405 1584 522 1619 latinos
539 1582 685 1621 fecerint.
738 1587 775 1619 In
790 1583 904 1619 vmultis
919 1586 1016 1619 etiam
1034 1593 1228 1631 argumenta
1244 1582 1392 1631 protulit,
1420 1579 1668 1631 admonuitque,
1692 1586 1747 1631 qui

31 1638 150 1686 quouis
171 1636 277 1676 modo
298 1634 441 1684 (iugulos
463 1638 726 1678 commentariis,
760 1634 1044 1677 adnotationibus,
1069 1633 1220 1676 scholiis,
1256 1634 1482 1682 compendii&
1507 1632 1745 1669 illustrauerint.

31 1689 203 1725 Enarrauit
218 1689 315 1723 etiam
330 1687 482 1735 catalogo
500 1687 703 1735 alphabetico
720 1685 806 1736 ipsos
821 1685 1008 1734 scriptores,
1036 1689 1091 1733 qui
1110 1690 1140 1720 in
1160 1686 1322 1721 Galenum
1339 1684 1413 1721 sunt
1434 1687 1670 1726 commentati,
1692 1696 1746 1720 aut

33 1743 101 1776 eius
122 1739 223 1775 libros
243 1739 362 1775 latinos
389 1736 545 1774 fecerunt.
605 1740 768 1787 Sequutus
791 1738 835 1773 est
861 1741 893 1773 in
920 1752 956 1773 ea
982 1737 1123 1773 editione
1138 1738 1234 1773 Conr.
1252 1739 1416 1774 Gema-ns
1436 1739 1562 1773 tertiam
1578 1739 1747 1772 luntarum

33 1787 230 1834 editionem,
256 1789 361 1825 indice
384 1800 510 1826 tantum
534 1800 688 1839 excepto,
712 1804 750 1825 ac
772 1788 835 1825 suis
860 1790 1117 1839 prolegomenis.
1188 1787 1359 1824 Succenset
1378 1791 1466 1824 enim
1487 1789 1544 1830 iis,
1577 1801 1647 1823 non
1671 1802 1746 1824 raro

33 1841 172 1879 indoctis
190 1851 220 1878 et
236 1840 276 1876 ad
298 1840 398 1876 talem
418 1841 567 1877 laborem
590 1844 697 1876 minus
718 1841 842 1876 idoneis
863 1844 954 1881 viris,
982 1843 1037 1889 qui
1060 1841 1177 1876 latinas
1197 1839 1359 1875 verfiones
1381 1841 1520 1875 aliorum
1548 1839 1747 1887 corrigendo

34 1902 195 1943 perpetuo
220 1890 388 1934 insudant,
421 1905 504 1940 quae
527 1905 631 1940 quum
657 1892 757 1932 dixit,
784 1895 983 1927 Cornarium
1006 1894 1040 1926 in
1061 1902 1172 1926 mente
1194 1889 1304 1925 forsan
1324 1891 1454 1926 habuit:
1476 1899 1566 1938 optat
1589 1903 1686 1930 vero,
1715 1901 1749 1926 vt

0 1959 1 1968 ¹
34 1958 151 1994 graeca
165 1955 303 1992 operum
319 1942 435 1979 Galeni
451 1942 569 1984 editio,
594 1951 721 1978 textum
736 1942 908 1986 exhibens,
935 1955 1035 1991 quam
1057 1943 1126 1978 fieri
1147 1941 1272 1991 potest,
1299 1941 1618 1985 emendatisfimum,
1643 1944 1677 1977 in
1700 1943 1748 1978 lu.

34 2010 107 2034 cem
132 2005 309 2032 emittatur.

135 2085 263 2120 Praeter
279 2084 337 2118 has
349 2084 495 2132 antiquas
510 2085 674 2131 quinque,
699 2096 737 2119 ae
751 2084 895 2119 Iuntinas
916 2090 947 2118 et
969 2082 1186 2119 Frobenianas
1210 2081 1368 2120 editiones
1391 2082 1504 2120 latinas
1523 2098 1663 2135 operum
1684 2088 1747 2123 Ga.

38 2135 122 2179 leni,
147 2133 315 2184 sequentes
328 2134 433 2170 adhuc
449 2133 612 2169 notandae
628 2132 718 2170 sunt:

139 2200 254 2239 Galerii
268 2213 362 2246 opera
376 2203 478 2235 omnia
496 2202 593 2236 latine
608 2200 800 2249 prodierunt
816 2204 848 2236 in
863 2202 940 2237 0610
962 2197 1071 2236 claffes
1094 2199 1215 2248 digesta
1231 2203 1392 2244 Venetiis,
1420 2215 1498 2248 1541.
1513 2206 1571 2247 8.*
1624 2204 1746 2243 Prodiit

39 2255 122 2290 haee
137 2253 236 2289 editio
253 2252 405 2288 industria
422 2252 463 2288 V
460 2253 569 2289 ι’ἒῖονίι·
594 2253 817 2296 Trincauellii,
840 2265 901 2288 nec
923 2265 994 2287 non
1011 2251 1178 2300 diligentia
1198 2252 1290 2300 Aug.
1307 2255 1416 2290 Riccii.

142 2339 250 2374 Aliam
274 2339 406 2374 latinam
425 2326 601 2373 editioriem
628 2350 770 2386 operum
786 2337 922 2378 Galem',
949 2350 1031 2385 quae
1055 2350 1143 2372 anno
1162 2340 1228 2381 ¹561
1243 2348 1274 2373 et
1290 2342 1372 2383 1562.
1400 2343 1561 2386 Veneriis,
1587 2356 1604 2376 a
1620 2340 1746 2389 Vaigri-

42 2388 92 2426 fio
108 2389 280 2425 cudebatur
291 2418 300 2431 ,
324 2400 457 2425 notante
471 2391 575 2425 Conr.
592 2392 738 2424 Gesnero
755 2392 787 2423 in
806 2388 903 2424 embl.
919 2389 958 2423 11.
973 2388 1012 2423 de
1028 2401 1163 2436 operum
1183 2389 1298 2424 Galeni
1313 2390 1504 2425 editionibus
1531 2391 1631 2427 latinis
1642 2421 1650 2429 ,
1677 2406 1747 2428 non

43 2441 123 2533 hvid}
163 2440 271 2476 Exstat
285 2454 363 2479 vero
378 2442 458 2477 haec
472 2440 573 2477 editio
590 2441 629 2477 V
628 2441 800 2492 algrijana
812 2465 820 2481 ,
850 2451 881 2475 et
894 2439 993 2528 {xflat
1008 2439 1048 2476 de
1062 2454 1098 2476 ea
1115 2441 1236 2478 Vdem's
1252 2441 1292 2477 V
1291 2443 1452 2490 topierfis‚
1479 2440 1563 2487 <flue
1580 2443 1680 2530 dubiBo
1697 2446 1747 2530 Ιῖ.

85 2537 97 2543 ⁵
119 2500 156 2532 ol.
169 2499 208 2532 V.
929 2504 950 2540 P
963 2503 986 2540 P
1681 2508 1720 2542 ap
1739 2522 1747 2531 .
