2013 2725
258 118 326 153 740
427 107 498 142 Lib.
510 107 534 142 I
534 106 581 143 V.
594 118 617 141 c.
630 104 758 141 XXX.
885 105 1077 143 SCRIPTA
1108 105 1348 144 PORPHYRII
1665 109 1728 139 Vol.
1736 110 1785 139 IV.
1800 120 1825 146 p.
1836 114 1913 147 1871?
1924 117 1969 149 ¹88

263 201 409 238 biblioth.
433 202 583 236 Laurent.
605 200 722 236 medic.
745 196 818 236 cod.
833 201 930 236 XXX.
956 201 1038 250 plut.
1055 214 1101 247 71.
1127 201 1207 247 (vid.
1227 203 1367 237 Bandini
1386 201 1477 237 catal.
1495 204 1549 237 III.
1571 203 1634 239 col.
1653 216 1689 249 14
1705 202 1761 254 sq.)
1786 226 1832 232 —
1859 201 1970 254 Paris.

264 252 338 289 eod.
356 254 665 289 MDCCCCXLHI.
683 265 731 286 nr.
747 264 777 295 4.
802 254 1000 300 Porphyrius
1014 257 1049 288 in
1067 253 1180 289 decem
1199 256 1389 301 categorias,
1416 268 1474 303 per
1487 256 1683 303 interrogata
1701 267 1731 292 et
1747 255 1904 306 responsa.
1922 277 1972 284 --
1997 293 2003 298 ,

266 309 300 340 in
324 304 398 341 bibl.
421 305 575 352 Escorial.
601 305 750 349 (auctore
776 305 892 339 Plic'ero
917 306 938 340 l.
958 319 1003 340 m.
1024 317 1099 354 pag.
1116 306 1199 348 188.)
1251 303 1367 340 Forsan
1393 309 1426 340 in
1452 306 1564 341 multis
1584 319 1716 356 quoque
1741 320 1856 344 eorum
1876 307 1976 345 codd.

266 369 349 405 quos
372 355 410 391 ad
429 369 478 391 nr.
498 369 546 391 10.
561 354 710 396 laudaui.
740 358 898 405 quoniam
922 360 956 393 in
981 357 1136 405 catalogis
1161 353 1258 391 codd.
1278 369 1353 393 raro
1376 356 1535 392 indicatur
1555 357 1697 394 dilucide
1713 360 1820 395 titulus
1835 372 1927 396 verus
1942 368 1981 396 ev

265 417 497 457 argumentum
519 407 589 442 libr.
623 407 741 454 Harl]

372 476 485 510 Latine
506 476 600 510 vertit
622 475 779 510 Iohannes
795 474 984 510 Bai-nardus
1001 475 1195 515 Felicianus,
1221 478 1310 510 cuius
1330 478 1552 525 interpretatio
1573 476 1713 511 Iohanni
1730 473 1848 520 Casae,
1873 476 1974 512 archi-

267 525 420 575 episcopo
442 528 692 567 Beneuentano,
726 527 890 575 pontificis
915 539 1000 560 max.
1035 525 1121 575 apud
1147 529 1289 563 Venetos
1318 526 1427 575 legato
1456 525 1604 575 inscripta
1626 527 1734 563 lucem
1758 527 1837 563 vidit
1859 529 1974 563 Venet.

266 581 350 624 1546.
369 576 428 614 fol.
454 577 539 626 apud
560 580 698 614 Hieron.
713 580 868 620 Scotum,
894 588 924 612 et
942 582 1032 621 1566.
1049 577 1110 616 fol,
1136 576 1309 615 subiunctis
1332 577 1444 614 itidem
1466 578 1564 615 latine
1581 579 1729 626 Dexippi
1745 580 1794 622 ⁹),
1819 581 1873 628 qui
1895 581 1976 614 Iam-

265 630 365 666 blichi
392 627 564 678 discipulus
589 627 672 673 fuit,
699 632 733 664 in
755 629 1016 678 praedicamenta
1035 629 1124 664 libris
1146 630 1244 665 tribus
1266 630 1502 679 quaestionum.
1563 631 1686 666 Graeca
1707 632 1800 666 huius
1824 630 1978 680 explana-

266 684 363 717 tionis
378 683 620 730 Porphyrianae
637 679 738 716 editio
754 681 877 729 prodiit
897 679 1018 715 Parisiis
1042 680 1131 730 apud
1148 683 1303 718 iacobum
1319 681 1507 729 Bogardum
1528 697 1556 718 a.
1574 694 1654 727 ¹543·
1672 694 1702 725 4.
1756 680 1856 717 Aliud
1877 680 1977 731 quod-

266 731 343 768 dam
365 734 462 768 breue
485 732 524 768 de
546 731 660 768 decem
681 732 950 780 praedicamentis
972 731 1236 782 apospasmation
1260 731 1314 769 sub
1332 736 1502 781 Porphyrii
1520 735 1657 769 nomine
1676 732 1800 769 editum
1822 732 1865 768 est
1879 733 1977 768 latine

267 797 306 819 ex
324 785 462 819 Antonii
479 785 661 829 Gogauim',
685 783 877 826 Grauienfis,
897 782 1043 819 verfione
1058 784 1097 819 ad
1115 784 1237 820 calcem
1252 787 1522 821 harmonicorum
1543 784 1722 820 Aristoxeni
1739 795 1771 820 et
1787 784 1977 826 Ptolemaei,

267 837 383 870 Venet.
411 835 466 881 [if]
497 837 580 879 1563.
604 847 633 877 4.
660 831 737 882 pag.
754 838 818 872 162.
834 834 872 870 ad
889 837 954 880 165.
1005 837 1139 884 Incipit:
1172 838 1242 871 Iam
1262 849 1333 871 vero
1354 837 1390 871 de
1413 839 1504 871 rebus
1525 837 1703 883 agendum,
1729 848 1807 882 quas
1830 834 1976 870 nonnulli

258 886 340 934 sane
362 886 464 921 decem*
481 887 660 932 categorias
674 896 738 921 ete.

372 975 415 999 12.
442 963 487 998 In
504 962 664 997 naturalis
685 964 784 997 etiam
805 961 982 998 audientiae
1004 963 1118 1005 libros,
1144 962 1337 1011 (Aristotelis
1355 966 1495 1013 φυσικῆς
1509 960 1721 1014 οἱκροοὶσεως)
1733 962 1980 1011 explanationes-

268 1012 366 1050 edidit
386 1015 606 1062 Porphyrius,
633 1027 672 1049 ex
693 1015 807 1062 quibus
830 1013 952 1050 exstant
972 1015 1143 1051 nonnulla.
1195 1018 1288 1051 Haec
1309 1017 1489 1052 felicianus
1515 1014 1613 1065 praef.
1635 1015 1676 1051 ad
1700 1016 1922 1063 Porphyrium
1942 1016 1977 1050 in

268 1068 472 1115 Categorias.
521 1069 535 1100 Ι
537 1064 596 1114 psev
614 1067 703 1101 enim
728 1078 915 1114 numquam¹
934 1065 1009 1102 vidi.
1035 1068 1166 1103 Fabric..
1202 1066 1291 1104 conf.
1305 1068 1404 1118 Cqfir.
1418 1067 1440 1104 l.
1455 1071 1506 1104 cit.
1527 1071 1548 1102 1.
1564 1080 1638 1117 pag.
1652 1079 1725 1115 244.
1751 1067 1851 1102 Harl.
1992 1071 1997 1074 ’

370 1155 412 1186 13.
438 1145 482 1178 In
503 1143 699 1178 Harmonica
722 1142 912 1182 Ptolemaei,
943 1146 1221 1186 commentarius,
1257 1142 1418 1190 (defluens
1448 1147 1483 1180 in
1507 1147 1609 1193 capite
1627 1145 1696 1180 VII.
1721 1143 1795 1179 libri
1815 1139 1979 1188 secundi.)
2001 1159 2007 1162 ·

268 1192 384 1243 graece
407 1204 439 1230 et
458 1194 561 1230 latine
583 1208 660 1230 cum
684 1195 755 1229 Ioh.
776 1195 828 1231 W
825 1195 917 1243 allfii
937 1195 1084 1231 versione
1106 1196 1231 1244 prodiit
1250 1198 1284 1230 in
1304 1206 1402 1232 tomo
1423 1199 1537 1239 tertio,
1561 1209 1700 1243 operum
1721 1197 1781 1230 viri
1801 1196 1894 1229 huius
1915 1192 1979 1227 cla-

267 1244 388 1281 rissimi.
417 1248 570 1281 Oxoniae
585 1249 682 1291 1699.
698 1243 758 1281 fol.
812 1244 938 1281 Confer
957 1245 982 1282 fi
1003 1247 1128 1295 placet,
1152 1261 1235 1296 quae
1251 1246 1317 1283 dixi
1338 1246 1451 1298 supra,
1478 1248 1562 1283 libro
1584 1250 1647 1283 hoc
1667 1249 1721 1282 IV.
1738 1259 1807 1294 cap.
1822 1247 1868 1281 16.
1885 1245 1916 1293 ᾧ.
1932 1255 1977 1279 12.

269 1297 357 1343 [pag.
373 1310 431 1342 292
449 1295 517 1346 sqq.
540 1307 572 1332 et
591 1297 658 1334 vol.
676 1299 733 1333 IV.
752 1309 827 1346 pag.
847 1300 906 1332 160
921 1296 980 1346 sq.]
1033 1300 1184 1333 Eudoxio
1204 1301 1258 1334 hic
1276 1302 1533 1335 commentarius
1553 1314 1569 1334 a
1589 1301 1772 1347 Porphyrio
1788 1294 1978 1337 inscribitur,

267 1357 299 1382 et
322 1360 403 1396 quae
427 1349 624 1397 Porphyrius
651 1362 727 1383 non
749 1346 906 1391 absoluit7
943 1349 1062 1385 dicitur
1084 1348 1284 1386 continuasse
1309 1352 1468 1397 pappus,
1499 1350 1746 1386 Alexandrinus.
1802 1346 1978 1395 Porphyrii

267 1402 546 1441 commentarius,
565 1409 739 1446 antequam
752 1403 788 1435 in
801 1399 908 1436 lucem
923 1400 1090 1445 ederetur,
1115 1401 1264 1437 laudatus
1281 1401 1326 1437 est
1343 1417 1362 1438 a
1379 1403 1521 1437 Patricio
1539 1399 1662 1435 discuffi
1678 1401 1842 1446 peripatet.
1859 1408 1938 1434 tom.
1953 1399 1976 1434 I.

267 1463 340 1498 pag.
359 1457 407 1496 85.
435 1450 600 1485 Bullialdo
620 1450 661 1485 ad
680 1451 879 1493 Theonem,
897 1452 1136 1495 Smyrnaeum,
1161 1455 1214 1488 M.
1230 1454 1399 1487 Meibomio
1424 1451 1463 1488 ad
1490 1450 1628 1486 muflcos
1651 1459 1786 1491 veteres,
1812 1459 1843 1485 et
1863 1450 1915 1486 lib.
1936 1448 1976 1497 de

264 1503 535 1550 proportionibus
555 1514 627 1550 pag.
643 1514 720 1548 190.
730 1511 788 1537 etc.
820 1503 899 1537 Tho.
919 1503 1017 1538 Galea
1039 1503 1078 1538 ad
1101 1504 1318 1539 Iamblichum
1340 1503 1378 1539 de
1400 1503 1561 1549 mysteriis
1578 1507 1717 1551 Aegypt.
1740 1515 1814 1551 pag.
1831 1510 1895 1543 182.
1929 1499 1975 1548 Is:

269 1553 375 1599 Voffio
402 1553 441 1588 de
466 1554 587 1587 viribus
610 1555 773 1598 rhythmi,
804 1553 967 1599 Holflenio
994 1557 1058 1590 vita
1083 1557 1241 1604 Porphyr.
1269 1569 1338 1604 cap.
1354 1559 1385 1591 6.
1410 1555 1554 1604 aliisque.
1579 1557 1705 1590 Fabric.
1764 1552 1864 1588 Multi
1881 1554 1974 1588 huius

266 1607 495 1640 commentarii
518 1604 643 1639 exstant
661 1603 809 1646 codices3
843 1604 920 1648 (vid.
944 1619 1078 1654 quoque
1102 1605 1216 1656 supra,
1243 1609 1275 1640 in
1299 1607 1365 1643 vol.
1385 1610 1436 1642 lv.
1462 1619 1537 1655 pag.
1556 1607 1635 1651 221.)
1663 1619 1680 1641 e
1703 1618 1752 1653 gr.
1787 1606 1924 1640 Matriti
1941 1606 1980 1640 in

265 1655 339 1691 bibl.
363 1659 468 1704 regia⁷
495 1655 568 1690 cod.
587 1657 729 1690 LXXVI.
763 1656 985 1704 complectens
1013 1668 1139 1693 tantum
1165 1656 1401 1706 praefationem
1423 1668 1454 1693 et
1474 1668 1570 1706 caput
1594 1660 1756 1705 primum,
1790 1655 1886 1704 idque
1906 1668 1976 1691 non

265 1709 450 1755 integrum3
485 1708 660 1742 Ptolemaei
681 1717 789 1742 autem
816 1716 937 1748 textus,
964 1711 1018 1756 qui
1040 1709 1260 1757 explanandus
1285 1707 1466 1757 suscipitur,
1490 1713 1596 1756 priora
1619 1718 1744 1744 tantum
1766 1709 1879 1750 verba,
1907 1707 1979 1742 noti
1999 1705 2002 1708 ⁴

266 1762 379 1794 omnia
401 1759 615 1794 exhibentur:
651 1757 726 1793 teste
747 1761 864 1794 Jrfart.
885 1760 976 1795 catal.
997 1760 1091 1796 codd.
1117 1771 1174 1795 etc.
1201 1773 1273 1808 pag.
1289 1772 1353 1804 273.
1383 1781 1435 1787 -—
1470 1759 1639 1809 Qosdam
1668 1758 1764 1795 codd.
1791 1772 1916 1795 comm.
1942 1760 1977 1794 in

264 1812 460 1846 harmonica
480 1822 510 1846 et
534 1808 725 1845 tetrab÷blon
750 1812 813 1844 iam
839 1812 974 1845 excitaui
1002 1809 1095 1859 supra
1117 1815 1150 1846 in
1175 1814 1237 1846 hoc
1261 1811 1327 1846 vol.
1350 1825 1424 1860 pag.
1440 1820 1500 1853 284
1520 1810 1582 1860 stlq.
1644 1813 1710 1846 Hic
1744 1811 1852 1860 plures
1881 1807 1974 1845 codd.
1998 1846 2001 1848 ,

264 1863 442 1909 Porpl'vrii
466 1875 591 1897 comm.
612 1861 772 1896 excitabo.
826 1863 861 1896 111
886 1863 958 1897 bibl.
977 1865 1130 1910 Angelica
1150 1865 1266 1898 Romae
1286 1865 1404 1913 Porph.
1429 1866 1459 1898 in
1484 1864 1616 1898 Ptolem.
1639 1861 1702 1897 vid.
1724 1861 1842 1897 introd.
1865 1872 1975 1895 meam

265 1914 301 1946 in
324 1913 395 1947 hist.
413 1916 446 1948 L.
462 1916 518 1948 Gr.
539 1916 560 1948 Ι.
578 1926 650 1960 pag.
668 1915 723 1949 66.
749 1933 798 1939 —-—
826 1915 904 1949 [bid.
923 1916 954 1948 in
971 1915 1044 1949 bibl.
1064 1916 1171 1951 Vatic.
1186 1915 1229 1949 bis
1246 1925 1352 1953 terne,
1379 1925 1513 1950 notante
1529 1914 1669 1957 Holsien.
1684 1925 1752 1959 cap.
1769 1913 1839 1946 VlI.
1855 1912 1908 1946 fin.
1934 1909 1975 1946 de

265 1966 328 1998 vita
350 1965 537 2011 Porphyrii.
564 1983 614 1989 -
643 1964 780 2006 Neapoli
807 1966 840 1996 in
864 1965 934 1998 bibl.
961 1969 1047 2011 regia
1067 1965 1164 2000 codd.
1185 1968 1291 2001 cvm
1311 1976 1342 1998 et
1357 1967 1466 1998 CXLI.
1494 1984 1538 1990 —-
1573 1964 1750 1998 Florentiae
1772 1966 1804 1996 in
1827 1963 1990 2009 biblioth<
2012 1978 2013 1994 i

265 2016 416 2049 Laurent.
440 2014 641 2049 eod.YX1X.
665 2014 743 2062 plut.
760 2022 805 2059 58.
835 2019 1043 2061 prooemium
1067 2019 1185 2064 excipit
1209 2026 1388 2050 comment.
1418 2019 1449 2050 in
1480 2018 1583 2064 prima
1609 2012 1841 2050 tantummodo
1866 2015 1934 2050 libri
1950 2015 1972 2057 [Δ
2012 2042 2013 2046 ,

267 2067 371 2114 capita
386 2076 526 2114 quatuor
542 2069 673 2111 integra.
700 2067 857 2109 (Banzs'in.
877 2066 965 2101 catal‘.
987 2066 1082 2102 codd.
1103 2081 1152 2115 gr.
1183 2070 1217 2100 Π.
1244 2067 1305 2103 col.
1322 2068 1403 2111 475.)
1434 2087 1480 2091 ›--
1511 2067 1625 2101 Vena.
1645 2068 1678 2100 in
1701 2067 1776 2101 bibl.
1801 2067 1842 2102 D.
1858 2066 1981 2117 Marci..

267 2131 343 2152 cum
361 2117 534 2152 Ptolemaei
555 2129 641 2151 textu
659 2120 688 2150 ii.
707 2118 800 2151 codd.
818 2119 1025 2152 CCCXVIII.
1043 2120 1221 2154 CCCXXl.
1251 2132 1279 2153 et
1300 2121 1419 2166 Poiph.
1435 2130 1558 2153 comm.
1577 2116 1720 2152 desinens
1739 2120 1771 2152 in
1784 2120 1888 2165 capite
1903 2119 1972 2155 VH.

265 2169 392 2204 librili.
424 2172 456 2204 in
478 2168 550 2204 cod.
570 2170 713 2202 mmm.
742 2189 798 2194 —
826 2168 902 2203 ibid.
926 2173 956 2203 in
982 2170 1053 2205 bibl.
1078 2172 1106 2205 S.
1126 2170 1282 2206 Miehael.
1308 2182 1378 2204 coa.
1395 2172 1566 2204 Lxx‘rm.
1594 2169 1668 2204 reste
1694 2170 1886 2204 Mittarellio
1904 2169 1926 2206 l.
1946 2181 1970 2204 ca
2010 2183 2012 2187 ·

265 2220 417 2266 ⁶01-957·
443 2241 500 2248 ---
520 2222 655 2255 Patauii
679 2222 711 2254 in
734 2220 806 2254 bibl.
825 2219 998 2256 Triuisana
1020 2221 1092 2258 cod.
1113 2235 1163 2271 gr.
1189 2222 1265 2258 teste
1288 2222 1451 2272 Tonmstno
1472 2224 1506 2256 in
1530 2220 1603 2257 bibl.
1624 2222 1783 2257 Patauinis
1800 2235 1832 2272 p.
1850 2233 1902 2264 1¹5·
1924 2227 1972 2248 -2'
2010 2240 2012 2242 ·

1866 2267 1977 2320 Paris}⁴

305 2362 345 2403 y)
369 2363 416 2392 De
432 2365 487 2390 hoe
505 2364 566 2393 dixi
582 2363 731 2401 superiore
746 2365 839 2405 capite
854 2363 880 2403 9.
896 2375 909 2399 7
925 2363 965 2404 sq.
