2049 2720
738 90 800 125 DE
827 91 983 138 Q'issvs
1009 92 1175 128 SVIDAS.
1438 92 1509 126 Lib.
1531 90 1576 127 V.
1596 89 1709 124 cxl..
1762 99 1818 133 519

208 188 284 238 phei
307 186 530 233 Theologinnh·
555 186 760 235 Συμφωνιόιν
778 182 843 219 siue
867 185 1046 232 consensum
1071 186 1208 232 Orphei,
1236 186 1441 235 Pythagorae
1456 192 1486 221 et
1502 184 1670 222 Plutonia
1694 185 1727 217 in
1745 193 1817 216 ora-

212 241 283 276 cula
309 241 409 275 libras
426 239 472 273 X.
506 239 543 272 de
564 238 643 272 Diis
662 238 860 274 Homericis‚·
889 243 1078 283 argumenta
1097 238 1243 274 XVIII.
1274 246 1386 274 cotnra
1417 234 1624 283 Christianos.
1681 234 1746 268 Hic
1771 232 1816 269 efi

211 290 347 329 Procius
370 289 442 332 ille,
475 291 531 338 qui
552 279 708 324 secund'us
729 288 947 336 aPorphyrio
972 289 1135 337 impuram
1156 299 1186 324 et
1212 289 1414 338 petulantem
1436 289 1585 338 linguam
1608 289 1642 323 in
1663 282 1815 320 Christia-

210 357 271 380 nos
296 342 430 378 strinxit.
494 338 654 375 Aduersus
681 341 770 374 hunc
793 340 932 374 Ioannes
959 339 1014 385 [ff]
1042 340 1238 386 Philoponus
1264 338 1403 390 scripsit,
1442 343 1496 390 qui
1528 346 1721 388 argumenta
1749 338 1814 371 eius

209 395 329 431 XVIII.
356 391 537 428 admirabili
559 390 745 427 dexteritate
762 387 930 431 refutauit,
955 402 1097 440 eumque
1116 390 1165 425 vel
1187 393 1218 426 in
1240 396 1363 440 graecis
1390 391 1582 440 disciplinis,
1607 401 1746 439 quarum
1761 399 1814 434 pe-

209 447 281 481 ritia
302 443 333 480 se
354 443 509 484 iactabat,
537 441 708 478 indoctum
729 450 760 477 et
781 443 903 490 exiguo
924 441 1044 476 iudicio
1065 441 1245 489 praeditum
1270 443 1416 479 ostendit.
1468 442 1598 491 Scripsit
1619 441 1716 477 etiam
1739 440 1814 473 Pro-

207 497 275 531 clus
297 492 512 538 Μητρωοικήν
538 492 687 536 βίβλον,
722 493 838 528 librum
867 493 905 527 de
933 499 1034 528 matre
1056 495 1201 533 deorum,
1246 507 1343 539 quem
1367 494 1391 529 si
1410 497 1479 542 quis
1502 497 1535 529 in
1559 504 1674 528 manus
1696 489 1814 531 sumat,

208 560 249 583 ex
271 560 312 583 eo
334 540 510 594 intelliget,
538 543 773 594 philosophum
798 541 842 583 ἐκ
863 539 942 582 ἄνευ
961 541 1064 583 θείας
1086 547 1305 592 κατακωχῆς
1330 558 1394 580 non
1422 548 1535 593 absque
1559 545 1668 579 diuino
1690 542 1814 589 adfiatu

206 611 345 635 omnem
369 599 459 633 Deae
477 596 565 632 illius
589 597 792 644 theologiam
814 597 849 631 in
870 595 978 631 lucem
1004 593 1206 643 protraxisse,
1245 600 1305 639 ita,
1332 607 1365 632 vt
1386 608 1476 632 aures
1499 609 1567 632 non
1591 593 1728 644 amplius
1750 603 1813 628 tur-

203 651 320 685 bentur
338 648 644 690 lamentationibus,
670 660 752 696 quae
773 648 822 691 (in
836 644 930 683 sacris
948 646 1027 693 illis)
1054 645 1236 682 audiuntur.

103 700 254 743 Proclus,
286 702 491 748 imperatoris
516 697 627 732 Iustini
649 696 818 746 quaestor,
850 699 900 731 vir
920 697 1036 740 iustus,
1064 701 1120 746 qui
1143 698 1269 734 nullam
1285 697 1393 748 legem
1418 708 1540 735 temere
1561 694 1681 745 scripsit
1705 705 1763 732 etc.

101 752 280 801 Procopius
304 750 454 793 illustris,
481 746 712 791 Caesariensis,
738 747 950 790 Palaestinos,
977 751 1089 784 rhetor
1111 760 1143 785 et
1170 748 1321 798 sophista.
1375 748 1506 798 Scripsit
1531 749 1689 795 lissort'am
1712 758 1812 782 remo-

203 816 274 839 nam
295 801 362 838 siue
378 800 532 838 Bellisarii
548 799 630 835 bella
650 810 681 835 et
701 812 768 842 τες,
791 801 923 835 Romae
946 810 977 836 et
1002 803 1034 835 in
1057 797 1166 836 Africa
1187 802 1299 848 gestas.
1362 803 1450 836 Vixit
1474 812 1624 848 tempore
1641 798 1811 837 iustiniani,

198 857 280 904 imp.
298 853 425 901 fuitque
447 849 600 887 Bellisarii
625 854 769 886 notarius
793 860 825 886 et
843 864 977 894 comes,
1015 852 1232 901 omnibusque
1259 852 1349 888 bellis
1372 863 1404 888 et
1425 853 1520 887 rebus
1541 848 1654 898 gestiS,
1677 864 1694 884 a
1714 847 1743 884 se
1759 848 1812 883 de-

199 903 344 953 scriptis,
367 902 436 953 ipse
452 899 609 939 interfuit.
662 901 792 951 Scripsit
808 912 840 937 et
861 902 962 938 alium
978 902 1120 945 librum,
1154 906 1208 952 qui
1230 902 1391 952 prioribus
1411 901 1537 938 additus
1559 903 1601 937 est
1621 913 1746 942 nonus,
1780 909 1811 934 et

202 957 352 990 anecdota
377 953 574 996 inscribitur,
609 955 781 990 continens
803 954 1058 1002 vituperationes
1080 964 1112 990 et
1127 957 1269 990 comicas
1282 953 1506 990 insectationes
1522 952 1706 995 Iustiniani,
1729 953 1808 1000 imp.

199 1016 231 1042 et
248 1004 471 1055 Theodorae,
492 1007 644 1052 coniugis
659 1008 744 1047 eius,
769 1007 913 1053 itemque
929 1003 1082 1040 Bellisarii
1107 1015 1137 1040 et
1160 1009 1269 1041 vxoris
1291 1008 1370 1042 eins.

96 1057 285 1107 Procopius.
335 1058 374 1091 In
395 1054 522 1103 templo
537 1057 569 1090 S.
594 1058 768 1098 martyris,
789 1057 961 1103 Procopii,
983 1059 1016 1091 in
1034 1056 1202 1098 Chelone,
1235 1057 1333 1092 statua
1354 1055 1522 1091 cuiusdam
1546 1054 1690 1091 eunuchi
1710 1051 1810 1102 pofita

199 1108 262 1151 est,
284 1110 320 1144 in
339 1109 429 1144 cuius
449 1107 582 1156 pectore
606 1103 796 1156 inscriptum
818 1116 902 1142 erat:
941 1108 1087 1155 quisquis
1108 1107 1164 1143 hoc
1172 1109 1304 1158 sgnum
1329 1108 1393 1143 Ioco
1413 1110 1567 1148 niouerit,
1604 1108 1713 1154 laqueo
1733 1117 1809 1152 per-

193 1167 246 1197 cat
269 1170 330 1197 etc.

92 1211 268 1255 Prodicus,
300 1211 417 1257 Ceius,
439 1222 479 1246 ex
493 1206 596 1246 insula
611 1210 683 1246 Ceo
703 1220 736 1246 et
749 1211 826 1247 vrbe
847 1208 952 1246 Iulide
974 1207 1150 1250 oriundus,
1188 1206 1405 1258 philosophus
1429 1206 1583 1259 physicus
1604 1218 1636 1243 et
1658 1203 1810 1254 sophista,

194 1262 340 1312 aequalis
354 1263 550 1304 Democriti,
574 1259 762 1304 Abderitae,
783 1271 814 1297 et
827 1261 992 1310 Gorgiae,
1017 1258 1188 1310 discipulus
1202 1263 1419 1311 Protagorae,
1440 1258 1623 1296 Abderitae.
1673 1258 1807 1294 Athenis

196 1313 309 1351 hausta
330 1316 435 1349 cicuta
453 1323 603 1350 mortuus
623 1311 684 1354 esi,
712 1312 799 1348 velut
819 1315 874 1361 qui
894 1315 1026 1348 iuuenes
1047 1323 1283 1361 corrumperet.

87 1363 294 1417 Πςὸληψις,
317 1367 524 1411 anticipatio,
546 1362 568 1400 s.
585 1370 748 1410 antecepta
759 1364 895 1399 alicuius
907 1366 953 1399 rei
971 1366 1117 1412 cognitio.
1145 1363 1346 1414 Chrysippus
1363 1362 1559 1400 naturalium
1576 1359 1805 1411 quaestionum

194 1418 281 1454 libro
297 1418 365 1452 XII.
390 1419 452 1452 tria
473 1415 551 1452 dicit
570 1414 632 1451 esse
651 1417 799 1456 criteria,
825 1413 973 1459 sensum,
1008 1418 1234 1463 cognitionem
1258 1427 1290 1452 et
1317 1415 1594 1465 anticipationem.
1645 1414 1804 1461 Epicurus

195 1480 274 1505 vero
293 1466 479 1517 prolepsin,
507 1469 571 1510 ait,
598 1464 658 1502 effe
683 1469 883 1503 memoriam
906 1469 994 1508 eius,
1023 1465 1111 1516 quod
1135 1462 1326 1502 extrinsecus
1354 1465 1476 1515 saepius
1499 1464 1645 1515 adparuit
1665 1473 1725 1499 etc.

91 1518 311 1562 Prometheus
334 1517 479 1555 iudicum
500 1517 706 1554 iudaicorum
729 1528 879 1568 tempore
901 1515 987 1568 apud
1016 1520 1158 1554 Graecos
1182 1518 1314 1554 celebris
1337 1515 1414 1559 fuit,
1455 1521 1509 1567 qui
1533 1518 1656 1565 primus
1681 1514 1804 1549 inuenit

191 1573 444 1621 grammaticam
466 1580 497 1605 et
519 1567 775 1619 philosophiam.
834 1569 926 1606 Idem
948 1571 1102 1605 homines
1122 1567 1247 1605 finxiffe
1275 1569 1409 1612 dicitur,
1445 1568 1535 1618 quod
1563 1567 1656 1603 rudes
1682 1561 1803 1614 sapien-

191 1625 271 1659 tiam
293 1621 417 1658 docuit.
470 1621 571 1657 Tunc
591 1620 703 1657 floruit
724 1631 756 1657 et
777 1620 1004 1666 Epimetheus,
1030 1624 1083 1670 qui
1109 1619 1266 1656 musicam
1286 1621 1428 1656 inuenit:
1455 1629 1486 1655 et
1501 1619 1618 1660 Atlas,
1644 1619 1699 1667 qui
1715 1614 1803 1665 quod

191 1673 430 1711 astronomiam
457 1674 736 1720 interpretaretur,
774 1672 907 1708 coelum
926 1670 1051 1721 gestare
1071 1669 1116 1708 est
1137 1672 1253 1709 didius.
1312 1673 1414 1708 Porro
1436 1670 1574 1719 Argus,
1612 1671 1665 1718 qui
1692 1670 1734 1704 ob
1754 1681 1803 1702 ar·

190 1729 272 1761 tium
295 1734 455 1774 repertam
477 1722 641 1759 scientiam
664 1724 787 1760 multos
808 1724 923 1760 oculos
944 1725 1063 1760 habere
1087 1723 1279 1773 fingebatur.
1340 1724 1442 1759 Tunc
1463 1724 1560 1759 etiam
1587 1721 1648 1757 fuit
1670 1719 1802 1766 Sibylla,

190 1775 338 1818 fatidica,
372 1785 527 1823 regnante
549 1774 634 1822 apud
658 1778 840 1823 Aegyptios
870 1777 1056 1817 Pharaone,
1099 1776 1150 1810 cui
1179 1788 1369 1823 cognomen
1407 1776 1440 1809 T
1436 1774 1568 1814 arcadio,
1608 1782 1639 1807 et
1666 1771 1800 1806 Athenis

190 1829 359 1875 Cecrope,
386 1829 439 1875 qui
463 1822 578 1871 διφυὴς
601 1823 666 1862 siue
686 1827 830 1871 biformis
853 1824 958 1862 dictus
979 1825 1023 1862 est
1042 1826 1085 1861 ob
1108 1830 1254 1874 corporis
1274 1824 1553 1874 magnitudinem,
1579 1821 1629 1858 vel
1647 1821 1737 1870 quod
1761 1834 1800 1856 ex

188 1880 346 1926 Aegypto
362 1876 520 1911 oriundus
537 1872 663 1911 venisset
686 1875 741 1924 [if]
759 1879 791 1910 in
809 1877 998 1923 Graeciam,
1024 1876 1077 1910 vel
1095 1876 1183 1925 quod
1207 1885 1320 1912 contra
1341 1873 1568 1924 promiscuum
1587 1873 1802 1910 concubitum

189 1929 299 1977 legem
317 1925 431 1964 tulisset
445 1928 484 1963 de
502 1928 698 1975 virginibus,
725 1928 777 1962 vni
796 1930 865 1962 viro
889 1926 1099 1964 collocandis.
1151 1929 1230 1962 Hoc
1249 1930 1392 1975 Cecrops
1410 1924 1508 1969 fecit,
1541 1927 1612 1974 qui,
1634 1926 1673 1960 ab
1691 1929 1797 1972 Aegy-

188 1982 264 2029 ptiis
279 1993 380 2028 genus
396 1978 526 2024 ducens,
546 1993 613 2014 non
629 1983 791 2028 ignoraret
806 1979 912 2027 leges,
940 1991 1020 2028 quas
1036 1978 1214 2021 vulcanus,
1229 1978 1371 2028 regionis
1385 1979 1470 2015 illius
1484 1991 1553 2021 rex,
1578 1977 1704 2014 tulerat.
1728 1974 1796 2025 lpse

186 2033 322 2068 Athenis
349 2031 495 2079 regnauit
515 2044 619 2066 annos
642 2032 887 2080 quinquaginta.

86 2088 290 2122 Pronomns,
312 2083 447 2120 tibicen,
472 2084 559 2118 cuius
576 2082 738 2130 prolixam
756 2083 888 2118 barbam
906 2078 1124 2131 perstringunt
1144 2081 1275 2119 comici.

85 2132 307 2186 Πξοφητάα,
335 2134 393 2168 alia
419 2131 583 2181 spirimlis,
610 2132 672 2168 alia
696 2133 871 2169 diabolica:
899 2147 977 2169 uam
1003 2144 1034 2169 et
1055 2133 1291 2182 praedidiiones
1311 2131 1518 2170 diabolorum
1541 2132 1731 2181 prophetiae
1751 2126 1795 2165 di.

185 2196 320 2226 cuutur3
348 2183 410 2220 alia
426 2184 594 2223 naturalis,
618 2184 668 2221 vel
686 2182 868 2227 artificiosa,
895 2198 977 2233 quae
995 2187 1077 2220 inter
1092 2187 1148 2220 has
1164 2183 1208 2220 est
1222 2183 1348 2228 media3
1374 2184 1435 2220 alia
1451 2187 1590 2233 denique
1608 2185 1796 2220 communis

187 2247 219 2274 et
242 2235 419 2285 popularis.
473 2237 519 2268 Ac
541 2232 687 2284 spiritalis
711 2236 841 2284 quidem
865 2237 1036 2285 praecipue
1057 2236 1101 2272 est
1128 2235 1333 2272 sannorum:
1358 2239 1419 2272 Dei
1437 2247 1544 2271 autem
1559 2232 1795 2284 dispensatione

185 2290 356 2339 participes
377 2290 442 2323 eius
463 2299 594 2335 quoqne
617 2287 778 2323 interdum
805 2283 878 2323 sunt
899 2285 964 2327 illi,
993 2288 1046 2335 qui
1070 2288 1147 2324 tales
1167 2301 1236 2323 non
1258 2285 1346 2331 sunt,
1372 2298 1405 2322 vt
1433 2290 1577 2328 Pharao,
1610 2288 1741 2322 Balaam
1764 2297 1795 2323 et

185 2341 336 2390 Caiphas.
386 2339 556 2375 Diabolica
578 2338 619 2375 ad
640 2337 729 2376 solos
756 2338 966 2378 diabolorum
985 2338 1128 2377 cultores
1152 2343 1304 2390 pertinet.
1360 2341 1436 2377 Eius
1459 2342 1585 2388 generis
1607 2336 1700 2386 sunt,
1741 2342 1793 2388 qui

1754 2403 1793 2426 ex
