2049 2720
433 136 498 174 ET
528 137 711 188 QmEM
738 136 1066 183 GENVINORVM‚
1104 141 1328 180 accensio
1380 145 1694 186 Lib.1V.c.XIX.
1746 165 1811 197 403

196 239 228 281 9.
255 233 335 285 Περὶ
356 230 505 284 κξοὶσεων
525 233 660 277 βιβλία
681 230 727 280 γ’.
779 234 836 268 Dc
851 236 1099 279 temperamentis
1120 236 1193 271 libri
1209 244 1286 274 tres.
1338 240 1471 276 Exstant
1491 245 1524 278 in
1546 243 1665 280 Aldina
1689 256 1807 294 graeca‘

89 286 168 324 edit.
192 297 275 337 part.
289 290 314 322 l.
338 285 398 322 fol.
418 300 449 332 9.
477 289 511 322 in
531 299 646 335 graeca
665 284 755 321 ssafil.
778 296 858 333 part.
876 287 901 320 Ι.
924 299 997 334 pag.
1015 299 1065 331 59.
1098 289 1131 321 in
1151 288 1225 323 edit.
1241 292 1402 326 Charterii
1427 304 1505 329 tom.
1526 296 1578 330 111,
1601 310 1675 345 pag.
1695 311 1739 340 32.
1767 303 1802 336 in

88 336 226 388 septima
241 340 410 374 [antarum
425 338 525 374 latina
540 336 625 374 clais.
642 340 666 372 1.
682 335 743 372 fol.
758 349 805 372 10.
858 339 1033 377 Vertcrunt
1059 340 1156 374 etiam
1179 341 1274 376 multi
1300 344 1337 377 dc
1358 347 1626 388 complexionibus.
1677 350 1803 386 Memi-

87 393 137 426 nit
152 390 292 426 Galenus
305 391 400 425 huius
416 389 490 425 libri
507 393 540 425 in
555 390 639 425 libro
655 388 696 424 de
713 389 800 424 libris
817 392 974 437 propriis,
998 399 1028 424 et
1046 391 1078 424 in
1093 400 1160 426 arte
1179 392 1305 428 medica
1323 408 1394 444 cap.
1413 409 1460 441 37.
1477 410 1551 445 pag.
1572 411 1641 442 230.
1659 410 1739 436 tom.
1758 403 1799 438 Π.

86 454 148 478 nec
165 455 234 478 non
251 445 284 477 in
298 442 468 492 permultis
486 441 554 476 aliis
569 441 674 483 libris,
701 455 730 491 v.
745 453 778 489 g.
796 443 829 474 in
844 441 914 475 libr.
929 440 968 476 de
985 442 1112 489 optima
1130 448 1275 492 corporis
1290 447 1390 481 nostri
1414 449 1660 493 constitutione,
1687 451 1726 488 de
1751 451 1796 489 ffi-

84 496 185 529 nitate
202 494 336 533 tuenda,
364 493 404 529 de
420 493 556 543 fimplic.
571 493 840 529 medicamentor.
854 490 1029 528 facultatib.
1045 503 1104 528 cet.
1160 496 1270 532 Primo
1288 496 1374 534 libro
1393 498 1432 535 de
1447 506 1711 548 temperamentis
1726 508 1796 553 agi-

83 553 135 580 tur
155 558 337 595 eorumque
357 543 537 594 speciebus,
564 559 601 580 ac
623 544 663 579 de
686 547 822 580 homine
843 543 1120 592 temperatiffimo.
1171 547 1208 583 In
1227 547 1330 583 altero
1355 547 1444 598 ligna
1465 556 1617 601 cuiusque
1633 565 1795 605 tempera-

81 600 185 633 menti
199 606 426 646 exponuntur‚
450 598 501 631 vbi
519 597 743 632 memorabilis
762 595 895 631 historia
912 596 1053 632 Eudemi
1066 595 1257 646 philosophi
1278 599 1415 648 legitur,
1443 606 1494 637 cui
1517 604 1586 638 bilis
1606 618 1666 653 per
1688 620 1792 644 vnum

81 646 217 684 ductum
236 651 269 684 in
286 648 470 684 intestinum
484 646 702 683 descendebat.
755 649 874 683 Tertio
891 649 976 683 libro
994 647 1034 683 de
1051 653 1315 697 temperamentis
1329 652 1652 691 medicamentorum
1673 661 1791 705 agitur,

80 712 164 749 quae
185 699 240 736 vel
257 702 382 738 interne
405 698 590 743 sumuntur,
616 701 668 736 vel
687 702 819 748 corpori
841 699 1056 748 applicantur.
1105 702 1217 749 anue
1240 701 1357 738 diuersi
1381 710 1564 754 argumenti
1584 711 1792 755 pertractatio

77 751 188 800 plures
203 755 329 795 mouit,
355 755 411 802 qui
425 754 461 789 in
473 753 522 788 his
537 752 628 789 libris
643 751 683 789 de
695 754 959 802 temperamentis
983 751 1211 797 elaborarunt,
1235 763 1268 790 vt
1291 753 1372 792 duos
1393 766 1519 794 tantum
1538 761 1664 808 priores
1686 763 1722 797 in
1743 759 1792 797 lu.

75 815 150 848 pem
171 806 365 841 emitterent.

177 880 317 918 Codices
333 884 443 931 graeci
457 883 529 919 MS.
545 882 642 918 huius
656 881 733 918 libri
749 879 818 918 sunt
833 885 869 918 in
883 882 1033 919 biblioth.
1052 883 1141 932 publ.
1157 882 1252 919 Paris.
1273 897 1321 920 nr.
1338 887 1611 924 MMCCLXVII.
1652 890 1689 925 In
1710 889 1790 927 bibi.

75 931 268 968 Coislinian.
286 932 475 970 Montfauc.
500 945 580 983 part.
596 936 635 968 11.
661 947 736 983 pag.
752 946 825 978 447.
878 937 929 970 De
950 936 1252 982 complexionibus,
1284 939 1320 971 in
1342 938 1416 973 bibl.
1433 942 1515 974 Ven.
1532 941 1572 973 D.
1588 942 1693 975 Marc.
1710 941 1785 979 cod.

74 984 267 1020 CCLXXV.
293 987 371 1031 (cat.
387 998 418 1035 p.
435 988 515 1030 134.)
540 1005 590 1012 —
615 985 755 1021 Codices
773 986 865 1020 latini
885 984 957 1021 sunt
978 988 1012 1020 in
1028 987 1103 1022 bibl.
1121 986 1208 1033 publ.
1226 985 1321 1022 Paris.
1342 1002 1392 1025 nr.
1410 991 1782 1029 MMMMMMMXV.

72 1034 109 1069 in
132 1035 349 1072 Mertonienfi
371 1040 484 1073 Oxon.
512 1049 560 1072 nr.
575 1038 796 1073 DCLXXXV.
840 1038 873 1071 in
898 1037 1068 1079 Medicea‚
1104 1039 1138 1071 in
1162 1038 1305 1074 biblioth.
1330 1039 1438 1077 eccles.
1460 1043 1601 1078 cathedr.
1624 1046 1780 1093 Wigorn.

71 1098 120 1121 nr.
139 1088 331 1124 DCCXLV.
358 1108 407 1116 —
433 1089 567 1124 Arabici
586 1086 658 1124 sunt
679 1090 713 1123 in
735 1087 880 1123 biblioth.
895 1090 982 1137 publ.
998 1086 1091 1124 Paris.
1109 1089 1283 1125 MXCVII.
1300 1104 1375 1126 cum
1394 1094 1492 1141 Greg.
1514 1093 1781 1145 Abul-Pharagii

71 1149 288 1175 commentar.
342 1141 476 1176 Arabice
498 1142 594 1175 vertit
614 1141 743 1174 Honain
764 1142 823 1175 hos
844 1140 945 1175 libros
969 1153 1044 1175 cum
1071 1140 1166 1175 titulo
1188 1140 1242 1175 Ast
1262 1140 1408 1186 hacksat,
1432 1147 1489 1192 qui
1506 1145 1610 1180 codex
1627 1147 1725 1182 exstat
1744 1150 1780 1184 in

68 1189 216 1227 biblioth.
233 1189 442 1226 Escurialens.
459 1204 509 1227 nr.
524 1192 793 1226 DCCCLXXW.
817 1201 848 1225 et
867 1192 948 1226 liber
968 1193 997 1224 II
1018 1202 1049 1226 et
1067 1193 1119 1224 111.
1145 1194 1181 1226 in
1201 1191 1269 1226 ead.
1289 1193 1439 1230 biblioth.
1454 1208 1502 1231 nr.
1515 1198 1728 1233 DCCCXLV
1747 1207 1780 1235 et

67 1242 337 1278 DCCCLXXVI.
363 1255 440 1277 cum
462 1244 548 1277 notis
569 1244 741 1287 anonymi.
768 1262 818 1269 -—·
844 1242 960 1277 Codex
975 1243 1169 1284 Hebraicus‚
1197 1255 1235 1277 ex
1256 1245 1340 1278 arab.
1365 1244 1472 1281 versus
1485 1261 1503 1281 a
1520 1249 1562 1282 R.
1583 1249 1706 1284 Clzam'n
1721 1251 1779 1284 ben

67 1293 178 1340 Istrae,
207 1293 252 1328 est
269 1296 304 1328 in
322 1294 468 1330 biblioth.
482 1290 597 1328 caesar.
616 1293 657 1329 V
654 1293 794 1329 indobon.
810 1294 963 1330 Lambec.
980 1293 1053 1328 edit.
1071 1293 1195 1329 Kollar.
1213 1295 1235 1327 l.
1250 1308 1283 1342 p.
1301 1306 1376 1340 290.
1400 1317 1452 1324 —
1476 1297 1561 1334 Edit.
1577 1302 1779 1346 graeco-lat.

66 1344 183 1381 Galeni
206 1344 247 1381 de
267 1348 532 1393 temperamentis
552 1346 625 1380 libri
641 1346 696 1380 111.
759 1343 871 1380 Eiusd.
890 1344 930 1380 de
959 1344 1119 1394 inaequali
1141 1348 1298 1394 temperie
1318 1347 1444 1384 libellus
1467 1362 1543 1385 cum
1566 1352 1778 1400 Hippocratis

63 1397 262 1436 iuramento.
311 1399 434 1433 Graece
450 1411 526 1433 cum
542 1394 620 1433 vers.
635 1396 688 1432 lat.
709 1396 770 1433 Th.
787 1398 933 1442 Linacri,
960 1410 1000 1432 ex
1017 1394 1137 1432 recens.
1154 1397 1271 1442 Sebast.
1291 1399 1491 1445 Singkheleri.
1518 1401 1609 1437 Bam.
1630 1416 1689 1451 per
1705 1404 1776 1439 Th.

63 1447 258 1491 Platterum,
285 1457 370 1494 1538.
387 1456 417 1489 8.
470 1448 594 1485 Prodiit
609 1451 806 1497 primumea
821 1447 920 1484 editio
936 1449 1124 1496 Cantabrig.
1142 1460 1222 1493 1521.
1239 1461 1270 1492 4.
1297 1449 1415 1485 deinde
1430 1451 1524 1489 Paris.
1548 1465 1624 1496 ¹523·
1642 1451 1701 1490 fol.
1724 1474 1776 1483 —·

65 1500 182 1534 Latine
193 1498 316 1547 prodiit
331 1502 446 1537 Venet.
463 1508 555 1545 1498.
573 1507 603 1541 8.
630 1499 735 1548 Lugd.
751 1508 839 1545 1588.
856 1507 885 1540 8.
918 1521 969 1528 -
1003 1499 1196 1534 versionem
1220 1501 1279 1535 le.
1297 1502 1432 1537 Linacri
1453 1506 1549 1539 etiam
1570 1514 1775 1555 receperunt,

63 1553 120 1600 qui
133 1550 248 1586 latinas
264 1564 402 1600 operum
420 1552 536 1588 Galeni
551 1552 708 1587 editiones
724 1561 886 1587 curarunt.
914 1571 964 1579 —
995 1552 1220 1587 Commentarii
1235 1554 1269 1587 in
1284 1554 1345 1587 hos
1361 1553 1460 1590 libros
1477 1556 1662 1601 multorum
1684 1556 1775 1592 sunt:

48 1602 136 1639 MS.
150 1605 406 1638 commentarius
424 1607 456 1639 in
471 1604 558 1639 hunc
571 1604 694 1640 librum
709 1605 758 1638 Io.
769 1603 898 1638 Roclmn
913 1601 958 1637 est
972 1606 1006 1638 in
1023 1603 1098 1638 bibl.
1111 1603 1198 1651 publ.
1209 1601 1303 1639 Paris.
1317 1618 1364 1639 nr.
1374 1608 1773 1645 MMMMMMMXXV.

61 1652 233 1702 Expofitio
247 1652 342 1704 super
358 1655 604 1703 complexiones
619 1654 735 1691 Galeni
758 1655 801 1691 est
815 1658 849 1690 in
863 1653 939 1689 bibl.
956 1654 1032 1690 coll.
1048 1657 1117 1690 Cai.
1136 1654 1269 1690 Gonuil.
1290 1669 1340 1691 nr.
1354 1657 1578 1695 DCCCCLX.
1605 1681 1655 1687 —
1682 1661 1775 1696 Hier.

61 1705 218 1741 Thriueri
234 1708 316 1742 noui
332 1716 362 1742 et
377 1709 495 1755 integri
512 1708 742 1743 commentarii
767 1709 801 1741 in
824 1719 940 1742 omnes
954 1706 1069 1742 Galeni
1092 1706 1194 1742 libros
1211 1705 1251 1742 de
1264 1712 1542 1758 temperamentis.
1571 1709 1674 1759 Lugd.
1691 1723 1775 1757 1547.

60 1767 108 1792 12.
137 1775 187 1785 -α
212 1759 437 1794 Aeroamaton
451 1761 482 1794 in
500 1758 573 1795 libr.
590 1760 752 1807 Hippocr.
774 1757 814 1793 de
834 1768 949 1793 natura
971 1759 1117 1793 hominis
1137 1756 1219 1793 liber
1241 1772 1334 1796 vnuS.
1389 1760 1560 1807 Ezcstathio
1575 1763 1774 1809 Quercetano

60 1817 184 1844 autore.
236 1808 344 1844 Eiusd.
358 1812 498 1845 auctoris
515 1813 548 1844 in
565 1810 683 1845 Galeni
706 1810 807 1845 libros
830 1811 884 1843 111.
907 1807 947 1844 de
964 1812 1231 1856 temperamentis
1256 1807 1391 1847 scholia.
1418 1812 1508 1848 Bafil.
1531 1820 1619 1860 1549.
1636 1821 1664 1853 8.
1678 1818 1698 1838 *²
1721 1833 1774 1842 —-

60 1859 164 1906 Gqsp.
179 1860 289 1905 Lopez
303 1861 440 1896 canario
454 1863 489 1895 in
503 1861 621 1897 Galeni
635 1860 704 1897 libr.
721 1859 762 1896 de
777 1863 1044 1909 temperamentis
1059 1863 1142 1896 noui
1154 1871 1186 1896 et
1198 1863 1320 1909 integri
1335 1866 1574 1900 commentarii.
1601 1864 1774 1913 Complut.

41 1910 146 1957 .'1565.
162 1907 224 1946 fol.
250 1931 302 1938 —
328 1911 446 1946 Franr.
465 1911 506 1946 V
504 1912 597 1960 allefii
614 1914 750 1948 Comm.
770 1915 804 1946 in
820 1913 891 1948 Gal.
907 1911 981 1947 libb.
998 1920 1056 1947 art.
1076 1911 1193 1945 medic.
1214 1910 1255 1946 de
1275 1913 1435 1963 inaequali
1450 1917 1630 1964 temperie,
1659 1917 1714 1951 ln.
1731 1915 1774 1952 de

58 1964 324 2009 temperamentis
352 1960 492 2004 librum,
522 1964 561 1996 V.
577 1965 700 2011 priores
722 1962 764 1998 de
787 1961 926 2010 fimplic.
951 1961 1127 1998 medicam.
1149 1960 1261 1998 facult.
1283 1964 1357 1999 libb.
1374 1967 1414 2000 11.
1441 1964 1481 2001 de
1503 1964 1667 2002 different.
1690 1964 1773 2003 febr.

58 2010 136 2048 libb.
154 2014 212 2049 VI.
236 2011 277 2048 de
301 2011 383 2048 locis
413 2013 606 2063 patientibus
634 2013 710 2048 libb.
739 2034 791 2040 —
831 2016 948 2050 Venet.
969 2026 1053 2059 1591.
1076 2022 1107 2055 8.
1138 2013 1261 2050 Colon.
1282 2027 1369 2062 1594.
1390 2014 1451 2052 sol.
1483 2031 1583 2067 opera
1612 2019 1661 2053 Io.
1676 2018 1770 2057 Petr.

58 2063 213 2111 Ayroldi.
237 2062 391 2100 Francos.
408 2068 495 2108 1645.
511 2062 572 2100 sol.
598 2065 716 2100 Leonh.
732 2066 856 2115 Fuclfii
877 2075 1058 2101 comment.
1079 2064 1204 2114 prodiit
1223 2079 1299 2102 cum
1321 2078 1502 2104 comment.
1525 2071 1560 2105 in
1582 2068 1652 2104 libr.
1669 2071 1709 2104 11.
1727 2069 1770 2105 de

58 2112 219 2151 different.
246 2113 398 2152 febrium.
436 2113 532 2151 Paris.
559 2128 640 2163 1554.
664 2114 723 2151 fol.
739 2120 757 2139 *
788 2137 841 2144 -—·
871 2117 984 2152 Felicis
1000 2115 1214 2153 Acorambom'
1236 2127 1267 2153 et
1291 2119 1357 2154 Iac.
1371 2120 1508 2167 Segarta
1529 2122 1770 2157 commentarii.

47 2165 186 2202 'Valent
201 2169 291 2214 1596.
309 2165 371 2202 fol.
398 2174 486 2214 1598.
500 2164 563 2203 fol.
589 2186 641 2194 --
667 2167 774 2203 Exstat
792 2170 890 2204 etiam
906 2171 1050 2217 epitome
1069 2170 1190 2204 horum
1209 2167 1388 2214 librorum,
1413 2185 1432 2207 a
1448 2173 1497 2208 Io.
1514 2173 1770 2222 Memfim-cong

59 2215 136 2253 dita.
184 2220 235 2254 10.
250 2219 339 2266 Bapt.
356 2220 539 2254 Montanus
563 2216 715 2255 condidit.
729 2221 941 2267 periocham,
968 2219 1100 2265 Syluius
1122 2217 1290 2269 isagogen.

159 2314 208 2338 ιο.
233 2304 313 2352 Περὶ
327 2300 485 2352 μελαίνης
499 2306 621 2352 χολῆς.
674 2305 729 2340 De
749 2290 824 2341 aira
845 2307 903 2340 bile
923 2307 1010 2342 liber.
1060 2305 1115 2342 Est
1136 2307 1170 2341 in
1189 2319 1304 2355 graeca
1323 2306 1443 2344 Aldina
1466 2318 1547 2358 part.
1563 2310 1617 2344 111.
1639 2306 1701 2344 fol.
1716 2305 1770 2352 8ςῖ

61 2354 96 2388 in
123 2366 236 2400 graeca
263 2355 354 2392 Bam.
375 2366 456 2404 part.
474 2360 528 2392 111.
552 2370 626 2404 pag.
641 2368 708 2401 357.
736 2360 771 2392 in
791 2357 864 2393 edit.
889 2358 1036 2392 Charter.
1067 2368 1150 2394 tom.
1169 2360 1222 2392 111.
1251 2372 1322 2408 pag.
1341 2363 1405 2405 165.
1435 2375 1465 2394 in
1488 2358 1621 2408 septima
1644 2362 1766 2395 luntar.

57 2401 149 2455 glast}
166 2406 191 2442 1.
211 2403 347 2452 f01.34.,
391 2406 1123 2497 D⁰P10⁸.h¹³³¹²0¹³⁸.0i¹²⁸.0³³g0g¹¹edg³12⁵<1112
1140 2407 1381 2457 demonstratur
1397 2410 1553 2460 ira-libro,
1578 2411 1766 2500 quemleiilas-
