2049 2720
409 159 474 197 ET
507 158 686 211 QVIDEM
716 159 1045 203 GENVINORVM,
1087 161 1308 199 RECENSIO
1360 163 1551 199 Lih.1V.c.
1566 160 1678 198 XIX.
1727 172 1790 206 ,423

72 259 160 295 funt.
213 257 303 305 Qae
319 269 367 292 res
385 269 519 299 omnes,
547 269 609 291 vna
625 269 700 292 cum
717 257 891 290 ratiociniis
908 254 947 290 de
962 253 1277 292 medicamentorum
1293 260 1419 300 virtute,
1436 260 1615 305 generatim
1634 255 1787 304 speciata,

70 318 282 357 exponuntur
304 311 335 342 in
361 308 448 343 libris
473 309 634 357 prioribus
658 321 757 356 vsque
778 307 817 342 ad
841 305 985 349 sextum,
1019 310 1053 342 in
1073 320 1139 356 quo
1161 306 1330 357 scriptores
1355 319 1605 350 enumerantur,
1631 310 1683 356 qui
1709 317 1783 342 ante

72 361 235 396 Galenum
256 359 295 394 de
317 359 561 395 medicamentis
585 357 785 408 scripserunt.
837 357 1158 394 Medicamentorum
1179 359 1373 408 simplicium
1391 363 1522 396 virtutes
1543 359 1661 395 deinde
1679 357 1717 393 ad
1736 358 1784 392 lit-

72 422 214 448 terarum
243 410 411 453 ordinem,
446 413 500 460 qui
525 413 642 459 cuique
668 409 805 459 simplici
833 409 1076 445 medicamento
1104 416 1281 460 competit,
1321 421 1564 448 enumerantur.
1627 410 1786 446 Meminit

72 465 194 499 horum
211 463 368 498 librorum
388 463 531 498 Galenus
547 465 581 498 in
599 475 670 510 cap.
685 474 733 506 37.
755 465 827 497 artis
844 462 1008 504 medicae,
1033 472 1213 511 monetque
1232 463 1341 502 timul,
1362 466 1425 499 hos
1441 464 1539 499 libros
1557 462 1693 509 intelligi
1713 472 1784 496 non

71 513 182 563 posse,
204 513 262 549 nisi
284 515 322 549 ab
343 528 401 555 eo,
429 517 482 563 qui
499 512 538 549 de
556 516 818 562 temperamentis
835 513 954 548 librum
973 515 1124 560 tertium,
1151 516 1182 548 in
1202 527 1268 562 quo
1291 524 1547 564 temperamenta
1565 512 1786 549 medicamen·

71 575 183 601 torum
203 576 429 613 exponuntur,
458 567 545 613 prius
559 565 683 613 legerit.
711 585 760 593 —
787 564 926 600 Codices
937 568 1045 613 graeci
1059 563 1129 600 sunt
1150 567 1182 600 in
1203 566 1275 602 bibl.
1290 567 1378 615 publ.
1393 564 1487 601 Paris.
1503 579 1552 601 nr.
1566 564 1783 600 MMCLVH.

69 618 266 655 MMCLIX.
283 617 465 652 MMCLX.
482 618 689 652 MMCLXX.
723 616 838 651 Galem'
861 614 976 665 scripta
1004 615 1045 651 de
1065 616 1264 664 simplicium
1286 617 1606 653 medicamentorum
1626 614 1786 650 facultati·

70 668 126 704 bus
141 667 262 704 exstant
277 680 392 716 graece
406 670 440 703 in
454 666 528 703 bibl.
544 667 637 704 acad.
651 667 756 716 Lugd.
773 670 841 703 Bar.
861 667 966 703 codex
988 677 1058 703 erat
1077 668 1159 703 olim
1181 669 1240 704 Th.
1258 671 1404 709 Liuacrz',
1431 681 1514 704 mox
1532 666 1693 702 Vulcanii.
1721 663 1786 701 vid.

69 719 162 756 catal.
184 722 251 756 eius
275 719 350 756 bibl.
375 733 448 768 pag.
461 731 533 763 334.
585 720 670 754 Libri
689 721 729 754 V.
743 722 866 768 priores
887 719 1009 754 exstant
1026 731 1139 766 grance
1157 722 1190 754 in
1211 721 1284 756 bibl.
1303 721 1390 768 publ.
1407 717 1502 755 Paris.
1523 732 1571 753 nr.
1586 717 1785 754 MMCLVI.

7 804 12 810 .
66 772 300 809 MMCLViii.
354 772 431 807 Duo
454 780 579 806 tantum
602 771 675 806 libri
695 769 767 806 sunt
786 774 821 806 in
839 771 953 808 eadem
974 770 1119 807 biblioth.
1142 784 1190 806 nr.
1208 773 1498 808 MMCCLXXIX.
1515 767 1789 807 MMCCLXXX.

69 822 194 859 Omnes
217 825 251 859 hi
271 821 400 858 codices
421 837 439 858 a
462 825 642 858 recentiore
664 835 765 858 manu
785 820 860 857 sunt
881 826 1012 859 exarati.
1065 823 1199 863 Graece,
1225 823 1280 860 sed
1302 825 1421 866 mutili,
1446 822 1568 858 exstant
1585 825 1618 856 in
1636 819 1785 855 biblioth.

67 873 268 921 Augustam.
322 874 410 908 Libri
427 875 480 910 Vi.
499 876 568 909 VH.
586 876 673 910 viii.
694 875 749 910 IX.
774 877 807 909 in
823 876 993 923 epitomen
1009 873 1244 922 alphabeticam
1263 875 1403 917 redacti,
1429 873 1502 910 sunt
1518 877 1550 908 in
1568 872 1642 908 bibl.
1659 867 1789 906 Caesar.

69 925 214 962 Vindob.
234 925 273 960 de
288 924 394 960 Neffel
417 935 494 972 part.
513 927 568 959 ΙΙΙ.
583 939 631 960 nr.
648 938 691 969 25.
710 939 784 973 pag.
801 938 847 969 35.
875 925 956 960 liber
973 928 1027 960 Vi.
1046 928 1138 962 initio
1155 926 1312 967 mutilus,
1338 926 1394 962 lib.
1405 923 1482 961 Vll.
1497 926 1585 960 Vlii.
1602 925 1655 959 ix.
1671 924 1708 958 X.
1728 921 1786 958 XI.

67 976 166 1012 exstat
185 988 293 1025 graece
313 978 346 1011 in
370 976 446 1011 bibl.
468 976 603 1013 Vindob.
627 990 675 1011 nr.
691 988 738 1021 35.
773 976 813 1012 de
835 974 944 1012 Neffel
965 985 1047 1024 part.
1063 978 1117 1012 ΙΙΙ.
1137 991 1214 1026 pag.
1229 981 1282 1022 46.
1309 978 1364 1013 lib.
1382 979 1436 1012 VI.
1453 978 1558 1012 Vliet
1571 976 1661 1011 VIII.
1682 972 1726 1009 est
1748 974 1784 1009 in

65 1028 142 1064 bibl.
159 1028 302 1064 Vindob.
318 1041 367 1064 nr.
384 1035 437 1071 48.
459 1026 498 1063 de
513 1025 623 1063 Neffel
639 1037 720 1076 part.
737 1029 792 1063 iii.
817 1040 891 1076 pag.
909 1039 952 1072 53.
1004 1030 1164 1076 Excerpta
1185 1042 1226 1065 ex
1248 1032 1286 1064 iis
1306 1028 1430 1065 exstant
1447 1041 1563 1077 graece
1584 1030 1617 1062 in
1633 1024 1783 1061 biblioth.

66 1079 258 1116 Coislinian.
283 1078 470 1115 Montfauc.
493 1089 571 1127 part.
587 1080 625 1113 11.
650 1092 724 1128 pag.
739 1087 814 1122 448.
843 1077 949 1114 codex
972 1092 1106 1127 graecus
1127 1080 1198 1115 XV.
1216 1078 1296 1116 saec.
1319 1081 1364 1116 est
1385 1084 1420 1116 in
1441 1081 1587 1115 biblioth.
1609 1080 1651 1113 D.
1665 1078 1783 1114 Marci.

70 1131 113 1167 V
110 1139 188 1167 met.
220 1153 272 1159 —
304 1131 443 1168 Codices
463 1132 554 1165 latini
577 1130 698 1165 exstant
721 1132 755 1165 in
780 1130 856 1166 bibl.
880 1132 955 1166 Diu.
972 1132 1079 1166 Marc.
1104 1131 1142 1165 V
1142 1139 1220 1167 emt.
1257 1133 1344 1168 Libri
1361 1134 1416 1168 VI.
1440 1131 1633 1181 posteriores
1653 1125 1726 1163 sunt
1749 1129 1784 1164 ia

66 1183 143 1218 bibl.
167 1184 254 1231 publ.
279 1183 387 1228 Paris.
412 1194 459 1217 nr.
475 1182 954 1217 MMMMMMDCCCLXV.
989 1182 1075 1217 Libri
1094 1184 1134 1216 V.
1161 1181 1201 1217 de
1224 1184 1395 1219 virtutibus
1417 1182 1686 1219 medicamentor.
1709 1177 1784 1214 {im-

63 1235 143 1285 plic.
168 1233 242 1270 sunt
263 1236 295 1268 in
317 1233 467 1269 biblioth.
493 1232 612 1280 colleg.
627 1233 816 1279 Mertonensl
840 1234 949 1267 Oxon.
969 1245 1016 1267 nr.
1032 1233 1254 1272 DCLXXXV.
1280 1254 1330 1262 --
1358 1235 1399 1270 V
1397 1236 1527 1284 testones
1546 1236 1667 1268 horum
1686 1230 1788 1265 libro.

64 1299 139 1322 rum
165 1285 242 1321 duas
266 1285 385 1320 habent
400 1283 524 1319 Arabes
543 1283 715 1319 Herbelot.
741 1296 816 1332 pag.
838 1287 909 1328 963.
944 1284 1036 1330 Isaac
1052 1285 1127 1318 Elm
1141 1285 1272 1319 Honein
1296 1288 1443 1332 epitome
1463 1285 1582 1321 Galeni
1602 1282 1641 1319 de
1661 1280 1785 1329 simpli-

64 1339 152 1374 cibus
173 1337 272 1373 exstat
297 1340 330 1371 in
353 1335 427 1372 bibl.
452 1338 677 1384 Huntington.
700 1334 792 1371 catal.
811 1336 911 1370 MSS.
933 1335 1031 1383 Angl.
1055 1348 1104 1370 nr.
1120 1336 1508 1375 MMMMMMCCVH.
1560 1335 1678 1373 Codex
1696 1335 1785 1368 Ara·

54 1391 146 1436 ‘binus
161 1402 200 1425 ex
216 1385 294 1424 vers.
312 1390 448 1424 Honain
463 1387 571 1423 libror.
589 1388 753 1423 VI—-XI,
780 1387 823 1422 est
840 1386 926 1435 apud
942 1386 1042 1423 Cafiri
1058 1400 1106 1422 nr.
1120 1387 1289 1423 DCCXC.
1316 1390 1404 1424 Libri·
1419 1401 1535 1425 omnes
1548 1389 1602 1423 xi.
1626 1391 1782 1433 interpre-

40 1468 42 1470 -
63 1451 95 1478 te
113 1443 244 1476 Honain
264 1440 366 1489 Casiri
384 1453 431 1474 nr.
446 1439 714 1474 DCCLXXXIX.
750 1439 834 1474 Libri
851 1440 988 1473 V—X.
1010 1438 1086 1475 ibid.
1104 1452 1153 1474 nr.
1171 1441 1319 1476 DCCCL
1346 1443 1413 1477 Lib.
1430 1443 1455 1476 I.
1475 1453 1524 1475 nr.
1539 1436 1781 1475 DCCXLVHI.

60 1514 114 1522 —-
140 1494 250 1528 Latine
271 1491 462 1541 prodierunt
481 1493 509 1526 I.
524 1491 673 1527 Gerardo
691 1490 850 1526 Goudmio
866 1492 1061 1539 interprete,
1087 1503 1165 1526 cum
1177 1491 1252 1527 libr.
1265 1491 1305 1528 de
1319 1502 1384 1528 nat.
1404 1491 1468 1529 sac.
1484 1489 1665 1528 substantia.
1688 1484 1781 1524 Pari-s.

62 1555 148 1591 1530.
164 1541 225 1579 fol.
248 1565 299 1572 --
329 1554 412 1589 1543.
433 1550 463 1582 8.
477 1546 497 1565 *
522 1542 726 1591 Lugd.1547.
742 1555 785 1577 12.
805 1547 823 1566 ss
849 1541 951 1590 Lugd.
969 1554 1047 1585 1552.
1065 1555 1108 1577 12.
1124 1546 1141 1565 ²*
1192 1547 1268 1579 Ace.
1293 1543 1332 1579 de
1353 1542 1462 1581 facult.
1482 1542 1619 1584 natural.
1641 1538 1785 1576 substan·

65 1598 110 1632 tia
127 1595 206 1631 liber
223 1597 272 1630 Io.
287 1596 461 1630 Gainterio
479 1597 610 1643 interpr.
637 1594 743 1642 Lugd.
763 1605 838 1639 1551.
854 1605 899 1629 12.
917 1597 935 1616 *
960 1604 991 1629 et
1006 1605 1086 1639 1552.
1107 1606 1148 1629 12.
1165 1595 1184 1615 *
1212 1598 1346 1643 Argent.
1363 1599 1446 1642 1561.
1463 1603 1493 1636 8.
1517 1615 1570 1622 —--
1596 1589 1714 1628 Glzllice
1732 1601 1783 1626 to-

62 1658 132 1683 tum
152 1660 235 1696 opus
257 1644 382 1682 vertisse
399 1646 517 1681 dicitur
532 1648 642 1682 Hcrve
657 1646 816 1686 Favwd,
840 1658 917 1681 cum
939 1645 1203 1681 annotationibus
1226 1646 1372 1691 Fuchfii,
1399 1647 1526 1692 Syluii,
1553 1644 1707 1680 aliorum.
1732 1643 1782 1677 Li·

61 1711 175 1747 moges
194 1702 227 1734 in
242 1705 274 1738 8.
298 1720 349 1726 —
377 1699 492 1734 Leonb.
510 1699 636 1746 Fuclzsti
652 1706 870 1732 commentar.
885 1697 1077 1745 prodierunt
1093 1695 1182 1732 Paris
1200 1710 1280 1744 1554.
1296 1697 1356 1734 fol.
1385 1720 1435 1726 —
1460 1700 1519 1734 Fr.
1539 1698 1667 1746 Vallesii
1689 1707 1782 1730 com-

61 1760 162 1788 ment.
179 1753 214 1786 in
229 1749 345 1788 Galeni
358 1749 472 1792 libros,
481 1747 544 1784 scil.
560 1760 663 1784 artem
682 1747 935 1791 medicinalcnu
952 1748 992 1784 de
1008 1748 1171 1798 inaequali
1186 1751 1379 1798 intemperie
1392 1750 1561 1794 libellum;
1576 1750 1630 1784 111.
1647 1747 1686 1783 de
1699 1756 1784 1782 tem·

60 1805 256 1851 peramentis
270 1801 413 1844 librum3
428 1803 471 1836 V.
481 1804 603 1849 priores
620 1801 659 1836 de
674 1799 872 1849 simplicium
888 1799 1210 1839 medicamentorum
1228 1799 1381 1837 facultate
1403 1802 1524 1843 libros3
1543 1801 1582 1836 de
1599 1797 1781 1835 differentia

60 1851 203 1890 febrium
219 1853 338 1897 hbros3
356 1855 413 1888 Vi.
429 1852 470 1887 de
488 1852 567 1888 locis
583 1853 775 1901 patientibus
788 1852 889 1887 libros
908 1862 966 1887 cet.
991 1854 1101 1901 Opera
1119 1854 1166 1886 10.
1180 1853 1259 1886 Petr.
1276 1853 1430 1896 Ayroldi.
1446 1853 1570 1888 Colon.
1591 1863 1677 1896 1594.
1691 1847 1782 1885 foi*

57 1903 212 1941 Prodiere
228 1914 321 1938 antea
336 1902 488 1939 Francos.
509 1906 595 1948 1645.
611 1902 674 1938 sol.
695 1923 746 1930 -—
773 1904 891 1937 Melcli.
904 1905 995 1938 Sebiz
1012 1906 1054 1938 V.
1071 1906 1194 1951 priores
1208 1902 1283 1937 libri
1299 1902 1416 1939 Galeni
1431 1903 1471 1939 de
1494 1901 1694 1954 simplicium
1709 1912 1782 1936 me·

59 1954 322 1991 dicamemorum
342 1952 548 1989 facultatibus
572 1956 604 1990 in
621 1955 706 1988 XVI.
721 1950 954 2000 disputationes
974 1952 1114 1989 resoluti.
1142 1957 1278 2001 Argent.
1295 1960 1390 1998 1647>
1402 1963 1430 1998 8.
1450 1956 1467 1976 ¹*
1493 1957 1574 2000 1653.
1592 1966 1624 1998 4.
1647 1973 1698 1982 --
1724 1953 1780 1987 Io-

58 2008 188 2044 Danzii
200 2006 326 2042 tabulae
342 2005 538 2053 simplicium
554 2005 889 2045 medicamentorum.
903 2019 984 2053 quae
996 2004 1082 2054 apud
1099 2004 1348 2048 Dioscoridem,
1373 2007 1558 2049 Galennm‚
1583 2015 1613 2042 et
1633 2004 1779 2042 Plinium

58 2060 281 2095 inueniuntur.
312 2055 405 2093 Bafii.
421 2070 501 2103 1543,
515 2056 575 2095 fol.
591 2062 610 2081 'ss
636 2078 687 2085 —
714 2058 892 2106 Epitomen
915 2060 950 2093 in
971 2058 1034 2092 hos
1054 2057 1129 2093 libr.
1148 2054 1268 2107 scripsit
1287 2058 1374 2094 Guil.
1389 2060 1570 2097 Bellonim.

158 2173 209 2208 5ο.
235 2162 350 2209 Τέχνη
372 2160 516 2212 ἰατρική.
569 2161 642 2196 Ars
661 2162 786 2196 medica.
838 2160 951 2196 Exstat
974 2162 1007 2196 in
1027 2158 1105 2197 edit.
1122 2159 1233 2197 Ald'fn.
1256 2169 1339 2211 part.
1358 2164 1413 2199 m.
1436 2159 1579 2208 f01.147.¹
1603 2165 1636 2198 in
1657 2162 1774 2210 graeca?

57 2213 148 2249 Bafil.
163 2223 245 2262 part.
265 2214 318 2248 111.
336 2226 409 2262 pag.
427 2226 495 2257 47¹·
523 2216 556 2248 in
573 2213 648 2248 edit.
663 2214 823 2248 Charterii
845 2222 927 2248 tom.
942 2213 980 2247 ii.
1002 2226 1080 2260 pag.
1096 2218 1174 2258 196..
1199 2217 1232 2249 in
1256 2213 1392 2261 septima
1417 2215 1635 2253 ioman-edit,
1656 2216 1691 2255 in
1713 2209 1774 2246 isa·

58 2267 184 2314 gogicis
201 2262 260 2300 sol.
276 2268 322 2301 61..
375 2265 509 2300 Librum
530 2266 764 2305 Microtecbni,
794 2266 995 2311 microtegm',
1024 2268 1112 2312 tegni
1137 2265 1266 2301 Galloni
1287 2277 1445 2303 vocarunt
1468 2268 1619 2303 arabissae
1639 2277 1677 2300 ac
1700 2263 1775 2299 lati*

56 2316 272 2354 rio-barbari,
303 2328 446 2366 eumque
469 2315 538 2352 fere
562 2319 592 2351 in
618 2327 680 2351 tres
706 2326 831 2364 partes,
859 2316 926 2351 iiue
946 2317 1068 2358 libros,
1097 2315 1287 2353 diuiserunt.
1357 2319 1412 2355 Est
1433 2322 1457 2354 is
1479 2322 1510 2355 in
1534 2319 1649 2354 Galerii
1669 2318 1774 2357 libius..

59 2380 158 2416 quem
175 2377 264 2415 grata
280 2381 355 2416 erga
372 2378 496 2403 tantum
512 2371 616 2404 virum
632 2367 799 2417 posteritas
815 2368 996 2403 aestimauit
1012 2368 1114 2416 longe
1129 2372 1286 2412 maximi,
1313 2383 1410 2418 quem
1428 2383 1542 2405 omnes
1562 2368 1693 2406 scholae
1714 2384 1772 2406 εκ,

57 2418 237 2467 plicabatur,
262 2432 362 2468 quern
386 2419 506 2457 medici
527 2419 644 2467 diurn}
667 2421 892 2470 noeturnaque
916 2433 1017 2470 mgmu
1041 2418 1227 2465 versabant,
1251 2434 1349 2472 quem
1369 2421 1483 2473 legisse·
1501 2421 1675 2464 debebant,
1708 2436 1773 2459 ceui

1640 2474 1768 2518 librum
