2049 2720
564 147 743 184 IOSEPHI
777 143 1026 184 EDITIONES
1059 144 1270 182 GRAECAE
1371 144 1562 183 Lib.1Vc.
1579 145 1694 184 VIII.
1746 160 1782 192 33

63 246 129 286 ria,
153 241 249 292 quale
263 241 308 278 est
322 240 403 277 illud
420 239 559 277 lenensis
575 242 650 277 bibl.
665 240 754 277 acad.
777 254 900 276 annum
918 243 1001 287 1635.
1025 253 1102 288 prae
1119 238 1148 275 se
1164 238 1284 276 ferunt.
1337 241 1537 290 Neutiquam
1554 252 1662 277 autem
1681 241 1781 278 aliam

63 297 148 331 hanc
165 309 183 330 a
199 296 302 344 priori
325 293 501 329 editionem
524 292 605 336 effe,
630 292 847 342 suspicantur,
875 295 932 342 qui
955 294 1116 341 Vtriusque
1135 294 1214 327 anni
1237 291 1437 340 exemplaria
1455 293 1664 328 contulerunt
1678 292 1718 328 ad
1734 297 1780 329 in-

63 348 178 382 vicem.
205 367 254 373 —
284 351 369 391 1691.
399 343 452 380 sub
473 344 638 380 Coloniae
660 344 727 381 scil.
747 347 901 386 nomine,
935 346 1056 394 Lipsiae
1075 346 1248 379 Mauritius
1271 345 1433 392 Georgius
1457 345 1694 379 Weidmannus
1721 343 1780 381 suis

63 401 148 446 typis
164 397 262 433 edidit
281 396 474 447 losephum,
499 396 555 432 diu
574 397 807 438 desideratum,
833 397 1106 447 graecolatinum,
1132 393 1194 431 fol.
1223 395 1382 444 alphabet.
1400 407 1447 439 14.
1476 395 1620 431 Editioni
1642 396 1782 445 praefuit

72 450 210 484 Thomas
226 452 377 499 Iltigius,
406 451 462 498 qui
477 447 686 483 eruditiffima
703 450 924 497 praemittebat
938 447 979 482 de
995 445 1125 496 Iosephi
1140 448 1302 496 operibus,
1328 450 1515 496 horumque
1529 449 1624 483 MSS.
1643 447 1736 484 codd.
1753 459 1784 484 et

13 518 16 519 ⁷
62 499 276 543 editionibus,
303 501 550 548 prolegomena.
603 502 791 540 Fabricius,
818 502 916 549 Ittigii
940 496 1141 548 discipulus,
1168 509 1198 533 et
1222 501 1255 534 in
1276 497 1404 534 edendo
1426 496 1566 547 losepho
1592 510 1660 534 tum
1682 501 1782 535 colla-

63 553 196 599 borator
215 555 306 587 huius
331 551 481 587 editionis
504 551 672 587 historiam
698 550 741 587 fic
766 563 892 587 narrat:
930 549 1189 600 „Repraesentat
1208 552 1252 585 ita
1274 549 1453 585 editionem
1477 549 1722 594 Geneuensem,
1749 562 1783 587 vt

61 606 202 654 paginae
224 607 291 638 eius
313 602 455 639 seruatae
476 602 554 648 fint,
584 602 638 638 sed
662 617 789 640 errores
811 604 904 638 multi
928 603 1089 651 castigati,
1121 605 1313 650 praecipuae
1338 604 1372 636 in
1394 602 1481 637 libris
1506 602 1545 637 de
1565 604 1598 639 B.
1620 605 1641 637 Ι.
1695 604 1782 638 Dein

61 666 189 703 praeter
202 654 330 690 laudata
346 657 440 703 litigii
461 656 699 703 prolegomena
721 654 854 704 copiosa
869 653 1005 698 acceffit‚
1029 669 1083 690 me
1098 664 1241 692 curante,
1265 663 1343 689 tunc
1364 652 1547 689 admodum
1568 656 1701 697 iuuene,
1728 654 1782 690 ad-

61 707 202 755 pendix‚
229 709 262 741 in
286 721 349 755 qua
369 707 486 742 lectori
509 709 700 742 exhibentur
720 707 862 752 Aristeae
878 708 957 742 liber
974 707 1014 741 de
1029 708 1126 742 LXX.
1143 708 1257 753 interp.
1281 719 1356 740 cum
1373 704 1520 741 verfione
1540 707 1686 741 Mathiac
1705 708 1783 741 Gar-

61 758 147 800 bitti,
181 769 211 794 et
231 761 326 794 variis
351 759 564 799 lectionibus,
599 763 745 806 meisque
766 759 805 793 ad
830 756 955 806 losephi
977 760 1046 797 XII,
1068 761 1167 806 antiq.
1191 758 1261 793 libr.
1283 770 1355 805 cap.
1374 770 1401 792 2.
1429 770 1496 805 quo
1521 755 1686 793 summam
1708 759 1783 793 libri

63 808 205 846 Aristeae
226 808 342 853 refert,
369 811 518 846 breuibus
539 814 634 848 notis,
686 811 858 846 Librorum
875 810 914 845 de
929 812 963 844 B.
983 812 1005 844 1.
1024 820 1055 845 et
1069 809 1109 845 de
1127 809 1278 844 Maccab.
1298 811 1403 843 variae
1418 808 1607 852 leelionesle
1621 808 1693 845 cod.
1709 811 1781 845 MS.

41 874 181 910 -graeco
205 875 275 897 non
298 861 559 897 contemnendae
582 872 699 909 notae,
723 865 777 911 qui
802 860 947 897 seruatur
964 860 1087 909 Lipfiae
1111 864 1144 895 in
1164 860 1238 895 bibl.
1261 860 1409 903 Paulina,
1436 876 1455 896 a
1470 863 1495 897 I.
1512 863 1553 897 F.
1570 861 1699 895 Fallero
1714 860 1782 897 col-

36 919 41 921 ’
60 913 183 949 lectae?
227 913 338 949 Libelli
354 912 394 948 de
409 915 559 949 Maccab.
581 913 684 949 verfio
709 914 807 949 latina
826 915 960 949 auetore
984 915 1018 949 F.
1037 911 1241 948 Combefifio
1264 925 1340 948 cum
1365 911 1509 947 eiusdem
1530 911 1782 948 animaduersio-

61 965 174 1007 nibus,
201 979 238 999 ac
257 964 398 1013 denique
417 963 640 1013 fragmentum
662 979 701 1000 ex
722 966 812 1001 libris
835 981 912 1016 περι
936 981 1072 1004 παυς-ος
1094 962 1149 999 sub
1165 962 1293 1012 Iosephi
1316 966 1452 999 nomine
1474 964 1513 999 ab
1533 962 1730 999 Hoeschelio
1749 966 1782 998 in

61 1019 148 1052 notis
175 1015 216 1051 ad
241 1018 392 1051 Photium
414 1019 601 1065 vulgatum,
628 1030 705 1052 eum
728 1016 874 1052 versione
893 1016 993 1050 latina
1014 1017 1167 1063 Stephani
1187 1016 1217 1050 le
1240 1017 1408 1059 Moyne.“

163 1093 259 1127 Liber
278 1091 318 1127 de
341 1092 543 1127 Maccabaeis
565 1092 616 1127 vel
639 1106 714 1127 cum
737 1095 767 1127 S.
785 1094 813 1126 S.
838 1093 954 1134 bibliis,
981 1092 1032 1127 vel
1048 1090 1180 1127 seorfim
1199 1089 1260 1125 fuit
1275 1092 1335 1125 hac
1358 1100 1460 1125 aetate
1477 1089 1590 1128 editus.
1620 1111 1668 1119 —-
1695 1095 1780 1137 1526.

61 1146 97 1178 in
118 1142 262 1179 editione
278 1146 308 1178 S.
326 1145 356 1179 S.
371 1143 445 1178 bibl.
461 1140 703 1193 Argentinmifi,
730 1146 817 1190 typis
834 1143 1014 1177 W'olflanis
1030 1157 1047 1176 a
1067 1145 1221 1177 Lonicero
1237 1152 1427 1190 procurata,
1454 1143 1505 1176 vbi
1522 1146 1616 1178 tertio
1634 1145 1789 1186 Maccab.

61 1194 146 1230 libro
161 1193 300 1230 adiectus
317 1193 360 1229 est
376 1197 540 1243 primum,
568 1194 655 1243 quod
675 1192 852 1242 irreligiose
868 1192 993 1229 saelum
1010 1191 1090 1235 effe,
1117 1195 1273 1228 Morinus
1295 1195 1420 1240 arguit,
1448 1205 1552 1227 exerc.
1569 1193 1641 1229 bibl.
1659 1195 1743 1229 libro
1759 1195 1783 1231 Ι.

63 1249 187 1281 exercit.
202 1259 232 1291 9.
249 1259 318 1294 cap.
339 1259 362 1280 1.
389 1246 440 1280 vbi
457 1245 563 1292 plures
581 1245 754 1280 bibliorum
774 1259 882 1294 graec.
899 1245 1056 1280 editiones
1076 1242 1230 1286 recenset,
1257 1246 1289 1278 in
1305 1244 1418 1292 quibus
1437 1241 1562 1293 losephi
1579 1244 1619 1279 de
1634 1246 1781 1280 Maccab.

62 1298 142 1333 liber
165 1299 376 1346 apocryphus
401 1294 534 1332 insertus
556 1296 694 1345 legitur,
722 1310 842 1346 nempe
863 1296 942 1332 duas
964 1297 1170 1345 Bqfilemzfis,
1197 1309 1335 1344 quarum
1362 1309 1424 1330 vna
1447 1307 1534 1339 1540.
1562 1309 1601 1331 ex
1626 1297 1781 1343 Heruagii

64 1349 210 1389 officina.
234 1349 332 1384 altera
347 1361 433 1393 1550.
451 1350 535 1397 typis
553 1349 680 1384 Nicolai
698 1349 880 1396 Brylingeri
898 1347 1040 1398 prodiit,
1069 1358 1098 1382 et
1114 1347 1519 1393 Franctfiu'tenfim'1597.
1543 1349 1628 1396 typis
1642 1350 1782 1383 VVeclte.

62 1400 156 1435 lianis
181 1400 322 1445 editam3
346 1402 460 1448 quibus
483 1399 555 1434 addi
579 1400 682 1448 potest
705 1401 805 1436 editio
826 1401 1098 1448 apocryphorum
1124 1399 1346 1447 graecolatina
1366 1399 1506 1447 Bastleae
1530 1406 1614 1444 1583.
1642 1410 1673 1434 et
1695 1397 1782 1435 forte

63 1452 170 1502 plures
193 1452 283 1487 aliae.
337 1449 438 1487 Conf.
457 1450 738 1493 Montefalconius
759 1455 792 1487 in
812 1452 886 1487 bibl.
901 1451 1103 1487 Coisliniana
1122 1464 1193 1498 pag.
1211 1463 1264 1493 40.
1280 1454 1331 1486 62.
1363 1475 1403 1481 -
1431 1453 1519 1492 1672.
1547 1465 1564 1484 a
1582 1453 1638 1485 Fr.
1655 1451 1782 1486 Combe-

57 1502 151 1551 fifio.
173 1505 206 1538 in
223 1501 398 1538 nouissimo
415 1502 492 1539 bibl.
509 1506 540 1542 P.
558 1505 589 1538 P.
604 1504 750 1539 auctario
767 1517 882 1552 graece
896 1513 927 1538 et
941 1503 1038 1538 latine
1055 1504 1205 1550 Pariſsis,
1228 1499 1289 1536 fol.
1315 1503 1445 1536 nouiter
1469 1501 1645 1543 latinitate,
1669 1511 1701 1536 et
1722 1515 1781 1537 no-

65 1557 105 1589 tis
123 1553 272 1589 donatus.
324 1557 353 1590 Is
375 1553 454 1589 dum
475 1556 515 1589 ita
536 1552 566 1590 se
586 1567 699 1590 contra
719 1558 891 1590 Erasmum
917 1558 1015 1602 gerit,
1043 1552 1131 1602 quafi
1156 1567 1256 1589 nemo
1280 1555 1367 1587 hunc
1389 1550 1517 1599 losephi
1539 1552 1686 1587 libellum
1710 1563 1784 1589 ante

64 1603 96 1641 se
118 1609 159 1640 ita
180 1609 402 1654 interpretatus
425 1603 538 1652 fuerit,
577 1616 610 1641 vt
629 1606 730 1642 latina
750 1610 869 1655 graecis
892 1604 1126 1655 respondeant,
1166 1602 1328 1652 ignorass'e
1350 1603 1495 1643 videtur7
1535 1603 1623 1652 quod
1648 1607 1679 1639 in
1701 1618 1783 1640 non-

23 1652 27 1655 ·
66 1657 163 1692 nullis
183 1658 289 1692 latinis
312 1656 438 1704 losephi
459 1656 671 1698 editionibus,
696 1672 815 1707 nempe
839 1660 868 1692 in
891 1658 980 1693 ssafil.
1000 1661 1084 1703 1567.
1111 1659 1142 1692 in
1161 1657 1285 1692 Colon.
1303 1669 1384 1701 1593.
1401 1668 1430 1689 et
1446 1656 1534 1695 alin,
1562 1669 1629 1690 uon
1655 1659 1782 1691 Erasmi

65 1708 284 1759 paraphtafis,
313 1707 362 1744 sed
386 1709 449 1743 alia
471 1707 580 1745 neseio
604 1713 693 1745 cuius
718 1713 899 1758 interpretis
925 1708 1027 1744 verfio
1053 1709 1200 1756 legatur,
1230 1722 1312 1757 quae
1339 1708 1415 1742 teste
1436 1709 1546 1754 Ittigio
1568 1706 1607 1741 ad
1629 1721 1785 1755 graecum

65 1771 192 1796 textum
214 1762 348 1809 propius
370 1759 500 1795 accedit.
527 1781 578 1786 —
607 1766 698 1807 1690.
723 1762 862 1801 Oxonii,
889 1763 963 1797 MS.
982 1760 1103 1795 codicis
1126 1773 1190 1807 ope
1215 1761 1341 1794 auersos
1357 1768 1388 1793 et
1405 1758 1611 1793 emendatior
1628 1772 1701 1793 cum
1718 1773 1787 1794 ver-

66 1811 158 1847 sione
181 1823 212 1847 et
233 1816 316 1846 notis
340 1814 430 1845 suan.
452 1813 597 1859 Lloydii,
626 1812 715 1861 quod
741 1814 899 1848 Fabricius
923 1826 962 1848 ex
981 1814 1116 1847 Antonii
1132 1810 1250 1846 VVood
1274 1812 1420 1858 antiquit.
1449 1807 1627 1845 Oxoniens.
1650 1821 1730 1845 tom.
1749 1813 1785 1847 H.

67 1876 142 1912 pag.
164 1875 231 1906 140.
249 1864 279 1898 b.
302 1861 332 1897 se
349 1861 493 1897 didicisse
510 1863 659 1904 testatur,
685 1863 751 1913 ipse
771 1875 880 1899 tamen
904 1864 1049 1899 libellum
1066 1876 1135 1898 non
1152 1863 1241 1897 vidit.
1293 1864 1434 1908 Iltigius
1449 1873 1548 1907 porro
1563 1860 1630 1896 vult
1645 1861 1786 1898 conferri

28 1938 31 1940 -
67 1916 173 1949 Witte
193 1916 224 1948 in
250 1913 352 1949 diario
377 1915 601 1962 biographico.
655 1918 810 1951 Ceterum
835 1927 865 1951 et
887 1916 1006 1950 alicubi
1027 1928 1081 1950 me
1103 1912 1232 1962 legisse,
1257 1915 1291 1948 in
1313 1917 1393 1952 meis
1417 1911 1456 1946 ad
1476 1910 1650 1957 losephum
1674 1912 1786 1948 aduer-

26 2000 32 2005 ,
68 1963 157 2000 fariis
182 1966 313 2006 notaui,
340 1965 487 1999 libellum
511 1965 550 2000 de
573 1968 721 2011 Maccab.
745 1969 815 2002 MS.
841 1967 962 2002 codicis
984 1980 1049 2016 ope
1070 1966 1173 2012 longe
1196 1978 1292 2013 quam
1319 1965 1454 2007 antebac
1475 1963 1731 1999 emendatiorem
1756 1974 1787 2000 et

71 2017 252 2052 audtiorem
277 2029 353 2050 cum
377 2016 476 2050 latina
496 2019 762 2066 interpretatione
783 2032 820 2052 ac
840 2022 924 2052 notis
944 2020 1029 2052 Ιοαη.
1049 2018 1179 2055 ΙΛΙιίίῐί,
1207 2016 1331 2050 Oxonii
1349 2014 1472 2050 editum
1497 2012 1558 2050 esse
1577 2030 1594 2049 a
1610 2013 1700 2050 losna
1716 2017 1787 2051 Bar.

70 2066 182 2109 nesio,
210 2079 296 2112 1590.
315 2071 347 2102 in
361 2070 508 2111 odioni83
533 2068 623 2116 quod
647 2079 756 2104 tamen
780 2071 813 2102 in
838 2072 913 2104 anni
936 2080 1014 2103 nota
1035 2079 1143 2116 aperte
1167 2065 1283 2102 falsum
1308 2067 1369 2108 est,
1397 2068 1517 2114 quippe
1535 2065 1697 2102 Barnefius
1716 2078 1787 2102 tum

70 2118 221 2154 nondum
238 2130 330 2154 natus
348 2130 431 2160 erat,
455 2129 541 2153 etex
563 2123 686 2155 ratione
709 2120 874 2170 deprauati
892 2120 1027 2165 Lloydii
1048 2121 1209 2162 nominis,
1236 2117 1352 2154 eadem
1376 2117 1477 2154 editio
1500 2116 1721 2167 effe-videtur,
1750 2132 1787 2154 ac

71 2169 144 2212 illa,
170 2173 260 2206 cuius
285 2171 448 2206 Fabricius
472 2174 626 2208 meminit
643 2173 687 2218 ι’).

1663 2237 1702 2272 V
1701 2236 1788 2285 msto.

112 2339 155 2377 fl)
177 2340 212 2368 1¹¹
232 2337 312 2369 emal·
336 2324 431 2369 tamen
451 2339 522 2370 bibl·
543 2341 649 2369 Askew
672 2351 735 2381 pag·
753 2347 791 2377 83.
817 2342 906 2372 exstat
956 2338 1130 2380 Hambarg.
1149 2349 1221 2370 vero
1237 2342 1266 2369 Z.
1283 2340 1314 2369 N
1346 2346 1418 2369 tom.
1435 2338 1472 2366 Π.
1496 2347 1558 2377 pag.
1574 2341 1636 2371 πᾶς.
1663 2337 1697 2366 fic
1719 2339 1786 2367 cita·

73 2380 198 2412 Bauius
210 2381 362 2422 Iosepltius
377 2384 441 2419 (fic)
459 2384 493 2413 de
513 2384 708 2416 Maccabaezm
733 2384 778 2414 seu
805 2385 840 2414 de
861 2396 904 2414 ra·
956 2391 1020 2413 tur:
1051 2386 1165 2417 Φλαβιε
1185 2392 1236 2412 etc.
1274 2382 1369 2412 Fannii
1401 2380 1507 2419 ,C-'rpkr
1533 2380 1566 2408 de
1594 2380 1786 2413 Maccabieiu

73 2425 161 2454 tionis
192 2426 338 2465 imperio,
365 2436 407 2465 gr.
435 2434 464 2456 et
492 2425 541 2457 lat.
571 2428 668 2457 Oxou.
696 2437 777 2464 159c.
799 2434 823 2460 8.
871 2430 905 2457 ln
957 2425 1004 2456 seu
1029 2426 1064 2455 de
1082 2429 1204 2457 tationis
1225 2427 1352 2466 imperio
1381 2424 1463 2453 liber.
1490 2424 1564 2453 MSti
1586 2424 1691 2452 codicis
1717 2434 1785 2463 ope,

118 2474 184 2506 Vol.
197 2476 242 2508 Γ.
1005 2471 1036 2505 E
1690 2464 1787 2503 lan-je,
