2049 2720
69 143 396 180 v01.1v.p.261·27.2s
579 139 729 179 MARCI
762 139 990 179 ANTON1N1
1021 140 1271 181 EDITIONES

1376 145 1452 181 Lib.
1464 142 1536 181 IV.
1549 157 1573 180 c.
1585 143 1675 181 XX.
1724 154 1790 190 509

73 243 327 280 communicatas
343 236 450 274 offert.
503 237 597 274 Haec
618 236 719 273 editio
736 236 876 274 Londini
898 234 1010 273 recusa
1033 237 1077 273 est
1098 251 1126 273 a.
1144 240 1236 286 1699.
1253 239 1287 285 ³)
1301 250 1330 283 4.
1357 248 1491 285 et1707.
1507 251 1539 284 4.
1564 253 1641 276 eura
1661 237 1786 287 egregii

70 299 130 332 viri
147 294 285 340 Georgii
302 291 484 336 Stanhopii,
510 289 642 339 collegii
668 292 799 338 reginae
822 289 909 339 apud
931 288 1211 339 Cantabrigienses
1227 289 1327 339 socii,
1353 295 1410 341 qui
1433 295 1616 341 praecipuas
1636 290 1786 326 Andreae

70 347 200 384 Dacerii
217 341 470 384 obstruationes.
491 356 509 378 e
520 341 644 391 gallzco
658 341 755 378 latine
771 339 952 384 conuersas,
967 342 1007 377 ad
1025 342 1150 378 calcem
1165 343 1343 380 voluminis
1358 343 1538 386 subiunxit,
1563 354 1595 379 et
1609 345 1708 378 vitam
1727 339 1784 386 [lt]

68 398 244 438 Antonini,
266 396 305 430 ab
321 392 440 430 eodem
458 395 597 430 Dacerio
616 392 765 442 scriptam
787 392 951 444 praemisit
972 391 1085 429 itidem
1108 394 1292 430 translatam
1315 410 1334 432 a
1353 394 1385 433 se
1406 408 1438 432 et
1454 398 1584 433 auctam
1605 395 1785 430 firmatam-

72 463 135 502 que
155 460 298 485 veterum
325 445 528 482 testimoniis.
594 448 708 496 Qum
730 459 808 482 vero
832 448 866 481 in
890 447 940 481 his
966 445 1162 482 editionibus
1182 451 1439 485 commentarius
1460 448 1612 485 Gatakeri
1633 457 1703 480 non
1724 441 1785 478 fin·

70 501 155 552 gulis
177 498 344 535 substratus
369 499 515 546 paginis,
553 494 607 534 sed
638 500 697 532 toti
720 499 880 534 Antonini
908 500 1000 546 operi
1030 495 1216 534 subiunctus
1241 498 1387 548 legatur,
1426 500 1525 536 exstat
1547 501 1646 534 etiam
1672 503 1786 546 quarta

70 565 171 602 eaque
188 549 436 587 luculentiffima
453 548 552 585 editio
567 550 758 585 Traieetina
773 564 802 586 a.
821 552 910 595 1698.
928 547 989 585 fol.
1018 551 1052 585 in
1075 563 1138 600 qua
1159 556 1414 588 commentarius
1438 553 1549 601 quauis
1572 552 1692 598 pagina
1716 559 1787 582 ver-

69 605 115 641 bis
139 603 297 639 Antonini
325 599 484 636 subiec‘ius
508 600 554 637 est
573 603 655 637 mira
676 601 857 650 legentium
879 604 1143 650 opportunitate,
1177 612 1209 639 et
1229 602 1270 639 ad
1290 604 1416 640 calcem
1438 603 1635 643 voluminis,
1664 600 1786 636 Merici

70 652 255 694 casauboni
272 655 369 689 etiam
385 663 416 689 et
429 652 516 689 Guil.
533 652 692 697 Xylandri
706 663 804 689 notae
821 663 918 703 atque
934 652 1055 689 indices
1071 666 1254 692 occurrunt.
1308 656 1417 691 Habet
1432 656 1513 690 haec
1527 652 1640 692 editio,
1654 660 1787 686 curante

70 709 257 744 Hermanno
277 705 331 742 W
327 707 415 756 iffio,
441 703 606 740 clarissimi
629 708 773 741 nominis
795 707 885 748 viro,
912 705 1062 755 vulgata⁷
1087 717 1252 755 praeterea
1279 706 1445 743 adiunc'ias
1463 704 1607 742 eiusdem
1629 702 1784 740 Gatakeri

70 758 112 796 de
132 758 206 796 stilo
228 760 320 795 Noui
335 755 427 792 Test.
451 755 617 796 diatribas‚
644 756 761 793 Sebass.
778 755 961 792 Pfochenio
982 757 1167 807 oppositas,
1188 769 1258 795 tum
1275 761 1422 795 Cinnum
1441 757 1507 793 siue
1521 752 1786 793 aduersariorum

70 808 359 848 miscellaneorum
385 807 487 844 libros
508 807 591 844 duos
614 819 646 844 et
665 805 924 844 aduersariorum
939 809 1168 857 postumorum
1185 823 1266 859 opus
1282 809 1585 861 exquisitissimum,
1611 806 1724 855 quibus
1740 807 1787 839 3¹¹·

68 861 168 911 signis
184 858 314 912 prorsus
331 862 510 896 innumeris
526 857 692 896 sacrorum
710 870 741 896 et
757 861 899 897 aliorum
918 859 1110 910 scriptorum
1127 862 1207 897 locis
1223 863 1282 898 lux
1300 862 1455 899 adfertur.
1508 862 1662 907 Denique
1676 854 1784 892 disser-

70 917 209 951 tationes
235 916 301 948 eius
321 921 402 953 tres,
435 926 516 950 vna.
546 925 608 961 qua
629 911 855 961 diphthongos
883 910 944 948 esse
966 911 1070 948 nullas
1099 914 1284 959 contendit;
1317 915 1436 957 altera,
1468 927 1531 961 qua
1554 909 1785 960 superstitionis

70 967 177 1014 arguit
198 963 343 1000 iudaicae
364 975 482 999 eorum
502 961 714 1006 sententiam,
740 967 794 1013 qui
815 977 940 999 nomen
958 966 1021 1000 Dei
1041 973 1336 1011 tetragrammaton
1355 963 1472 1001 efferre
1494 964 1619 999 ducunt
1640 960 1696 997 fibi
1714 958 1786 995 reli-

70 1018 163 1067 gioni
174 1044 184 1058 ‚
211 1019 322 1057 tertia,
347 1027 414 1064 qua
431 1027 507 1050 cum
525 1014 679 1050 Samuele
695 1014 826 1051 {Vardo
846 1013 1000 1063 disceptat
1015 1013 1056 1050 de
1070 1017 1100 1049 vi
1116 1026 1148 1050 et
1162 1016 1305 1051 efficacia
1324 1018 1523 1066 baptismatis
1540 1012 1708 1050 infantilis.
1734 1029 1785 1037 --

71 1066 291 1105 Obseruatum
312 1066 358 1103 est
380 1081 399 1102 a
420 1067 548 1108 multis,
570 1069 717 1107 iconem,
745 1069 811 1102 aeri
832 1065 986 1107 incisam,
1013 1079 1112 1115 quam
1129 1068 1305 1103 Gatakerus
1321 1071 1476 1104 Antonini
1497 1067 1585 1102 libris
1607 1060 1785 1114 praemisit.

67 1132 141 1156 non
153 1117 275 1155 referre
291 1131 327 1154 os
342 1129 372 1154 et
387 1116 506 1154 faciem
520 1120 572 1155 M.
585 1119 707 1154 Aurelii
724 1121 896 1161 Antonini,
912 1116 964 1154 sed
981 1117 1180 1154 Commodi:
1205 1123 1314 1167 itaque
1330 1119 1472 1155 Andreas
1487 1120 1657 1159 Damius,
1670 1126 1786 1164 quum,

68 1169 220 1221 sequutus
240 1170 456 1212 Gatakerum‚
485 1168 635 1205 eamdem
658 1168 803 1216 effigiem
828 1170 966 1218 gallicae
986 1167 1061 1204 suae
1085 1168 1223 1205 versioni
1239 1169 1490 1219 praeposuisset,
1517 1180 1612 1218 atque
1627 1167 1658 1202 id
1672 1168 1787 1201 datum

70 1223 130 1271 ipfi
158 1221 232 1259 esset
260 1224 341 1258 vitio
365 1224 399 1256 in
423 1220 683 1269 ephemeridibus
703 1221 863 1257 litterariis
888 1218 1111 1255 Parisienfibus
1130 1234 1159 1255 a.
1174 1225 1266 1266 1694.
1292 1234 1367 1270 pag.
1384 1235 1449 1257 221.
1476 1219 1591 1256 festiue
1612 1215 1788 1266 respondit,

68 1273 130 1309 fibi
152 1275 258 1322 magis
278 1271 370 1308 cordi
391 1269 503 1314 fuisse,
531 1274 679 1307 animum
704 1270 905 1321 cognoscere
920 1282 1133 1320 mentemque
1148 1282 1180 1307 et
1194 1269 1283 1308 sensa
1305 1275 1509 1322 imperatoris
1530 1268 1716 1320 philosophi
1733 1280 1787 1317 pe-

70 1337 196 1365 netrare
215 1326 281 1372 “)‚
307 1336 406 1374 quam
423 1323 551 1359 vultum
571 1320 729 1359 ediscere:
752 1323 888 1375 praefat.
902 1323 941 1360 ad
956 1326 1035 1360 vitas
1052 1324 1224 1367 Plutarchi,
1246 1324 1363 1373 gallice
1384 1340 1402 1361 a
1424 1323 1457 1361 se
1473 1323 1623 1360 redditas.

172 1410 213 1445 A.
231 1410 325 1450 1680.
339 1420 383 1444 12.
408 1409 559 1443 Oxoniae
581 1407 705 1456 vulgati
731 1404 805 1443 sunt
827 1410 984 1443 Antonini
1009 1407 1082 1443 libri
1107 1421 1125 1443 e
1151 1409 1277 1444 theatro
1300 1407 1525 1444 Sheldoniano
1547 1408 1633 1455 typis
1658 1404 1787 1451 elegan-

72 1461 152 1500 tibus
172 1470 204 1496 et
225 1460 352 1503 nitidis,
385 1472 500 1508 graeca
524 1461 601 1495 hinc
622 1458 699 1494 inde
721 1459 914 1500 emendata,
952 1459 1052 1495 latina
1079 1459 1137 1506 [if]
1160 1458 1228 1495 fere
1251 1459 1430 1508 depromta
1450 1472 1490 1496 ex
1510 1458 1651 1495 editione
1670 1455 1789 1492 Meriei

71 1510 264 1549 casauboni.
318 1514 428 1547 Notae
447 1509 607 1559 quaedam
630 1511 798 1558 perbreues
820 1513 929 1559 paucis
951 1514 982 1546 in
999 1511 1081 1546 locis
1102 1514 1167 1546 ima
1187 1515 1305 1559 pagina
1321 1511 1475 1548 adiectae.
1529 1508 1674 1554 lncalce
1696 1506 1790 1542 volu-

73 1567 168 1602 minis
188 1565 328 1613 reperies
354 1565 452 1599 etiam
476 1575 592 1611 graece
616 1573 647 1598 et
667 1563 766 1599 latine
787 1563 964 1610 Epistulam
981 1566 1026 1597 ad
1039 1565 1187 1598 Senatum
1206 1561 1271 1610 ⁶¹⁷),
1302 1578 1386 1613 quae
1408 1562 1518 1599 lussini
1532 1559 1691 1606 Martyris
1713 1570 1790 1606 apo-

917 1616 983 1650 Sss
1010 1627 1027 1658 3
1681 1610 1790 1659 logiae

114 1710 152 1750 z)
183 1712 265 1748 ¹697.
288 1709 320 1739 in
340 1707 421 1739 catal.
443 1706 544 1740 Pinell.
559 1709 582 1741 Ῑ.
603 1718 669 1751 pag.
687 1718 752 1740 212.
777 1715 805 1739 et
825 1715 908 1740 antea
951 1710 1056 1740 auroit
1075 1708 1117 1740 vti
1138 1718 1195 1750 que
1212 1709 1283 1752 c'est
1297 1708 1327 1740 la
1342 1707 1432 1740 mime
1447 1704 1504 1739 te'te
1519 1706 1599 1749 qu’il
1616 1705 1703 1736 avait
1723 1699 1793 1743 mise

71 1751 130 1785 iam
147 1762 265 1784 notante
282 1752 411 1784 clamem
428 1754 459 1782 in
481 1752 554 1782 bibl.
572 1753 674 1782 histor.
689 1760 743 1781 etc.
764 1754 786 1782 1.
804 1764 833 1793 p.
848 1759 908 1790 387.

74 1805 135 1828 not.
171 1799 204 1826 it.
227 1798 257 1826 in
280 1795 370 1826 Catal.
391 1795 560 1825 Vffenbach.
579 1796 602 1824 Ι.
628 1806 692 1835 pag.
708 1799 775 1830 642.
805 1804 833 1825 et
856 1797 907 1826 IV.

74 1850 139 1880 pag.
155 1848 216 1876 513.
240 1846 268 1868 et
285 1837 371 1870 alib13
394 1848 484 1878 quare
501 1838 536 1866 de
551 1847 621 1868 nota
635 1849 659 1867 a.
677 1841 755 1874 1699.
773 1838 887 1868 dubito.

118 1905 178 1944 aa)
202 1904 298 1934 Verba
317 1906 379 1934 eius
401 1904 472 1932 haec
493 1902 574 1933 sunt:
597 1904 659 1943 Ily
676 1914 711 1934 en
726 1914 746 1935 a
762 1906 814 1945 qui
828 1905 911 1935 vient

74 1947 111 1980 de
135 1957 208 1978 notas
233 1945 352 1983 acci-iser
373 1945 502 1976 d‘cwoir
524 1947 582 1976 mis
597 1947 675 1976 dans
689 1947 720 1976 la
737 1945 912 1977 traduffion

74 1991 126 2022 des
143 1989 303 2032 rfflexions
319 1989 356 2019 de
373 1989 465 2018 Marc
478 1988 636 2024 Amom‘n,
659 1990 688 2020 la
703 1986 760 2019 te'te
778 1989 813 2019 de
829 1989 914 2020 Com-

74 2034 159 2065 mode
178 2042 257 2071 pour
285 2032 349 2062 celle
372 2032 406 2061 de
429 2032 635 2070 i'Empereur.
693 2032 727 2062 Ie
748 2041 784 2061 ue
794 2031 871 2073 ssay
886 2031 914 2073 fi

74 2077 136 2108 cela
159 2076 195 2116 est
218 2083 297 2113 vray
321 2079 348 2103 et
361 2074 398 2114 je
419 2077 497 2103 m’en
522 2077 596 2103 mets
618 2078 680 2104 tres
695 2083 752 2113 peu
769 2083 802 2104 en
819 2075 913 2114 peine.

75 2120 110 2152 Ie
126 2116 276 2149 m'e'tonne
290 2115 470 2157 seulmient,
493 2116 777 2158 qu'zmfisfavant
800 2116 915 2147 hemme

76 2162 128 2204 qui
149 2160 290 2201 pom-ruit
315 2158 394 2189 faire
414 2159 450 2188 de
473 2159 637 2188 meilleures
661 2158 778 2199 choses,
806 2159 840 2201 se
851 2159 915 2201 soit

76 2201 174 2244 amosi}
197 2213 216 2233 a
242 2212 296 2232 unc
320 2202 462 2241 crisique,
485 2202 537 2241 qui
548 2200 648 2241 servit
668 2202 792 2242 indigne
810 2203 846 2233 de
861 2204 914 2237 lui,

77 2248 178 2289 quand
202 2243 290 2275 ‚wirne
313 2247 361 2275 eide
375 2245 475 2285 sei-oft
487 2244 576 2284 juste.
625 2244 712 2275 l'oila
735 2255 792 2276 une
806 2245 912 2276 decon-

75 2295 159 2321 verte
182 2289 247 2318 him
270 2288 456 2326 importante
469 2297 548 2325 pom·
568 2288 593 2317 le
611 2287 722 2326 public.

951 1753 1030 1783 dans
1049 1751 1108 1793 son
1136 1752 1259 1783 edition.
1319 1751 1395 1795 C'est
1415 1753 1450 1783 de
1469 1748 1499 1782 lai
1522 1754 1615 1791 qu'ou
1637 1749 1680 1778 l’a
1701 1744 1792 1787 prise·

945 1795 1024 1837 sans
1042 1796 1116 1826 aller
1138 1794 1280 1825 chercher
1296 1796 1366 1835 plus
1384 1797 1464 1829 loin,
1486 1804 1541 1824 car
1562 1801 1638 1823 nous
1659 1793 1687 1820 n’
1696 1797 1792 1820 avons

949 1839 1038 1879 point
1060 1839 1111 1869 des
1131 1837 1300 1872 mfflaiffes,
1323 1842 1351 1867 et
1364 1838 1498 1878 j’avode
1521 1845 1576 1877 que
1597 1843 1671 1864 nous
1694 1839 1792 1862 avons

951 1881 1181 1954 Zl’zjjnzzzli'czzille
1202 1877 1222 1910 d
1245 1879 1399 1911 connoftre
1421 1881 1438 1910 1·
1450 1879 1541 1922 esprit
1565 1886 1623 1919 que
1641 1877 1667 1907 le
1687 1872 1794 1916 visage

1001 1988 1053 2025 bb)
1075 1987 1201 2030 Epistola
1222 1987 1366 2018 eiusmodi
1390 1990 1433 2019 M.
1449 1989 1592 2018 Antonini
1612 1990 1794 2015 memoratur

957 2032 1144 2063 Tertulliano
1161 2041 1222 2072 cap.
1239 2040 1262 2066 ς.
1284 2031 1479 2072 Apologetici‚
1502 2031 1624 2060 Eusebio
1638 2031 1672 2058 V.
1687 2036 1711 2063 5.
1729 2028 1795 2057 hist.

958 2074 1053 2104 eccles.
1073 2082 1100 2105 et
1116 2075 1221 2104 Orofio
1236 2075 1298 2104 VII.
1316 2083 1354 2110 ξς.
1396 2078 1480 2112 Qae
1503 2081 1601 2103 tamen
1623 2081 1722 2111 graece
1739 2070 1793 2099 ho-

958 2117 1004 2146 die
1021 2119 1050 2146 in
1066 2118 1165 2147 Iustini
1188 2116 1335 2146 codicibus
1356 2119 1443 2147 exstat
1458 2126 1486 2147 et
1506 2116 1593 2146 latine
1610 2127 1625 2146 e
1642 2114 1695 2143 cod
1720 2112 1790 2142 bibl.

958 2163 1115 2190 Vaticanae
1128 2161 1164 2190 ab
1181 2159 1292 2198 Angelo
1310 2161 1424 2190 Roccha
1445 2161 1485 2191 est
1501 2160 1595 2192 edita,
1618 2158 1687 2188 semi
1704 2158 1795 2185 Grae-

957 2203 1014 2233 culi
1031 2205 1244 2233 commentitius
1263 2202 1360 2233 foetu·
1381 2204 1498 2234 videtur
1517 2203 1673 2243 Scaligero
1687 2200 1722 2228 ad
1738 2200 1792 2228 Eu·

956 2245 1026 2276 sebii
1045 2248 1153 2277 Chrou.
1178 2257 1220 2276 nr.
1236 2248 1485 2277 MMCLXXXIX.
1506 2257 1569 2287 pag.
1583 2254 1644 2275 222.
1671 2243 1792 2274 Salma-

774 2288 911 2328 Appare-
946 2288 992 2331 fio
1008 2289 1043 2318 ad
1059 2289 1111 2320 Iul.
1129 2288 1327 2331 Capitolinum
1343 2292 1375 2319 in
1392 2293 1431 2319 M.
1446 2291 1587 2320 Antonini
1602 2290 1660 2317 vita
1677 2297 1735 2326 cap.
1748 2295 1793 2319 ²4·

78 2336 157 2363 ment
174 2331 196 2361 il
211 2341 229 2361 a
242 2340 297 2369 peu
318 2332 347 2360 m
367 2336 406 2360 11³5
427 2330 587 2370 riflexsons
603 2332 639 2360 cie
656 2331 747 2360 Marc
763 2331 912 2365 Antonin,
956 2341 984 2362 et
999 2332 1135 2363 Samueli
1150 2333 1313 2372 Basnagio
1328 2333 1430 2363 Annal.
1447 2333 1483 2363 ad
1506 2344 1530 2362 a.
1546 2333 1614 2361 Chr.
1630 2336 1689 2367 ¹74-
1709 2337 1792 2363 nir-9.

80 2384 133 2406 rar
152 2375 204 2404 s’il
227 2376 267 2403 ίςς
288 2374 374 2403 avoit
395 2376 474 2407 lues,
497 2374 518 2401 33¹
541 2375 645 2402 ouroit
665 2374 760 2403 conns}
777 2374 914 2404 Gatakyr

79 2426 110 2449 ce
122 2417 237 2460 suvant
252 2415 401 2457 Angmis,
428 2415 479 2456 qui
501 2416 544 2446 les
568 2425 588 2447 a
609 2414 821 2457 commentas,
843 2421 871 2449 et
893 2418 915 2450 il

957 2375 1071 2450 ijzfetio
1095 2376 1279 2409 demonstrat.
1300 2376 1438 2416 Euangel.
1456 2376 1596 2419 proposit.
1614 2383 1641 2409 3.
1658 2384 1724 2416 pag.
1743 2374 1792 2401 66·

956 2428 972 2448 a
997 2429 1091 2460 Isque·
