2013 2725
204 99 243 137 38
321 91 396 128 Lib.
413 91 482 128 JV.
507 102 532 127 c.
547 89 705 126 XXXII.
859 87 983 123 VARII
1007 87 1262 125 ARISTIDAE.
1603 89 1668 136 Q
1687 91 1733 115 IV·
1747 92 1923 123 amem

207 199 270 237 que
289 188 371 222 bene
391 183 507 226 multi,
531 196 612 231 quos
635 194 751 218 omnes
776 181 896 231 amplis
921 183 1026 217 verb-'s
1050 195 1243 218 emxmer-re
1268 181 1355 217 haud
1379 192 1478 218 vacat.
1530 184 1654 218 Futuro
1671 194 1777 218 autern
1796 183 1924 223 editori,

205 239 289 276 latus
311 247 397 284 patet
424 248 578 282 campus,
616 236 652 271 in
673 246 742 284 quo
766 237 959 283 ingenium,
997 234 1204 284 diligendam
1228 242 1259 269 et
1287 233 1506 271 eruditionem
1529 247 1678 270 exercere
1699 246 1796 284 atque
1820 234 1926 272 oslen-

206 289 281 326 dere
304 287 409 338 poliit.
452 287 554 324 Harl.

830 380 920 416 VIII.
958 380 1050 415 Alii
1087 378 1300 426 Aristidae.

209 469 380 512 Aristides,
401 466 585 514 Lysimachi
602 464 634 500 F.
654 464 873 506 Atheniensis,
900 467 1103 512 cognomine
1127 464 1245 505 iussm,
1288 463 1328 499 de
1348 476 1414 512 quo
1434 463 1526 499 Plato
1549 464 1753 505 Theaeteto,
1785 465 1926 509 Thucy.

306 521 414 562 dides‚
449 521 581 568 Nepos,
615 517 822 558 Plutarchus,
866 515 977 550 Suidas
998 526 1058 551 etc.
1101 515 1251 551 Aristides
1276 516 1384 551 noller
1407 527 1490 551 tom.
1511 519 1561 549 111.
1584 529 1660 564 pag.
1680 519 1748 559 146.
1763 513 1826 565 seq.
1850 528 1928 561 249-

310 575 385 613 286.
409 584 488 616 499.
513 568 578 617 seq.
613 580 681 612 452.
708 566 771 615 seq.
802 580 868 613 3¹9·
889 564 954 616 seq.
1017 567 1209 614 [Qaedam
1236 566 1320 602 illius
1343 565 1516 602 sententiae
1539 565 1680 602 seruatae
1710 566 1864 602 dicuntur
1892 570 1927 603 in

309 623 590 668 ’Λποφθέγμοισι
613 620 725 665 σοφῶν
753 617 818 657 τῶν
841 618 879 667 ζ.
915 632 945 653 v.
961 619 1107 653 Bandini
1127 618 1218 666 catal.
1243 618 1339 654 codd.
1364 632 1469 666 graec.
1496 617 1567 653 cod.
1591 626 1619 660 8.
1655 618 1736 667 plut.
1752 620 1926 654 LXXXVI.

310 685 394 710 tom.
414 676 466 708 111.
488 674 551 708 col.
567 684 633 717 325.
660 672 758 706 Harl.
814 673 862 706 Ab
883 683 923 705 eo
947 669 1001 704 alii
1024 672 1121 705 etiam
1150 669 1316 718 singularis
1341 670 1476 705 iustitiae
1500 669 1604 705 studio
1631 669 1767 716 insignes
1785 673 1841 704 viri
1859 672 1929 705 Ari.

311 727 397 762 ssidis
422 734 648 772 cognomento
675 724 828 758 honorati
853 719 944 762 sunt,
971 732 1003 756 vt
1024 720 1064 757 de
1086 723 1182 758 Maza
1205 720 1350 769 quodam
1374 718 1480 756 scribit
1500 721 1587 757 idem
1603 720 1714 756 Suidas
1735 724 1768 756 in
1785 723 1925 772 Μέτξιοι

308 791 350 814 ex
373 774 547 812 Damaseio
572 778 603 809 in
628 772 740 808 lfidori
767 776 841 809 vita.

210 844 381 887 Aristides,
410 840 590 890 Xenophili
608 839 716 882 filius,
741 849 772 874 et
787 839 867 874 alter
883 840 993 873 iunior
1016 839 1083 873 hoc
1103 840 1260 880 nomine7
1297 850 1380 885 quos
1402 851 1476 872 cum
1500 837 1636 874 Aristide
1657 838 1739 873 iusto
1761 853 1780 874 a
1801 840 1928 888 quibus-

312 897 389 931 dam
414 892 573 928 confundi
597 901 689 927 notat
709 891 895 926 Plutarchus
916 893 949 925 in
972 889 1057 924 illius
1081 892 1145 924 vita
1169 886 1226 924 sub
1250 891 1317 923 init.
1347 888 1461 935 [Adde
1477 887 1588 938 supra,
1612 889 1712 935 §.1V.
1728 892 1812 924 circa
1827 890 1905 935 ἦα]

212 961 381 1003 Aristides,
404 957 628 999 Atheniensis,
656 969 755 1004 quem
780 955 819 990 de
837 956 1048 997 animalibus,
1072 956 1239 990 arboribus
1262 965 1292 989 et
1309 956 1505 1002 agricultura
1526 953 1676 1005 scripfiss‘e
1700 956 1836 992 ePlinio
1859 956 1928 992 col.

309 1014 381 1062 ligit
403 1009 606 1047 Bernhardus
625 1023 642 1043 a
659 1007 853 1043 Mallincrot
876 1011 908 1043 in
931 1008 1182 1056 paralipomenis
1205 1006 1244 1042 ad
1269 1005 1418 1042 Vollium
1441 1006 1481 1042 de
1499 1007 1668 1042 Historicis
1689 1010 1830 1056 graeci8‚
1856 1006 1929 1044 nul-

311 1066 362 1102 lus
386 1064 446 1103 est,
471 1061 523 1097 sed
546 1058 716 1101 Aristides,
751 1057 916 1099 Mile-ssus,
945 1073 963 1093 a
980 1059 1088 1094 Plinio
1113 1059 1326 1104 intelligitur,
1354 1057 1395 1093 de
1417 1061 1506 1094 cuius
1526 1056 1648 1106 scriptis
1665 1058 1794 1094 Vosfius
1810 1059 1849 1094 de
1866 1061 1927 1095 Hi.

310 1116 432 1152 ssoricis
464 1114 604 1161 graecis,
650 1109 813 1147 Meurfius
844 1114 877 1145 in
906 1110 987 1145 Bibl.
1017 1123 1133 1158 graeca
1161 1121 1191 1144 et
1223 1109 1412 1144 Harduinus
1435 1109 1474 1144 ad
1496 1109 1637 1145 Plinium
1660 1110 1761 1146 videri
1786 1107 1926 1158 poffunt.

310 1170 411 1204 fuere
435 1177 545 1200 autem
572 1165 695 1213 ἱςοξιῶν
717 1161 810 1204 libri,
841 1158 1023 1202 Ἰταλικοὶ,
1058 1159 1228 1212 Περσικοὶ,
1262 1157 1423 1200 Σικελικαὶ
1447 1170 1477 1196 et
1499 1161 1574 1210 περὶ
1601 1157 1706 1201 Κνίὸε.
1739 1163 1789 1208 [v.
1809 1171 1926 1199 notam

309 1217 406 1268 supra
430 1221 513 1252 inter
535 1215 653 1251 inedita
672 1225 731 1249 etc.
759 1227 806 1248 nr.
827 1214 898 1259 20.]
962 1214 1112 1261 Denique
1142 1211 1298 1248 lasciuum
1332 1226 1413 1259 opus
1440 1210 1666 1256 Μιλησιακοὶ,
1706 1213 1794 1262 quod
1819 1212 1927 1249 sisena
1958 1240 1961 1243 κ

310 1270 392 1306 olim
416 1269 513 1304 latine
534 1275 691 1308 verterat,
717 1263 756 1300 de
780 1277 848 1315 quo
869 1261 985 1300 confer
1006 1265 1160 1300 Politian.
1186 1278 1212 1299 c.
1229 1267 1277 1300 16.
1303 1263 1441 1300 Miscell.
1463 1274 1494 1299 et
1515 1266 1588 1300 Nic.
1616 1266 1779 1314 Heirfium
1792 1263 1927 1302 adhaec

311 1321 423 1358 Ouidii
447 1332 474 1355 2.
502 1318 602 1355 Trist.
627 1330 698 1360 443.

585 1385 690 1418 Vertit
712 1383 877 1425 Aristidem
902 1383 1026 1425 Sc'sena,
1057 1393 1109 1413 nec
1132 1382 1229 1423 obfuit
1250 1384 1295 1415 illi

693 1426 848 1468 Historiae
871 1431 974 1467 turpes
996 1424 1147 1467 inseruzffii
1170 1427 1258 1457 iocos.
1317 1424 1411 1458 Fabr.

306 1495 459 1534 Heinsius
475 1495 514 1531 ad
534 1495 664 1537 locum,
689 1509 707 1529 a
725 1495 870 1531 Fabricio
884 1498 1038 1536 citatum,
1071 1507 1174 1542 pauca
1196 1496 1307 1537 habet3
1343 1505 1375 1530 at
1392 1494 1554 1529 vberrime
1576 1493 1765 1542 eruditeque
1786 1491 1927 1543 disputat

311 1549 352 1584 de
376 1548 434 1583 illo
462 1546 598 1582 Aristide
625 1549 757 1593 eiusque
784 1543 907 1594 scriptis
936 1545 980 1581 ad
1003 1546 1102 1581 Ouid.
1126 1546 1226 1582 Trist.
1245 1548 1282 1581 11.
1307 1543 1385 1582 vers.
1399 1557 1462 1590 413.
1479 1543 1544 1595 seq.
1572 1547 1638 1591 (vbi
1661 1558 1725 1594 ego
1746 1557 1877 1595 quoque
1891 1549 1926 1581 in

308 1613 383 1637 mea
407 1598 483 1635 edit.
507 1598 666 1648 quaedam
690 1600 818 1633 notaui:
1967 1610 1969 1612 .

581 1664 691 1695 Iunxit
715 1662 864 1703 Aristides
887 1663 1006 1704 sWilefia
1029 1664 1158 1694 crimina
1172 1663 1274 1703 secum

693 1705 803 1746 Pulsus
824 1705 975 1747 Aristides
997 1715 1049 1736 nec
1071 1711 1174 1737 tamen
1197 1707 1270 1736 vrbe
1283 1704 1355 1746 sua.

309 1777 551 1823 Harpocration
578 1779 613 1811 in
636 1786 709 1810 voc.
733 1771 917 1822 Δερμιςῆς,
959 1774 1038 1819 (vbi
1053 1788 1082 1809 v.
1098 1771 1326 1814 Mamaeum,
1357 1783 1388 1808 et
1411 1770 1539 1818 vales.)
1564 1775 1641 1808 citat
1660 1774 1777 1809 librum
1790 1773 1924 1821 fixtum

306 1828 539 1873 Milefiacorum
563 1827 729 1870 Aristidis.
780 1823 933 1861 Heinssus
955 1826 1053 1873 igitur
1077 1821 1271 1872 suspicatur,
1305 1826 1385 1860 haec
1403 1823 1653 1860 Milesiaca'vna
1676 1839 1752 1861 cum
1778 1823 1858 1862 seria
1877 1827 1926 1861 hi-

306 1880 425 1922 storia,
451 1892 534 1929 quae
555 1877 668 1928 passim
692 1877 731 1912 ab
756 1878 896 1925 antiquis
919 1875 1089 1918 laudatur,
1112 1876 1151 1912 ab
1170 1874 1306 1911 Aristide
1330 1875 1414 1912 edita
1435 1874 1529 1912 fuisse
1553 1875 1661 1913 videri.
1696 1878 1794 1931 Harl.

204 1945 375 1989 Aristides,
397 1946 512 1988 Eleus,
536 1947 763 1983 mechanicus,
790 1945 962 1979 machinae
980 1946 1013 1978 in
1031 1941 1258 1992 hippodromo
1281 1945 1451 1987 inuentor,
1475 1945 1566 1978 cuius
1588 1945 1739 1979 meminit
1758 1941 1923 1980 Pausanias
1982 1940 1984 1966 }

305 2001 340 2033 in
364 1998 483 2032 Eliacis
504 1997 733 2045 posterioribus
761 2008 837 2043 pag.
854 2006 926 2040 504.
980 1994 1093 2037 Idem,
1129 2004 1163 2030 vt
1189 1995 1356 2036 existimo,
1390 2009 1408 2030 a
1433 2008 1499 2043 quo
1522 1996 1690 2040 Pythicam
1714 1995 1923 2044 et.Olyn1pi-
1984 2030 1990 2037 ‚

305 2063 379 2085 cam
404 2048 549 2096 palmam
570 2056 769 2096 reportatam
792 2044 896 2082 scribit
915 2059 990 2095 pag.
1006 2058 1088 2091 490.
1122 2045 1184 2082 Sed
1202 2046 1281 2081 alius
1297 2045 1466 2087 Aristides,
1488 2046 1631 2088 Eleates,
1666 2049 1756 2082 cuius
1772 2045 1922 2097 stratege-

307 2110 396 2136 mate
416 2098 617 2145 Dionysium
642 2097 792 2134 delusum
816 2107 925 2134 narrat
946 2098 1129 2146 Polyaenus
1150 2100 1208 2135 VI.
1227 2111 1256 2135 c.
1271 2109 1313 2133 ιι.

202 2155 377 2220 Ἀςιςέὶὃης
403 2162 554 2215 νομικός,
582 2164 778 2202 Artemidor.
795 2167 852 2201 IV.
875 2177 904 2208 3.

204 2235 355 2272 Aristides
377 2233 616 2281 Qintilianu8‚
648 2232 688 2267 de
712 2235 803 2268 cuius
826 2232 917 2268 libris
938 2229 978 2268 de
1003 2230 1129 2268 Musica
1155 2231 1225 2269 dixi
1248 2234 1305 2271 111,
1328 2243 1376 2268 10.
1393 2243 1423 2277 4.

204 2302 377 2344 Aristides,
417 2302 561 2342 Samius,
598 2312 636 2335 ex
658 2312 725 2347 quo
747 2300 842 2335 lunae
865 2299 1064 2335 curriculum
1086 2299 1207 2334 confici
1230 2301 1360 2348 integris
1392 2308 1506 2348 quater
1525 2297 1662 2348 septenis
1683 2297 1794 2337 diebus
1816 2297 1921 2336 scribit
1979 2332 1995 2341 .,

302 2354 419 2390 Varro
440 2351 527 2403 apud
551 2350 697 2389 Gellium
711 2351 770 2393 111,
791 2363 842 2388 ιο.
867 2348 922 2387 sed
939 2351 983 2386 ibi
998 2362 1060 2401 pro
1074 2349 1212 2387 Aristide
1226 2351 1407 2400 legendum
1421 2349 1549 2388 videtur
1564 2351 1782 2394 Aristarchus,
1809 2365 1944 2401 quem-l
1991 2398 1997 2404 ,

1737 2403 1921 2441 admodum
