<?xml version="1.0" encoding="UTF-8"?>
<!DOCTYPE html PUBLIC "-//W3C//DTD XHTML 1.0 Transitional//EN"
    "http://www.w3.org/TR/xhtml1/DTD/xhtml1-transitional.dtd">
<html xmlns="http://www.w3.org/1999/xhtml" xml:lang="en" lang="en">
 <head>
  <title>
</title>
<meta http-equiv="Content-Type" content="text/html;charset=utf-8" />
  <meta name='ocr-system' content='tesseract 3.04.00' />
  <meta name='ocr-capabilities' content='ocr_page ocr_carea ocr_par ocr_line ocrx_word'/>
</head>
<body>
  <div class='ocr_page' id='page_1' title='image "./bibliothecagraec05fabruoft_0528.png"; bbox 0 0 2013 2725; ppageno 0'>
   <div class='ocr_carea' id='block_1_1' title="bbox 244 107 2013 167">
    <p class='ocr_par' dir='ltr' id='par_1_1' title="bbox 244 107 2013 167">
     <span class='ocr_line' id='line_1_1' title="bbox 244 107 2013 167; baseline -0.001 -12"><span class='ocrx_word' id='word_1_1' title='bbox 244 116 309 164; x_wconf 64' lang='lat'>32&gt;6</span> <span class='ocrx_word' id='word_1_2' title='bbox 360 115 647 156; x_wconf 73' lang='lat' dir='ltr'>Lib.1V.c.XX.</span> <span class='ocrx_word' id='word_1_3' title='bbox 730 117 876 156; x_wconf 79' lang='lat' dir='ltr'>MARCI</span> <span class='ocrx_word' id='word_1_4' title='bbox 907 118 1137 158; x_wconf 81' lang='lat' dir='ltr'>ANTONINl</span> <span class='ocrx_word' id='word_1_5' title='bbox 1167 119 1306 157; x_wconf 72' lang='lat' dir='ltr'>com).</span> <span class='ocrx_word' id='word_1_6' title='bbox 1335 118 1476 156; x_wconf 71' lang='lat' dir='ltr'>Mss‘rr</span> <span class='ocrx_word' id='word_1_7' title='bbox 1650 114 1778 148; x_wconf 67' lang='lat' dir='ltr'>voi-1¹1-</span> <span class='ocrx_word' id='word_1_8' title='bbox 1794 126 1821 153; x_wconf 75' lang='lat' dir='ltr'>P·</span> <span class='ocrx_word' id='word_1_9' title='bbox 1838 119 1953 167; x_wconf 51' lang='grc' dir='ltr'>πρε-υ</span> <span class='ocrx_word' id='word_1_10' title='bbox 2011 107 2013 143; x_wconf 83' lang='grc' dir='ltr'>ἶ</span> 
     </span>
    </p>
   </div>
   <div class='ocr_carea' id='block_1_2' title="bbox 1648 157 1860 166">
    <p class='ocr_par' dir='ltr' id='par_1_2' title="bbox 1648 157 1860 166">
     <span class='ocr_line' id='line_1_2' title="bbox 1648 157 1860 166; baseline 0 0"><span class='ocrx_word' id='word_1_11' title='bbox 1648 157 1860 166; x_wconf 95' lang='lat' dir='ltr'> </span> 
     </span>
    </p>
   </div>
   <div class='ocr_carea' id='block_1_3' title="bbox 245 210 1962 1035">
    <p class='ocr_par' dir='ltr' id='par_1_3' title="bbox 245 210 1962 1035">
     <span class='ocr_line' id='line_1_3' title="bbox 247 210 1951 263; baseline 0 -16"><span class='ocrx_word' id='word_1_12' title='bbox 247 211 366 248; x_wconf 90' lang='lat' dir='ltr'>iudicat</span> <span class='ocrx_word' id='word_1_13' title='bbox 378 215 431 257; x_wconf 85' lang='lat' dir='ltr'>(in</span> <span class='ocrx_word' id='word_1_14' title='bbox 444 211 575 248; x_wconf 83' lang='lat' dir='ltr'>historia</span> <span class='ocrx_word' id='word_1_15' title='bbox 591 210 758 248; x_wconf 81' lang='lat' dir='ltr'>vniu&#39;ersali</span> <span class='ocrx_word' id='word_1_16' title='bbox 772 212 844 263; x_wconf 88' lang='lat' dir='ltr'>post</span> <span class='ocrx_word' id='word_1_17' title='bbox 858 211 925 249; x_wconf 86' lang='lat' dir='ltr'>fata</span> <span class='ocrx_word' id='word_1_18' title='bbox 940 215 1081 250; x_wconf 73' lang='lat' dir='ltr'>autstoris</span> <span class='ocrx_word' id='word_1_19' title='bbox 1098 212 1183 250; x_wconf 86' lang='lat' dir='ltr'>edita</span> <span class='ocrx_word' id='word_1_20' title='bbox 1198 227 1272 263; x_wconf 84' lang='lat' dir='ltr'>pag.</span> <span class='ocrx_word' id='word_1_21' title='bbox 1286 215 1351 259; x_wconf 77' lang='lat'>78.)</span> <span class='ocrx_word' id='word_1_22' title='bbox 1374 216 1486 262; x_wconf 87' lang='lat' dir='ltr'>pauci,</span> <span class='ocrx_word' id='word_1_23' title='bbox 1513 222 1546 248; x_wconf 90' lang='lat' dir='ltr'>vt</span> <span class='ocrx_word' id='word_1_24' title='bbox 1570 213 1650 248; x_wconf 87' lang='lat' dir='ltr'>mihi</span> <span class='ocrx_word' id='word_1_25' title='bbox 1672 211 1867 262; x_wconf 80' lang='lat' dir='ltr'>persuadeo,</span> <span class='ocrx_word' id='word_1_26' title='bbox 1894 215 1951 260; x_wconf 87' lang='lat' dir='ltr'>qui</span> 
     </span>
     <span class='ocr_line' id='line_1_4' title="bbox 246 262 1953 315; baseline 0 -17"><span class='ocrx_word' id='word_1_27' title='bbox 246 263 324 299; x_wconf 82' lang='lat' dir='ltr'>illos</span> <span class='ocrx_word' id='word_1_28' title='bbox 341 263 497 311; x_wconf 78' lang='lat' dir='ltr'>legerint,</span> <span class='ocrx_word' id='word_1_29' title='bbox 523 262 750 301; x_wconf 87' lang='lat' dir='ltr'>adsentientur.</span> <span class='ocrx_word' id='word_1_30' title='bbox 802 264 1021 303; x_wconf 75' lang='lat' dir='ltr'>Abrahamum</span> <span class='ocrx_word' id='word_1_31' title='bbox 1037 278 1136 315; x_wconf 92' lang='lat' dir='ltr'>porro</span> <span class='ocrx_word' id='word_1_32' title='bbox 1152 267 1320 301; x_wconf 76' lang='lat' dir='ltr'>Scultctum</span> <span class='ocrx_word' id='word_1_33' title='bbox 1341 266 1523 300; x_wconf 84' lang='lat' dir='ltr'>memoriae</span> <span class='ocrx_word' id='word_1_34' title='bbox 1541 264 1593 299; x_wconf 89' lang='lat' dir='ltr'>vel</span> <span class='ocrx_word' id='word_1_35' title='bbox 1617 265 1732 300; x_wconf 87' lang='lat' dir='ltr'>calami</span> <span class='ocrx_word' id='word_1_36' title='bbox 1753 277 1864 300; x_wconf 91' lang='lat' dir='ltr'>errore</span> <span class='ocrx_word' id='word_1_37' title='bbox 1885 262 1953 312; x_wconf 84' lang='lat' dir='ltr'>lap-</span> 
     </span>
     <span class='ocr_line' id='line_1_5' title="bbox 247 312 1953 366; baseline -0.001 -16"><span class='ocrx_word' id='word_1_38' title='bbox 247 312 319 350; x_wconf 88' lang='lat' dir='ltr'>sum</span> <span class='ocrx_word' id='word_1_39' title='bbox 334 313 396 350; x_wconf 83' lang='lat' dir='ltr'>effe</span> <span class='ocrx_word' id='word_1_40' title='bbox 415 325 520 362; x_wconf 76' lang='lat' dir='ltr'>patet,</span> <span class='ocrx_word' id='word_1_41' title='bbox 543 314 674 364; x_wconf 86' lang='lat' dir='ltr'>quaudo</span> <span class='ocrx_word' id='word_1_42' title='bbox 691 325 780 364; x_wconf 82' lang='lat' dir='ltr'>parte</span> <span class='ocrx_word' id='word_1_43' title='bbox 795 317 817 351; x_wconf 90' lang='lat'>1.</span> <span class='ocrx_word' id='word_1_44' title='bbox 832 316 1005 353; x_wconf 77' lang='lat' dir='ltr'>Medullae</span> <span class='ocrx_word' id='word_1_45' title='bbox 1020 320 1150 354; x_wconf 71' lang='lat' dir='ltr'>Pati-um</span> <span class='ocrx_word' id='word_1_46' title='bbox 1168 329 1240 366; x_wconf 87' lang='lat' dir='ltr'>pag.</span> <span class='ocrx_word' id='word_1_47' title='bbox 1256 330 1303 363; x_wconf 83' lang='lat'>57.</span> <span class='ocrx_word' id='word_1_48' title='bbox 1320 314 1460 366; x_wconf 74' lang='lat' dir='ltr'>scripsit,</span> <span class='ocrx_word' id='word_1_49' title='bbox 1487 316 1730 365; x_wconf 77' lang='lat' dir='ltr'>Athenagoram</span> <span class='ocrx_word' id='word_1_50' title='bbox 1754 316 1852 352; x_wconf 79' lang='lat' dir='ltr'>libros</span> <span class='ocrx_word' id='word_1_51' title='bbox 1871 313 1953 350; x_wconf 83' lang='lat' dir='ltr'>duo-</span> 
     </span>
     <span class='ocr_line' id='line_1_6' title="bbox 247 365 1953 418; baseline -0.002 -14"><span class='ocrx_word' id='word_1_52' title='bbox 247 365 355 402; x_wconf 74' lang='lat' dir='ltr'>decim</span> <span class='ocrx_word' id='word_1_53' title='bbox 371 368 436 405; x_wconf 74' lang='grc' dir='ltr'>τῶν</span> <span class='ocrx_word' id='word_1_54' title='bbox 453 365 497 405; x_wconf 65' lang='grc' dir='ltr'>εἰς</span> <span class='ocrx_word' id='word_1_55' title='bbox 513 366 635 405; x_wconf 78' lang='grc' dir='ltr'><em>ἑαυτόν</em></span> <span class='ocrx_word' id='word_1_56' title='bbox 653 365 886 417; x_wconf 76' lang='lat' dir='ltr'>composuisse,</span> <span class='ocrx_word' id='word_1_57' title='bbox 911 381 994 418; x_wconf 92' lang='lat' dir='ltr'>quae</span> <span class='ocrx_word' id='word_1_58' title='bbox 1010 371 1043 404; x_wconf 90' lang='lat' dir='ltr'>in</span> <span class='ocrx_word' id='word_1_59' title='bbox 1064 369 1258 405; x_wconf 77' lang='lat' dir='ltr'>bibliotheca</span> <span class='ocrx_word' id='word_1_60' title='bbox 1276 370 1410 404; x_wconf 71' lang='lat' dir='ltr'>Gesner-i</span> <span class='ocrx_word' id='word_1_61' title='bbox 1433 365 1636 409; x_wconf 79' lang='lat' dir='ltr'>delitescant,</span> <span class='ocrx_word' id='word_1_62' title='bbox 1664 367 1694 402; x_wconf 89' lang='lat' dir='ltr'>id</span> <span class='ocrx_word' id='word_1_63' title='bbox 1717 367 1805 416; x_wconf 86' lang='lat' dir='ltr'>quod</span> <span class='ocrx_word' id='word_1_64' title='bbox 1829 369 1953 402; x_wconf 86' lang='lat' dir='ltr'>mirum</span> 
     </span>
     <span class='ocr_line' id='line_1_7' title="bbox 246 417 1954 468; baseline -0.001 -15"><span class='ocrx_word' id='word_1_65' title='bbox 246 417 415 453; x_wconf 84' lang='lat' dir='ltr'>videbatur</span> <span class='ocrx_word' id='word_1_66' title='bbox 429 420 567 454; x_wconf 77' lang='lat' dir='ltr'>Iohanni</span> <span class='ocrx_word' id='word_1_67' title='bbox 584 420 818 455; x_wconf 82' lang='lat' dir='ltr'>Hornbeeckio</span> <span class='ocrx_word' id='word_1_68' title='bbox 831 423 865 455; x_wconf 88' lang='lat' dir='ltr'>in</span> <span class='ocrx_word' id='word_1_69' title='bbox 881 419 1120 464; x_wconf 85' lang='lat' dir='ltr'>Miscellaneis;</span> <span class='ocrx_word' id='word_1_70' title='bbox 1146 418 1199 455; x_wconf 90' lang='lat' dir='ltr'>sed</span> <span class='ocrx_word' id='word_1_71' title='bbox 1215 423 1404 468; x_wconf 83' lang='lat' dir='ltr'>neutiquam</span> <span class='ocrx_word' id='word_1_72' title='bbox 1421 423 1543 455; x_wconf 87' lang='lat' dir='ltr'>mirum</span> <span class='ocrx_word' id='word_1_73' title='bbox 1560 419 1622 462; x_wconf 83' lang='lat' dir='ltr'>est,</span> <span class='ocrx_word' id='word_1_74' title='bbox 1649 417 1671 452; x_wconf 84' lang='lat' dir='ltr'>si</span> <span class='ocrx_word' id='word_1_75' title='bbox 1690 431 1750 467; x_wconf 91' lang='lat' dir='ltr'>pro</span> <span class='ocrx_word' id='word_1_76' title='bbox 1765 419 1954 464; x_wconf 84' lang='lat' dir='ltr'>Athenago-</span> 
     </span>
     <span class='ocr_line' id='line_1_8' title="bbox 245 466 1956 521; baseline 0.002 -18"><span class='ocrx_word' id='word_1_77' title='bbox 245 482 282 504; x_wconf 86' lang='lat' dir='ltr'>ra</span> <span class='ocrx_word' id='word_1_78' title='bbox 297 471 454 504; x_wconf 78' lang='lat' dir='ltr'>Antonini</span> <span class='ocrx_word' id='word_1_79' title='bbox 468 483 594 505; x_wconf 88' lang='lat' dir='ltr'>nomen</span> <span class='ocrx_word' id='word_1_80' title='bbox 611 481 806 519; x_wconf 79' lang='lat' dir='ltr'>reponatur,</span> <span class='ocrx_word' id='word_1_81' title='bbox 833 474 888 520; x_wconf 86' lang='lat' dir='ltr'>qui</span> <span class='ocrx_word' id='word_1_82' title='bbox 904 473 1024 508; x_wconf 87' lang='lat' dir='ltr'>horum</span> <span class='ocrx_word' id='word_1_83' title='bbox 1040 473 1201 509; x_wconf 90' lang='lat' dir='ltr'>librorum</span> <span class='ocrx_word' id='word_1_84' title='bbox 1220 471 1376 520; x_wconf 82' lang='lat' dir='ltr'>quaedam</span> <span class='ocrx_word' id='word_1_85' title='bbox 1395 469 1514 521; x_wconf 83' lang='lat' dir='ltr'>scripsit</span> <span class='ocrx_word' id='word_1_86' title='bbox 1527 474 1557 508; x_wconf 80' lang='grc' dir='ltr'>ἐν</span> <span class='ocrx_word' id='word_1_87' title='bbox 1571 466 1706 510; x_wconf 63' lang='grc' dir='ltr'><em>κεάὸοις</em></span> <span class='ocrx_word' id='word_1_88' title='bbox 1723 468 1807 520; x_wconf 65' lang='grc' dir='ltr'>πρὸς</span> <span class='ocrx_word' id='word_1_89' title='bbox 1828 469 1884 516; x_wconf 68' lang='lat' dir='ltr'>[if]</span> <span class='ocrx_word' id='word_1_90' title='bbox 1900 469 1956 519; x_wconf 61' lang='grc' dir='ltr'>,τῷ</span> 
     </span>
     <span class='ocr_line' id='line_1_9' title="bbox 246 518 1957 574; baseline -0.004 -14"><span class='ocrx_word' id='word_1_91' title='bbox 246 518 405 568; x_wconf 65' lang='lat' dir='ltr'>semaiae,</span> <span class='ocrx_word' id='word_1_92' title='bbox 431 523 464 556; x_wconf 91' lang='lat' dir='ltr'>in</span> <span class='ocrx_word' id='word_1_93' title='bbox 482 522 694 570; x_wconf 81' lang='lat' dir='ltr'>expeditione</span> <span class='ocrx_word' id='word_1_94' title='bbox 707 521 856 559; x_wconf 86' lang='lat' dir='ltr'>aduersus</span> <span class='ocrx_word' id='word_1_95' title='bbox 872 523 1005 571; x_wconf 81' lang='lat' dir='ltr'>Qados</span> <span class='ocrx_word' id='word_1_96' title='bbox 1022 538 1126 574; x_wconf 88' lang='lat' dir='ltr'>prope</span> <span class='ocrx_word' id='word_1_97' title='bbox 1142 526 1311 559; x_wconf 87' lang='lat' dir='ltr'>Granuam</span> <span class='ocrx_word' id='word_1_98' title='bbox 1330 535 1481 567; x_wconf 84' lang='lat' dir='ltr'>amnem3</span> <span class='ocrx_word' id='word_1_99' title='bbox 1507 532 1540 557; x_wconf 90' lang='lat' dir='ltr'>vt</span> <span class='ocrx_word' id='word_1_100' title='bbox 1561 520 1749 569; x_wconf 86' lang='lat' dir='ltr'>subscriptio</span> <span class='ocrx_word' id='word_1_101' title='bbox 1770 522 1865 557; x_wconf 87' lang='lat' dir='ltr'>habet</span> <span class='ocrx_word' id='word_1_102' title='bbox 1883 520 1957 555; x_wconf 87' lang='lat' dir='ltr'>libri</span> 
     </span>
     <span class='ocr_line' id='line_1_10' title="bbox 246 563 1957 627; baseline 0 -21"><span class='ocrx_word' id='word_1_103' title='bbox 246 575 345 621; x_wconf 85' lang='lat' dir='ltr'>primi</span> <span class='ocrx_word' id='word_1_104' title='bbox 362 563 440 608; x_wconf 64' lang='lat' dir='ltr'>calci</span> <span class='ocrx_word' id='word_1_105' title='bbox 455 571 599 609; x_wconf 66' lang='lat' dir='ltr'>adiecta:</span> <span class='ocrx_word' id='word_1_106' title='bbox 626 576 686 609; x_wconf 81' lang='lat' dir='ltr'>alia</span> <span class='ocrx_word' id='word_1_107' title='bbox 707 577 737 612; x_wconf 76' lang='grc' dir='ltr'>ἐν</span> <span class='ocrx_word' id='word_1_108' title='bbox 761 575 940 627; x_wconf 63' lang='grc' dir='ltr'>Καξνέντῳ</span> <span class='ocrx_word' id='word_1_109' title='bbox 967 577 1143 621; x_wconf 83' lang='lat' dir='ltr'>Carnunti,</span> <span class='ocrx_word' id='word_1_110' title='bbox 1167 577 1368 619; x_wconf 77' lang='lat' dir='ltr'>(Pannoniae</span> <span class='ocrx_word' id='word_1_111' title='bbox 1394 573 1564 624; x_wconf 83' lang='lat' dir='ltr'>superioris</span> <span class='ocrx_word' id='word_1_112' title='bbox 1582 572 1728 623; x_wconf 90' lang='lat' dir='ltr'>oppido,</span> <span class='ocrx_word' id='word_1_113' title='bbox 1749 571 1789 608; x_wconf 85' lang='lat' dir='ltr'>ad</span> <span class='ocrx_word' id='word_1_114' title='bbox 1813 569 1901 620; x_wconf 87' lang='lat' dir='ltr'>quod</span> <span class='ocrx_word' id='word_1_115' title='bbox 1922 572 1957 606; x_wconf 86' lang='lat' dir='ltr'>in</span> 
     </span>
     <span class='ocr_line' id='line_1_11' title="bbox 247 624 1957 674; baseline -0.001 -15"><span class='ocrx_word' id='word_1_116' title='bbox 247 624 336 659; x_wconf 90' lang='lat' dir='ltr'>bello</span> <span class='ocrx_word' id='word_1_117' title='bbox 352 626 628 662; x_wconf 80' lang='lat' dir='ltr'>Marcomannico</span> <span class='ocrx_word' id='word_1_118' title='bbox 646 639 703 674; x_wconf 84' lang='lat' dir='ltr'>per</span> <span class='ocrx_word' id='word_1_119' title='bbox 716 629 892 663; x_wconf 90' lang='lat' dir='ltr'>triennium</span> <span class='ocrx_word' id='word_1_120' title='bbox 907 626 1036 671; x_wconf 79' lang='lat' dir='ltr'>haefit‚)</span> <span class='ocrx_word' id='word_1_121' title='bbox 1052 638 1084 662; x_wconf 91' lang='lat' dir='ltr'>vt</span> <span class='ocrx_word' id='word_1_122' title='bbox 1099 627 1137 662; x_wconf 89' lang='lat' dir='ltr'>ad</span> <span class='ocrx_word' id='word_1_123' title='bbox 1155 637 1340 663; x_wconf 86' lang='lat' dir='ltr'>extremum</span> <span class='ocrx_word' id='word_1_124' title='bbox 1358 627 1429 662; x_wconf 89' lang='lat' dir='ltr'>libri</span> <span class='ocrx_word' id='word_1_125' title='bbox 1451 624 1581 661; x_wconf 87' lang='lat' dir='ltr'>secundi</span> <span class='ocrx_word' id='word_1_126' title='bbox 1605 626 1732 673; x_wconf 85' lang='lat' dir='ltr'>legitur.</span> <span class='ocrx_word' id='word_1_127' title='bbox 1781 625 1888 659; x_wconf 89' lang='lat' dir='ltr'>Ceteri</span> <span class='ocrx_word' id='word_1_128' title='bbox 1909 624 1957 658; x_wconf 87' lang='lat' dir='ltr'>ni-</span> 
     </span>
     <span class='ocr_line' id='line_1_12' title="bbox 246 672 1959 728; baseline -0.002 -16"><span class='ocrx_word' id='word_1_129' title='bbox 246 675 295 712; x_wconf 87' lang='lat' dir='ltr'>hil</span> <span class='ocrx_word' id='word_1_130' title='bbox 313 674 472 711; x_wconf 86' lang='lat' dir='ltr'>eiusmodi</span> <span class='ocrx_word' id='word_1_131' title='bbox 495 676 687 714; x_wconf 85' lang='lat' dir='ltr'>adnotatum</span> <span class='ocrx_word' id='word_1_132' title='bbox 711 678 752 714; x_wconf 86' lang='lat' dir='ltr'>de</span> <span class='ocrx_word' id='word_1_133' title='bbox 777 680 874 721; x_wconf 86' lang='lat' dir='ltr'>loco,</span> <span class='ocrx_word' id='word_1_134' title='bbox 901 682 933 714; x_wconf 90' lang='lat' dir='ltr'>in</span> <span class='ocrx_word' id='word_1_135' title='bbox 952 692 1018 728; x_wconf 89' lang='lat' dir='ltr'>quo</span> <span class='ocrx_word' id='word_1_136' title='bbox 1035 677 1138 727; x_wconf 88' lang='lat' dir='ltr'>scripti</span> <span class='ocrx_word' id='word_1_137' title='bbox 1159 676 1243 722; x_wconf 68' lang='lat' dir='ltr'>sunt,</span> <span class='ocrx_word' id='word_1_138' title='bbox 1268 679 1396 714; x_wconf 83' lang='lat' dir='ltr'>habent.</span> <span class='ocrx_word' id='word_1_139' title='bbox 1449 679 1604 727; x_wconf 85' lang='lat' dir='ltr'>Spirantis</span> <span class='ocrx_word' id='word_1_140' title='bbox 1624 675 1729 711; x_wconf 87' lang='lat' dir='ltr'>adhuc</span> <span class='ocrx_word' id='word_1_141' title='bbox 1751 685 1781 710; x_wconf 86' lang='lat' dir='ltr'>et</span> <span class='ocrx_word' id='word_1_142' title='bbox 1806 672 1959 723; x_wconf 83' lang='lat' dir='ltr'>grauidae</span> 
     </span>
     <span class='ocr_line' id='line_1_13' title="bbox 247 727 1958 777; baseline -0.001 -15"><span class='ocrx_word' id='word_1_143' title='bbox 247 729 357 762; x_wconf 87' lang='lat' dir='ltr'>vxoris</span> <span class='ocrx_word' id='word_1_144' title='bbox 387 730 515 764; x_wconf 83' lang='lat' dir='ltr'>mentio</span> <span class='ocrx_word' id='word_1_145' title='bbox 539 731 561 764; x_wconf 90' lang='lat' dir='ltr'>I.</span> <span class='ocrx_word' id='word_1_146' title='bbox 584 743 628 775; x_wconf 83' lang='lat'>17.</span> <span class='ocrx_word' id='word_1_147' title='bbox 663 731 716 765; x_wconf 89' lang='lat' dir='ltr'>IX.</span> <span class='ocrx_word' id='word_1_148' title='bbox 741 743 766 773; x_wconf 85' lang='lat'>3.</span> <span class='ocrx_word' id='word_1_149' title='bbox 798 731 933 777; x_wconf 88' lang='lat' dir='ltr'>[mortui</span> <span class='ocrx_word' id='word_1_150' title='bbox 957 733 1134 772; x_wconf 74' lang='lat' dir='ltr'>Antonini,</span> <span class='ocrx_word' id='word_1_151' title='bbox 1159 732 1215 765; x_wconf 63' lang='lat' dir='ltr'>lv.</span> <span class='ocrx_word' id='word_1_152' title='bbox 1233 742 1277 773; x_wconf 85' lang='lat'>33.</span> <span class='ocrx_word' id='word_1_153' title='bbox 1305 741 1335 766; x_wconf 86' lang='lat' dir='ltr'>et</span> <span class='ocrx_word' id='word_1_154' title='bbox 1359 728 1500 765; x_wconf 82' lang='lat' dir='ltr'>excessus</span> <span class='ocrx_word' id='word_1_155' title='bbox 1517 732 1615 770; x_wconf 77' lang='lat' dir='ltr'>Veri,</span> <span class='ocrx_word' id='word_1_156' title='bbox 1643 730 1728 762; x_wconf 89' lang='lat' dir='ltr'>V111.</span> <span class='ocrx_word' id='word_1_157' title='bbox 1746 738 1790 770; x_wconf 73' lang='lat'>25,</span> <span class='ocrx_word' id='word_1_158' title='bbox 1864 727 1958 773; x_wconf 79' lang='lat' dir='ltr'>Qae</span> 
     </span>
     <span class='ocr_line' id='line_1_14' title="bbox 247 778 1960 831; baseline -0.002 -18"><span class='ocrx_word' id='word_1_159' title='bbox 247 780 363 815; x_wconf 80' lang='lat' dir='ltr'>omnia</span> <span class='ocrx_word' id='word_1_160' title='bbox 381 780 474 814; x_wconf 87' lang='lat' dir='ltr'>latius</span> <span class='ocrx_word' id='word_1_161' title='bbox 489 778 637 829; x_wconf 83' lang='lat' dir='ltr'>exposuit</span> <span class='ocrx_word' id='word_1_162' title='bbox 651 782 766 817; x_wconf 78' lang='lat' dir='ltr'>Koelcr</span> <span class='ocrx_word' id='word_1_163' title='bbox 778 795 852 830; x_wconf 83' lang='lat' dir='ltr'>pag.</span> <span class='ocrx_word' id='word_1_164' title='bbox 870 795 898 818; x_wconf 90' lang='lat'>11</span> <span class='ocrx_word' id='word_1_165' title='bbox 917 780 961 830; x_wconf 90' lang='lat' dir='ltr'>sq.</span> <span class='ocrx_word' id='word_1_166' title='bbox 989 793 1037 820; x_wconf 65' lang='lat' dir='ltr'>et„</span> <span class='ocrx_word' id='word_1_167' title='bbox 1065 781 1152 831; x_wconf 91' lang='lat' dir='ltr'>quod</span> <span class='ocrx_word' id='word_1_168' title='bbox 1171 781 1333 828; x_wconf 85' lang='lat' dir='ltr'>expeditio</span> <span class='ocrx_word' id='word_1_169' title='bbox 1358 785 1465 830; x_wconf 89' lang='lat' dir='ltr'>prima</span> <span class='ocrx_word' id='word_1_170' title='bbox 1488 783 1522 815; x_wconf 86' lang='lat' dir='ltr'>in</span> <span class='ocrx_word' id='word_1_171' title='bbox 1544 783 1804 816; x_wconf 79' lang='lat' dir='ltr'>Marcomannos</span> <span class='ocrx_word' id='word_1_172' title='bbox 1826 787 1859 813; x_wconf 90' lang='lat' dir='ltr'>et</span> <span class='ocrx_word' id='word_1_173' title='bbox 1873 779 1960 823; x_wconf 82' lang='lat' dir='ltr'>Qa-</span> 
     </span>
     <span class='ocr_line' id='line_1_15' title="bbox 247 827 1960 882; baseline -0.001 -17"><span class='ocrx_word' id='word_1_174' title='bbox 247 829 309 866; x_wconf 84' lang='lat' dir='ltr'>dos</span> <span class='ocrx_word' id='word_1_175' title='bbox 332 833 441 878; x_wconf 85' lang='lat' dir='ltr'>coepit</span> <span class='ocrx_word' id='word_1_176' title='bbox 463 845 489 869; x_wconf 82' lang='lat' dir='ltr'>a.</span> <span class='ocrx_word' id='word_1_177' title='bbox 509 844 585 875; x_wconf 71' lang='lat'>170,</span> <span class='ocrx_word' id='word_1_178' title='bbox 612 846 650 867; x_wconf 84' lang='lat' dir='ltr'>ac</span> <span class='ocrx_word' id='word_1_179' title='bbox 672 833 761 868; x_wconf 85' lang='lat' dir='ltr'>finita</span> <span class='ocrx_word' id='word_1_180' title='bbox 781 836 840 868; x_wconf 83' lang='lat' dir='ltr'>liac</span> <span class='ocrx_word' id='word_1_181' title='bbox 854 833 1064 882; x_wconf 85' lang='lat' dir='ltr'>expeditione</span> <span class='ocrx_word' id='word_1_182' title='bbox 1084 848 1112 869; x_wconf 85' lang='lat' dir='ltr'>a.</span> <span class='ocrx_word' id='word_1_183' title='bbox 1128 835 1165 868; x_wconf 93' lang='lat' dir='ltr'>C.</span> <span class='ocrx_word' id='word_1_184' title='bbox 1184 837 1249 876; x_wconf 82' lang='lat'><strong>176.</strong></span> <span class='ocrx_word' id='word_1_185' title='bbox 1276 835 1408 868; x_wconf 83' lang='lat' dir='ltr'>Marcus</span> <span class='ocrx_word' id='word_1_186' title='bbox 1431 834 1506 868; x_wconf 89' lang='lat' dir='ltr'>abiit</span> <span class='ocrx_word' id='word_1_187' title='bbox 1527 834 1560 867; x_wconf 90' lang='lat' dir='ltr'>in</span> <span class='ocrx_word' id='word_1_188' title='bbox 1584 834 1763 872; x_wconf 84' lang='lat' dir='ltr'>orientem,</span> <span class='ocrx_word' id='word_1_189' title='bbox 1793 827 1960 864; x_wconf 84' lang='lat' dir='ltr'>concludit</span> 
     </span>
     <span class='ocr_line' id='line_1_16' title="bbox 246 877 1960 930; baseline -0.001 -15"><span class='ocrx_word' id='word_1_190' title='bbox 246 881 342 916; x_wconf 85' lang='lat' dir='ltr'>Koel.</span> <span class='ocrx_word' id='word_1_191' title='bbox 365 884 518 918; x_wconf 80' lang='lat' dir='ltr'>Marcum</span> <span class='ocrx_word' id='word_1_192' title='bbox 535 896 617 930; x_wconf 89' lang='lat' dir='ltr'>opus</span> <span class='ocrx_word' id='word_1_193' title='bbox 635 881 728 919; x_wconf 91' lang='lat' dir='ltr'>suum</span> <span class='ocrx_word' id='word_1_194' title='bbox 744 888 825 920; x_wconf 87' lang='lat' dir='ltr'>inter</span> <span class='ocrx_word' id='word_1_195' title='bbox 841 885 915 919; x_wconf 85' lang='lat' dir='ltr'>belli</span> <span class='ocrx_word' id='word_1_196' title='bbox 937 887 1076 919; x_wconf 88' lang='lat' dir='ltr'>maximi</span> <span class='ocrx_word' id='word_1_197' title='bbox 1100 884 1260 919; x_wconf 88' lang='lat' dir='ltr'>tumultus</span> <span class='ocrx_word' id='word_1_198' title='bbox 1282 888 1365 919; x_wconf 83' lang='lat' dir='ltr'>intra</span> <span class='ocrx_word' id='word_1_199' title='bbox 1387 897 1490 919; x_wconf 85' lang='lat' dir='ltr'>annos</span> <span class='ocrx_word' id='word_1_200' title='bbox 1510 895 1568 925; x_wconf 82' lang='lat'>¹70</span> <span class='ocrx_word' id='word_1_201' title='bbox 1589 893 1619 917; x_wconf 89' lang='lat' dir='ltr'>et</span> <span class='ocrx_word' id='word_1_202' title='bbox 1644 885 1713 926; x_wconf 81' lang='lat'><strong>176.</strong></span> <span class='ocrx_word' id='word_1_203' title='bbox 1733 877 1960 927; x_wconf 70' lang='lat' dir='ltr'>conscripsisse.</span> 
     </span>
     <span class='ocr_line' id='line_1_17' title="bbox 247 927 1962 985; baseline -0.001 -18"><span class='ocrx_word' id='word_1_204' title='bbox 247 935 354 980; x_wconf 79' lang='lat' dir='ltr'>Atque</span> <span class='ocrx_word' id='word_1_205' title='bbox 377 934 532 968; x_wconf 60' lang='lat' dir='ltr'>Moshem.</span> <span class='ocrx_word' id='word_1_206' title='bbox 558 937 591 969; x_wconf 90' lang='lat' dir='ltr'>in</span> <span class='ocrx_word' id='word_1_207' title='bbox 607 933 694 969; x_wconf 83' lang='lat' dir='ltr'>Obff.</span> <span class='ocrx_word' id='word_1_208' title='bbox 718 936 772 970; x_wconf 91' lang='lat' dir='ltr'>lib.</span> <span class='ocrx_word' id='word_1_209' title='bbox 790 940 812 971; x_wconf 90' lang='lat'>1.</span> <span class='ocrx_word' id='word_1_210' title='bbox 832 948 906 984; x_wconf 85' lang='lat' dir='ltr'>pag.</span> <span class='ocrx_word' id='word_1_211' title='bbox 927 948 978 977; x_wconf 84' lang='lat'>141</span> <span class='ocrx_word' id='word_1_212' title='bbox 998 934 1065 985; x_wconf 89' lang='lat' dir='ltr'>sqq.</span> <span class='ocrx_word' id='word_1_213' title='bbox 1090 934 1277 978; x_wconf 83' lang='lat' dir='ltr'>contendit,</span> <span class='ocrx_word' id='word_1_214' title='bbox 1304 938 1354 972; x_wconf 89' lang='lat' dir='ltr'>M.</span> <span class='ocrx_word' id='word_1_215' title='bbox 1369 937 1575 971; x_wconf 82' lang='lat' dir='ltr'>Antoninum</span> <span class='ocrx_word' id='word_1_216' title='bbox 1595 934 1656 968; x_wconf 86' lang='lat' dir='ltr'>hos</span> <span class='ocrx_word' id='word_1_217' title='bbox 1679 932 1779 968; x_wconf 74' lang='lat' dir='ltr'>libros</span> <span class='ocrx_word' id='word_1_218' title='bbox 1798 944 1869 967; x_wconf 86' lang='lat' dir='ltr'>non</span> <span class='ocrx_word' id='word_1_219' title='bbox 1887 927 1962 966; x_wconf 84' lang='lat' dir='ltr'>scri-</span> 
     </span>
     <span class='ocr_line' id='line_1_18' title="bbox 247 982 1023 1035; baseline 0.003 -16"><span class='ocrx_word' id='word_1_220' title='bbox 247 982 339 1032; x_wconf 77' lang='lat' dir='ltr'>pfiffe</span> <span class='ocrx_word' id='word_1_221' title='bbox 354 998 419 1020; x_wconf 90' lang='lat' dir='ltr'>vno</span> <span class='ocrx_word' id='word_1_222' title='bbox 434 996 605 1035; x_wconf 79' lang='lat' dir='ltr'>tempore,</span> <span class='ocrx_word' id='word_1_223' title='bbox 631 1000 691 1021; x_wconf 89' lang='lat' dir='ltr'>nec</span> <span class='ocrx_word' id='word_1_224' title='bbox 706 1000 768 1022; x_wconf 86' lang='lat' dir='ltr'>vna</span> <span class='ocrx_word' id='word_1_225' title='bbox 788 985 879 1022; x_wconf 81' lang='lat' dir='ltr'>serie.</span> <span class='ocrx_word' id='word_1_226' title='bbox 907 987 1023 1032; x_wconf 63' lang='lat' dir='ltr'>Harl]</span> 
     </span>
    </p>
   </div>
   <div class='ocr_carea' id='block_1_4' title="bbox 396 1078 1817 1117">
    <p class='ocr_par' dir='ltr' id='par_1_4' title="bbox 396 1078 1817 1117">
     <span class='ocr_line' id='line_1_19' title="bbox 396 1078 1817 1117; baseline -0.001 -4"><span class='ocrx_word' id='word_1_227' title='bbox 396 1079 456 1114; x_wconf 85' lang='lat'>111.</span> <span class='ocrx_word' id='word_1_228' title='bbox 510 1079 630 1116; x_wconf 85' lang='lat' dir='ltr'>Codd.</span> <span class='ocrx_word' id='word_1_229' title='bbox 670 1081 812 1115; x_wconf 78' lang='lat' dir='ltr'>Mssti</span> <span class='ocrx_word' id='word_1_230' title='bbox 850 1088 886 1115; x_wconf 82' lang='lat' dir='ltr'>et</span> <span class='ocrx_word' id='word_1_231' title='bbox 920 1081 1120 1116; x_wconf 83' lang='lat' dir='ltr'>editiones</span> <span class='ocrx_word' id='word_1_232' title='bbox 1157 1082 1361 1117; x_wconf 79' lang='lat' dir='ltr'>librorum</span> <span class='ocrx_word' id='word_1_233' title='bbox 1387 1079 1480 1116; x_wconf 85' lang='lat' dir='ltr'>XII.</span> <span class='ocrx_word' id='word_1_234' title='bbox 1520 1080 1574 1116; x_wconf 87' lang='lat' dir='ltr'>M.</span> <span class='ocrx_word' id='word_1_235' title='bbox 1599 1078 1817 1115; x_wconf 73' lang='lat' dir='ltr'>Antonini.</span> 
     </span>
    </p>
   </div>
   <div class='ocr_carea' id='block_1_5' title="bbox 249 1142 1968 1675">
    <p class='ocr_par' dir='ltr' id='par_1_5' title="bbox 249 1142 1967 1595">
     <span class='ocr_line' id='line_1_20' title="bbox 356 1142 1963 1197; baseline -0.001 -15"><span class='ocrx_word' id='word_1_236' title='bbox 356 1147 501 1186; x_wconf 66' lang='lat' dir='ltr'>Codices,</span> <span class='ocrx_word' id='word_1_237' title='bbox 529 1161 610 1193; x_wconf 84' lang='lat' dir='ltr'>quos</span> <span class='ocrx_word' id='word_1_238' title='bbox 633 1146 817 1183; x_wconf 84' lang='lat' dir='ltr'>admodum</span> <span class='ocrx_word' id='word_1_239' title='bbox 840 1161 961 1197; x_wconf 81' lang='lat' dir='ltr'>paucos</span> <span class='ocrx_word' id='word_1_240' title='bbox 982 1146 1044 1183; x_wconf 81' lang='lat' dir='ltr'>csse</span> <span class='ocrx_word' id='word_1_241' title='bbox 1066 1147 1301 1189; x_wconf 84' lang='lat' dir='ltr'>animaduerti,</span> <span class='ocrx_word' id='word_1_242' title='bbox 1336 1150 1481 1196; x_wconf 88' lang='lat' dir='ltr'>primum</span> <span class='ocrx_word' id='word_1_243' title='bbox 1504 1146 1665 1183; x_wconf 89' lang='lat' dir='ltr'>indicabo.</span> <span class='ocrx_word' id='word_1_244' title='bbox 1724 1148 1773 1182; x_wconf 87' lang='lat' dir='ltr'>Ex</span> <span class='ocrx_word' id='word_1_245' title='bbox 1793 1143 1867 1180; x_wconf 91' lang='lat' dir='ltr'>cod.</span> <span class='ocrx_word' id='word_1_246' title='bbox 1887 1142 1963 1180; x_wconf 84' lang='lat' dir='ltr'>bibl.</span> 
     </span>
     <span class='ocr_line' id='line_1_21' title="bbox 251 1194 1966 1248; baseline -0.001 -17"><span class='ocrx_word' id='word_1_247' title='bbox 251 1197 421 1245; x_wconf 68' lang='lat' dir='ltr'>quondam</span> <span class='ocrx_word' id='word_1_248' title='bbox 447 1199 714 1247; x_wconf 58' lang='lat' dir='ltr'>Heidelbergmifis</span> <span class='ocrx_word' id='word_1_249' title='bbox 739 1201 809 1248; x_wconf 86' lang='lat' dir='ltr'>(qui</span> <span class='ocrx_word' id='word_1_250' title='bbox 832 1213 911 1235; x_wconf 81' lang='lat' dir='ltr'>vero</span> <span class='ocrx_word' id='word_1_251' title='bbox 932 1202 1044 1248; x_wconf 62' lang='lat' dir='ltr'>periit,</span> <span class='ocrx_word' id='word_1_252' title='bbox 1079 1205 1168 1234; x_wconf 85' lang='lat' dir='ltr'>cuins</span> <span class='ocrx_word' id='word_1_253' title='bbox 1191 1210 1299 1235; x_wconf 85' lang='lat' dir='ltr'>tamen</span> <span class='ocrx_word' id='word_1_254' title='bbox 1324 1199 1490 1247; x_wconf 86' lang='lat' dir='ltr'>exemplar</span> <span class='ocrx_word' id='word_1_255' title='bbox 1512 1197 1727 1234; x_wconf 84' lang='lat' dir='ltr'>Hoesclielius</span> <span class='ocrx_word' id='word_1_256' title='bbox 1752 1197 1807 1232; x_wconf 81' lang='lat' dir='ltr'>fibi</span> <span class='ocrx_word' id='word_1_257' title='bbox 1830 1194 1966 1235; x_wconf 83' lang='lat' dir='ltr'>fecerat,</span> 
     </span>
     <span class='ocr_line' id='line_1_22' title="bbox 251 1248 1966 1299; baseline -0.001 -16"><span class='ocrx_word' id='word_1_258' title='bbox 251 1258 282 1283; x_wconf 80' lang='lat' dir='ltr'>et</span> <span class='ocrx_word' id='word_1_259' title='bbox 306 1263 347 1284; x_wconf 85' lang='lat' dir='ltr'>ex</span> <span class='ocrx_word' id='word_1_260' title='bbox 371 1263 437 1296; x_wconf 82' lang='lat' dir='ltr'>quo</span> <span class='ocrx_word' id='word_1_261' title='bbox 457 1251 599 1284; x_wconf 45' lang='lat' dir='ltr'>Muricus</span> <span class='ocrx_word' id='word_1_262' title='bbox 615 1248 826 1284; x_wconf 75' lang='lat' dir='ltr'>Casaubonus</span> <span class='ocrx_word' id='word_1_263' title='bbox 848 1255 949 1286; x_wconf 79' lang='lat' dir='ltr'>varias</span> <span class='ocrx_word' id='word_1_264' title='bbox 972 1250 1070 1285; x_wconf 81' lang='lat' dir='ltr'>edidit</span> <span class='ocrx_word' id='word_1_265' title='bbox 1093 1252 1280 1295; x_wconf 56' lang='lat' dir='ltr'>leciiones)</span> <span class='ocrx_word' id='word_1_266' title='bbox 1308 1251 1477 1295; x_wconf 70' lang='lat' dir='ltr'>Xylander</span> <span class='ocrx_word' id='word_1_267' title='bbox 1496 1253 1620 1297; x_wconf 86' lang='lat' dir='ltr'>primus</span> <span class='ocrx_word' id='word_1_268' title='bbox 1641 1250 1819 1299; x_wconf 84' lang='lat' dir='ltr'>publicauit</span> <span class='ocrx_word' id='word_1_269' title='bbox 1840 1259 1966 1282; x_wconf 84' lang='lat' dir='ltr'>textum</span> 
     </span>
     <span class='ocr_line' id='line_1_23' title="bbox 252 1298 1966 1349; baseline 0 -16"><span class='ocrx_word' id='word_1_270' title='bbox 252 1311 421 1347; x_wconf 77' lang='lat' dir='ltr'>graecum.</span> <span class='ocrx_word' id='word_1_271' title='bbox 449 1321 495 1327; x_wconf 88' lang='lat'>-—</span> <span class='ocrx_word' id='word_1_272' title='bbox 527 1305 561 1336; x_wconf 85' lang='lat' dir='ltr'>In</span> <span class='ocrx_word' id='word_1_273' title='bbox 578 1302 650 1336; x_wconf 72' lang='lat' dir='ltr'>bibl.</span> <span class='ocrx_word' id='word_1_274' title='bbox 668 1304 784 1337; x_wconf 58' lang='lat' dir='ltr'>Medic.</span> <span class='ocrx_word' id='word_1_275' title='bbox 801 1303 947 1338; x_wconf 82' lang='lat' dir='ltr'>Florent.</span> <span class='ocrx_word' id='word_1_276' title='bbox 967 1303 1041 1337; x_wconf 78' lang='lat' dir='ltr'>tesle</span> <span class='ocrx_word' id='word_1_277' title='bbox 1061 1304 1196 1337; x_wconf 74' lang='lat' dir='ltr'>Bandin.</span> <span class='ocrx_word' id='word_1_278' title='bbox 1214 1303 1306 1337; x_wconf 79' lang='lat' dir='ltr'>catal.</span> <span class='ocrx_word' id='word_1_279' title='bbox 1323 1302 1418 1337; x_wconf 92' lang='lat' dir='ltr'>codd.</span> <span class='ocrx_word' id='word_1_280' title='bbox 1434 1315 1482 1348; x_wconf 80' lang='lat' dir='ltr'>gr.</span> <span class='ocrx_word' id='word_1_281' title='bbox 1503 1303 1540 1337; x_wconf 86' lang='lat' dir='ltr'>II.</span> <span class='ocrx_word' id='word_1_282' title='bbox 1555 1302 1619 1336; x_wconf 78' lang='lat' dir='ltr'>col,</span> <span class='ocrx_word' id='word_1_283' title='bbox 1635 1304 1692 1346; x_wconf 84' lang='lat'>256</span> <span class='ocrx_word' id='word_1_284' title='bbox 1710 1298 1776 1349; x_wconf 88' lang='lat' dir='ltr'>sqq.</span> <span class='ocrx_word' id='word_1_285' title='bbox 1803 1298 1877 1334; x_wconf 91' lang='lat' dir='ltr'>cod.</span> <span class='ocrx_word' id='word_1_286' title='bbox 1894 1298 1966 1333; x_wconf 91' lang='lat' dir='ltr'><strong>VII.</strong></span> 
     </span>
     <span class='ocr_line' id='line_1_24' title="bbox 251 1347 1966 1402; baseline -0.001 -17"><span class='ocrx_word' id='word_1_287' title='bbox 251 1350 333 1398; x_wconf 88' lang='lat' dir='ltr'>plut.</span> <span class='ocrx_word' id='word_1_288' title='bbox 353 1355 418 1386; x_wconf 86' lang='lat' dir='ltr'>LV.</span> <span class='ocrx_word' id='word_1_289' title='bbox 447 1352 542 1386; x_wconf 82' lang='lat' dir='ltr'>habet</span> <span class='ocrx_word' id='word_1_290' title='bbox 566 1366 605 1387; x_wconf 88' lang='lat' dir='ltr'>ex</span> <span class='ocrx_word' id='word_1_291' title='bbox 633 1353 720 1387; x_wconf 90' lang='lat' dir='ltr'>libris</span> <span class='ocrx_word' id='word_1_292' title='bbox 742 1355 780 1388; x_wconf 91' lang='lat' dir='ltr'>V.</span> <span class='ocrx_word' id='word_1_293' title='bbox 803 1355 859 1389; x_wconf 92' lang='lat' dir='ltr'>Vl.</span> <span class='ocrx_word' id='word_1_294' title='bbox 882 1355 951 1387; x_wconf 87' lang='lat' dir='ltr'><strong>VII.</strong></span> <span class='ocrx_word' id='word_1_295' title='bbox 976 1356 1060 1390; x_wconf 88' lang='lat' dir='ltr'><strong>VIIl.</strong></span> <span class='ocrx_word' id='word_1_296' title='bbox 1081 1355 1261 1390; x_wconf 75' lang='lat' dir='ltr'>lx-Xn,</span> <span class='ocrx_word' id='word_1_297' title='bbox 1288 1356 1392 1402; x_wconf 83' lang='lat' dir='ltr'>capita</span> <span class='ocrx_word' id='word_1_298' title='bbox 1419 1355 1656 1402; x_wconf 79' lang='lat' dir='ltr'>quinquaginta</span> <span class='ocrx_word' id='word_1_299' title='bbox 1685 1354 1812 1399; x_wconf 86' lang='lat' dir='ltr'>integra</span> <span class='ocrx_word' id='word_1_300' title='bbox 1839 1359 1870 1384; x_wconf 88' lang='lat' dir='ltr'>et</span> <span class='ocrx_word' id='word_1_301' title='bbox 1897 1347 1966 1384; x_wconf 86' lang='lat' dir='ltr'>duo</span> 
     </span>
     <span class='ocr_line' id='line_1_25' title="bbox 251 1399 1966 1454; baseline 0 -16"><span class='ocrx_word' id='word_1_302' title='bbox 251 1405 387 1443; x_wconf 71' lang='lat' dir='ltr'>mutila,</span> <span class='ocrx_word' id='word_1_303' title='bbox 416 1402 575 1451; x_wconf 75' lang='lat' dir='ltr'>quaedam</span> <span class='ocrx_word' id='word_1_304' title='bbox 598 1415 778 1451; x_wconf 74' lang='lat' dir='ltr'>praeterea,</span> <span class='ocrx_word' id='word_1_305' title='bbox 808 1418 888 1453; x_wconf 86' lang='lat' dir='ltr'>quae</span> <span class='ocrx_word' id='word_1_306' title='bbox 912 1405 1045 1442; x_wconf 80' lang='lat' dir='ltr'>Bandin.</span> <span class='ocrx_word' id='word_1_307' title='bbox 1068 1420 1135 1440; x_wconf 88' lang='lat' dir='ltr'>non</span> <span class='ocrx_word' id='word_1_308' title='bbox 1160 1408 1275 1454; x_wconf 81' lang='lat' dir='ltr'>reperit</span> <span class='ocrx_word' id='word_1_309' title='bbox 1300 1407 1332 1440; x_wconf 90' lang='lat' dir='ltr'>in</span> <span class='ocrx_word' id='word_1_310' title='bbox 1357 1404 1431 1440; x_wconf 86' lang='lat' dir='ltr'>edit.</span> <span class='ocrx_word' id='word_1_311' title='bbox 1450 1405 1638 1452; x_wconf 81' lang='lat' dir='ltr'>Cantabrig.</span> <span class='ocrx_word' id='word_1_312' title='bbox 1656 1406 1743 1448; x_wconf 83' lang='lat'>1652.</span> <span class='ocrx_word' id='word_1_313' title='bbox 1761 1414 1794 1445; x_wconf 84' lang='grc'>4.</span> <span class='ocrx_word' id='word_1_314' title='bbox 1817 1421 1867 1429; x_wconf 91' lang='lat'>-</span> <span class='ocrx_word' id='word_1_315' title='bbox 1893 1399 1966 1435; x_wconf 83' lang='lat' dir='ltr'>cod-</span> 
     </span>
     <span class='ocr_line' id='line_1_26' title="bbox 251 1453 1966 1509; baseline 0 -21"><span class='ocrx_word' id='word_1_316' title='bbox 251 1454 354 1488; x_wconf 76' lang='lat' dir='ltr'>Xvu.</span> <span class='ocrx_word' id='word_1_317' title='bbox 382 1455 459 1501; x_wconf 88' lang='lat' dir='ltr'>plut.</span> <span class='ocrx_word' id='word_1_318' title='bbox 478 1456 555 1490; x_wconf 86' lang='lat' dir='ltr'><strong>LIX.</strong></span> <span class='ocrx_word' id='word_1_319' title='bbox 578 1465 608 1490; x_wconf 87' lang='lat' dir='ltr'>et</span> <span class='ocrx_word' id='word_1_320' title='bbox 629 1455 700 1490; x_wconf 81' lang='lat' dir='ltr'>cod.</span> <span class='ocrx_word' id='word_1_321' title='bbox 719 1458 802 1491; x_wconf 81' lang='lat' dir='ltr'><strong>XIII.</strong></span> <span class='ocrx_word' id='word_1_322' title='bbox 831 1456 911 1503; x_wconf 84' lang='lat' dir='ltr'>plut.</span> <span class='ocrx_word' id='word_1_323' title='bbox 928 1458 1070 1491; x_wconf 81' lang='lat' dir='ltr'><strong>LXXIV.</strong></span> <span class='ocrx_word' id='word_1_324' title='bbox 1095 1458 1215 1492; x_wconf 82' lang='lat' dir='ltr'>liabent</span> <span class='ocrx_word' id='word_1_325' title='bbox 1234 1471 1326 1506; x_wconf 85' lang='lat' dir='ltr'>capp.</span> <span class='ocrx_word' id='word_1_326' title='bbox 1345 1457 1488 1491; x_wconf 85' lang='lat' dir='ltr'><strong>XXXIX.</strong></span> <span class='ocrx_word' id='word_1_327' title='bbox 1511 1477 1563 1483; x_wconf 87' lang='grc'>--</span> <span class='ocrx_word' id='word_1_328' title='bbox 1591 1453 1666 1491; x_wconf 90' lang='lat' dir='ltr'>cod.</span> <span class='ocrx_word' id='word_1_329' title='bbox 1693 1453 1831 1502; x_wconf 86' lang='lat' dir='ltr'>denique</span> <span class='ocrx_word' id='word_1_330' title='bbox 1853 1453 1966 1509; x_wconf 66' lang='lat' dir='ltr'><strong>XLIY.</strong></span> 
     </span>
     <span class='ocr_line' id='line_1_27' title="bbox 249 1504 1967 1558; baseline 0.004 -20"><span class='ocrx_word' id='word_1_331' title='bbox 249 1504 331 1554; x_wconf 84' lang='lat' dir='ltr'>plut.</span> <span class='ocrx_word' id='word_1_332' title='bbox 351 1507 429 1541; x_wconf 66' lang='lat' dir='ltr'>Lm</span> <span class='ocrx_word' id='word_1_333' title='bbox 456 1506 552 1541; x_wconf 82' lang='lat' dir='ltr'>habet</span> <span class='ocrx_word' id='word_1_334' title='bbox 571 1510 626 1550; x_wconf 89' lang='lat'>46.</span> <span class='ocrx_word' id='word_1_335' title='bbox 643 1520 736 1557; x_wconf 86' lang='lat' dir='ltr'>capp.</span> <span class='ocrx_word' id='word_1_336' title='bbox 793 1510 832 1544; x_wconf 90' lang='lat' dir='ltr'>ln</span> <span class='ocrx_word' id='word_1_337' title='bbox 856 1509 953 1544; x_wconf 84' lang='lat' dir='ltr'>tribus</span> <span class='ocrx_word' id='word_1_338' title='bbox 977 1511 1092 1558; x_wconf 76' lang='lat' dir='ltr'>primis</span> <span class='ocrx_word' id='word_1_339' title='bbox 1121 1508 1215 1545; x_wconf 89' lang='lat' dir='ltr'>codd.</span> <span class='ocrx_word' id='word_1_340' title='bbox 1244 1509 1288 1544; x_wconf 81' lang='lat' dir='ltr'>est</span> <span class='ocrx_word' id='word_1_341' title='bbox 1312 1506 1478 1556; x_wconf 85' lang='lat' dir='ltr'>inscriptio</span> <span class='ocrx_word' id='word_1_342' title='bbox 1499 1504 1629 1557; x_wconf 66' lang='grc' dir='ltr'><em>Μάρκε</em></span> <span class='ocrx_word' id='word_1_343' title='bbox 1652 1504 1822 1545; x_wconf 62' lang='lat' dir='ltr'>’Am-mlv&amp;</span> <span class='ocrx_word' id='word_1_344' title='bbox 1845 1507 1881 1543; x_wconf 76' lang='grc' dir='ltr'>ἔκ</span> <span class='ocrx_word' id='word_1_345' title='bbox 1902 1519 1967 1543; x_wconf 71' lang='grc' dir='ltr'>των</span> 
     </span>
     <span class='ocr_line' id='line_1_28' title="bbox 251 1554 1070 1595; baseline -0.001 0"><span class='ocrx_word' id='word_1_346' title='bbox 251 1554 338 1595; x_wconf 71' lang='grc' dir='ltr'>καθ’</span> <span class='ocrx_word' id='word_1_347' title='bbox 359 1555 489 1595; x_wconf 74' lang='grc' dir='ltr'><em>ἕαυτᾶν.</em></span> <span class='ocrx_word' id='word_1_348' title='bbox 1068 1581 1070 1583; x_wconf 39' lang='lat' dir='ltr'>v</span> 
     </span>
    </p>

    <p class='ocr_par' dir='ltr' id='par_1_6' title="bbox 354 1621 1968 1675">
     <span class='ocr_line' id='line_1_29' title="bbox 354 1621 1968 1675; baseline 0 -18"><span class='ocrx_word' id='word_1_349' title='bbox 354 1626 390 1658; x_wconf 86' lang='lat' dir='ltr'>In</span> <span class='ocrx_word' id='word_1_350' title='bbox 413 1623 489 1658; x_wconf 88' lang='lat' dir='ltr'>bibl.</span> <span class='ocrx_word' id='word_1_351' title='bbox 516 1625 679 1660; x_wconf 81' lang='lat' dir='ltr'>Vaticana</span> <span class='ocrx_word' id='word_1_352' title='bbox 701 1625 826 1662; x_wconf 80' lang='lat' dir='ltr'>exstant</span> <span class='ocrx_word' id='word_1_353' title='bbox 848 1629 965 1675; x_wconf 78' lang='lat' dir='ltr'>integri</span> <span class='ocrx_word' id='word_1_354' title='bbox 994 1629 1101 1675; x_wconf 77' lang='lat' dir='ltr'>operis</span> <span class='ocrx_word' id='word_1_355' title='bbox 1129 1626 1250 1672; x_wconf 84' lang='lat' dir='ltr'>codex,</span> <span class='ocrx_word' id='word_1_356' title='bbox 1290 1635 1320 1661; x_wconf 86' lang='lat' dir='ltr'>et</span> <span class='ocrx_word' id='word_1_357' title='bbox 1340 1629 1485 1675; x_wconf 86' lang='lat' dir='ltr'>quinque</span> <span class='ocrx_word' id='word_1_358' title='bbox 1506 1625 1580 1668; x_wconf 79' lang='lat' dir='ltr'>alii,</span> <span class='ocrx_word' id='word_1_359' title='bbox 1620 1627 1674 1674; x_wconf 89' lang='lat' dir='ltr'>qui</span> <span class='ocrx_word' id='word_1_360' title='bbox 1697 1636 1776 1660; x_wconf 90' lang='lat' dir='ltr'>vero</span> <span class='ocrx_word' id='word_1_361' title='bbox 1795 1621 1968 1672; x_wconf 81' lang='lat' dir='ltr'>particulas</span> 
     </span>
    </p>
   </div>
   <div class='ocr_carea' id='block_1_6' title="bbox 251 1673 1968 1764">
    <p class='ocr_par' dir='ltr' id='par_1_7' title="bbox 251 1673 1968 1764">
     <span class='ocr_line' id='line_1_30' title="bbox 252 1673 1968 1762; baseline 0.002 -53"><span class='ocrx_word' id='word_1_362' title='bbox 252 1683 379 1710; x_wconf 84' lang='lat' dir='ltr'>tantum</span> <span class='ocrx_word' id='word_1_363' title='bbox 404 1678 583 1762; x_wconf 58' lang='lat' dir='ltr'>colntinent.</span> <span class='ocrx_word' id='word_1_364' title='bbox 636 1677 777 1714; x_wconf 89' lang='lat' dir='ltr'>Illorum</span> <span class='ocrx_word' id='word_1_365' title='bbox 799 1681 901 1715; x_wconf 83' lang='lat' dir='ltr'>varias</span> <span class='ocrx_word' id='word_1_366' title='bbox 924 1679 1080 1715; x_wconf 65' lang='lat' dir='ltr'>lediiones</span> <span class='ocrx_word' id='word_1_367' title='bbox 1103 1678 1329 1728; x_wconf 36' lang='lat' dir='ltr'>habuit-Ioly‚</span> <span class='ocrx_word' id='word_1_368' title='bbox 1355 1676 1408 1715; x_wconf 86' lang='lat' dir='ltr'>sed</span> <span class='ocrx_word' id='word_1_369' title='bbox 1428 1680 1465 1715; x_wconf 83' lang='lat' dir='ltr'>iis</span> <span class='ocrx_word' id='word_1_370' title='bbox 1482 1680 1522 1725; x_wconf 27' lang='lat' dir='ltr'>‚in</span> <span class='ocrx_word' id='word_1_371' title='bbox 1544 1675 1599 1714; x_wconf 81' lang='lat' dir='ltr'>sua</span> <span class='ocrx_word' id='word_1_372' title='bbox 1624 1675 1767 1713; x_wconf 83' lang='lat' dir='ltr'>editione</span> <span class='ocrx_word' id='word_1_373' title='bbox 1789 1688 1851 1712; x_wconf 88' lang='lat' dir='ltr'>nec</span> <span class='ocrx_word' id='word_1_374' title='bbox 1869 1673 1968 1724; x_wconf 80' lang='lat' dir='ltr'>plene</span> 
     </span>
     <span class='ocr_line' id='line_1_31' title="bbox 251 1726 569 1764; baseline 0.003 -2"><span class='ocrx_word' id='word_1_375' title='bbox 251 1740 313 1762; x_wconf 83' lang='lat' dir='ltr'>nec</span> <span class='ocrx_word' id='word_1_376' title='bbox 334 1729 396 1763; x_wconf 84' lang='lat' dir='ltr'>rite</span> <span class='ocrx_word' id='word_1_377' title='bbox 417 1741 435 1762; x_wconf 91' lang='lat' dir='ltr'><strong>v</strong></span> <span class='ocrx_word' id='word_1_378' title='bbox 454 1740 488 1762; x_wconf 87' lang='lat' dir='ltr'>us</span> <span class='ocrx_word' id='word_1_379' title='bbox 516 1726 569 1764; x_wconf 79' lang='lat' dir='ltr'>est.</span> 
     </span>
    </p>
   </div>
   <div class='ocr_carea' id='block_1_7' title="bbox 1927 1793 1967 1829">
    <p class='ocr_par' dir='ltr' id='par_1_8' title="bbox 1927 1793 1967 1829">
     <span class='ocr_line' id='line_1_32' title="bbox 1927 1793 1967 1829; baseline 0.05 -2"><span class='ocrx_word' id='word_1_380' title='bbox 1927 1793 1967 1829; x_wconf 78' lang='lat' dir='ltr'>In</span> 
     </span>
    </p>
   </div>
   <div class='ocr_carea' id='block_1_8' title="bbox 251 1903 1089 2416">
    <p class='ocr_par' dir='ltr' id='par_1_9' title="bbox 251 1903 1089 2416">
     <span class='ocr_line' id='line_1_33' title="bbox 253 1903 1089 1947; baseline 0.002 -13"><span class='ocrx_word' id='word_1_381' title='bbox 253 1904 355 1934; x_wconf 75' lang='lat' dir='ltr'>omnia</span> <span class='ocrx_word' id='word_1_382' title='bbox 373 1903 526 1937; x_wconf 77' lang='lat' dir='ltr'>dicuntur.</span> <span class='ocrx_word' id='word_1_383' title='bbox 569 1903 690 1944; x_wconf 60' lang='lat' dir='ltr'>Infima</span> <span class='ocrx_word' id='word_1_384' title='bbox 711 1904 854 1936; x_wconf 72' lang='lat' dir='ltr'>ridentur</span> <span class='ocrx_word' id='word_1_385' title='bbox 873 1905 927 1942; x_wconf 74' lang='lat' dir='ltr'>illi,</span> <span class='ocrx_word' id='word_1_386' title='bbox 949 1907 1002 1947; x_wconf 82' lang='lat' dir='ltr'>qui</span> <span class='ocrx_word' id='word_1_387' title='bbox 1023 1911 1089 1937; x_wconf 77' lang='lat' dir='ltr'>tam</span> 
     </span>
     <span class='ocr_line' id='line_1_34' title="bbox 251 1946 1088 1988; baseline 0.002 -11"><span class='ocrx_word' id='word_1_388' title='bbox 251 1947 410 1987; x_wconf 78' lang='lat' dir='ltr'>magnifice</span> <span class='ocrx_word' id='word_1_389' title='bbox 432 1946 487 1978; x_wconf 70' lang='lat' dir='ltr'>lioc</span> <span class='ocrx_word' id='word_1_390' title='bbox 499 1946 649 1988; x_wconf 75' lang='lat' dir='ltr'>sitriptnm</span> <span class='ocrx_word' id='word_1_391' title='bbox 670 1949 835 1983; x_wconf 68' lang='lat' dir='ltr'>extollunt,</span> <span class='ocrx_word' id='word_1_392' title='bbox 856 1959 920 1979; x_wconf 83' lang='lat' dir='ltr'>cum</span> <span class='ocrx_word' id='word_1_393' title='bbox 937 1959 972 1978; x_wconf 75' lang='lat' dir='ltr'>ne</span> <span class='ocrx_word' id='word_1_394' title='bbox 987 1950 1018 1979; x_wconf 76' lang='lat' dir='ltr'>in</span> <span class='ocrx_word' id='word_1_395' title='bbox 1031 1960 1088 1980; x_wconf 75' lang='lat' dir='ltr'>me-</span> 
     </span>
     <span class='ocr_line' id='line_1_35' title="bbox 252 1989 1088 2030; baseline 0.005 -11"><span class='ocrx_word' id='word_1_396' title='bbox 252 1989 349 2019; x_wconf 51' lang='lat' dir='ltr'>dior-ri</span> <span class='ocrx_word' id='word_1_397' title='bbox 368 1990 517 2030; x_wconf 70' lang='lat' dir='ltr'>scriptore</span> <span class='ocrx_word' id='word_1_398' title='bbox 539 1990 702 2026; x_wconf 73' lang='lat' dir='ltr'>istiusmodi</span> <span class='ocrx_word' id='word_1_399' title='bbox 724 1993 912 2030; x_wconf 72' lang='lat' dir='ltr'>negligentia</span> <span class='ocrx_word' id='word_1_400' title='bbox 935 1994 1088 2024; x_wconf 57' lang='lat' dir='ltr'>toln-etur.</span> 
     </span>
     <span class='ocr_line' id='line_1_36' title="bbox 253 2033 1087 2073; baseline 0.006 -14"><span class='ocrx_word' id='word_1_401' title='bbox 253 2033 340 2068; x_wconf 73' lang='lat' dir='ltr'>Qfflfl</span> <span class='ocrx_word' id='word_1_402' title='bbox 363 2043 433 2061; x_wconf 89' lang='lat' dir='ltr'>vero</span> <span class='ocrx_word' id='word_1_403' title='bbox 458 2043 519 2061; x_wconf 81' lang='lat' dir='ltr'>cam</span> <span class='ocrx_word' id='word_1_404' title='bbox 545 2033 583 2060; x_wconf 92' lang='lat' dir='ltr'>ob</span> <span class='ocrx_word' id='word_1_405' title='bbox 604 2033 715 2062; x_wconf 76' lang='lat' dir='ltr'>causam</span> <span class='ocrx_word' id='word_1_406' title='bbox 742 2034 934 2073; x_wconf 77' lang='lat' dir='ltr'>aspernandae</span> <span class='ocrx_word' id='word_1_407' title='bbox 963 2036 1014 2064; x_wconf 74' lang='lat' dir='ltr'>sint</span> <span class='ocrx_word' id='word_1_408' title='bbox 1038 2038 1087 2064; x_wconf 79' lang='lat' dir='ltr'>Fa-</span> 
     </span>
     <span class='ocr_line' id='line_1_37' title="bbox 254 2074 1087 2113; baseline 0.005 -10"><span class='ocrx_word' id='word_1_409' title='bbox 254 2074 355 2104; x_wconf 79' lang='lat' dir='ltr'>schalii</span> <span class='ocrx_word' id='word_1_410' title='bbox 373 2086 397 2103; x_wconf 86' lang='lat' dir='ltr'>v.</span> <span class='ocrx_word' id='word_1_411' title='bbox 413 2085 437 2112; x_wconf 80' lang='lat' dir='ltr'>g.</span> <span class='ocrx_word' id='word_1_412' title='bbox 457 2077 661 2112; x_wconf 79' lang='lat' dir='ltr'>cogitationes,</span> <span class='ocrx_word' id='word_1_413' title='bbox 688 2075 735 2106; x_wconf 83' lang='lat' dir='ltr'>vel</span> <span class='ocrx_word' id='word_1_414' title='bbox 749 2078 928 2106; x_wconf 59' lang='lat' dir='ltr'>characteres</span> <span class='ocrx_word' id='word_1_415' title='bbox 943 2079 1087 2113; x_wconf 71' lang='lat' dir='ltr'>Bruyerii,</span> 
     </span>
     <span class='ocr_line' id='line_1_38' title="bbox 254 2116 1087 2160; baseline 0.004 -14"><span class='ocrx_word' id='word_1_416' title='bbox 254 2116 302 2146; x_wconf 84' lang='lat' dir='ltr'>vel</span> <span class='ocrx_word' id='word_1_417' title='bbox 318 2116 507 2157; x_wconf 79' lang='lat' dir='ltr'>Rupefucaldi</span> <span class='ocrx_word' id='word_1_418' title='bbox 522 2118 741 2154; x_wconf 76' lang='lat' dir='ltr'>meditationes,</span> <span class='ocrx_word' id='word_1_419' title='bbox 764 2119 809 2147; x_wconf 82' lang='lat' dir='ltr'>vel</span> <span class='ocrx_word' id='word_1_420' title='bbox 830 2130 862 2148; x_wconf 87' lang='lat' dir='ltr'>cx</span> <span class='ocrx_word' id='word_1_421' title='bbox 879 2122 1006 2160; x_wconf 77' lang='lat' dir='ltr'>antiquis</span> <span class='ocrx_word' id='word_1_422' title='bbox 1023 2122 1087 2160; x_wconf 79' lang='lat' dir='ltr'>Epi-</span> 
     </span>
     <span class='ocr_line' id='line_1_39' title="bbox 254 2160 1087 2203; baseline 0.004 -14"><span class='ocrx_word' id='word_1_423' title='bbox 254 2160 324 2189; x_wconf 69' lang='lat' dir='ltr'>&amp;eti</span> <span class='ocrx_word' id='word_1_424' title='bbox 344 2161 546 2193; x_wconf 84' lang='lat' dir='ltr'>enchiridion,</span> <span class='ocrx_word' id='word_1_425' title='bbox 583 2161 661 2200; x_wconf 91' lang='lat' dir='ltr'>quod</span> <span class='ocrx_word' id='word_1_426' title='bbox 682 2161 784 2201; x_wconf 83' lang='lat' dir='ltr'>scripta</span> <span class='ocrx_word' id='word_1_427' title='bbox 809 2163 861 2191; x_wconf 79' lang='lat' dir='ltr'>sint</span> <span class='ocrx_word' id='word_1_428' title='bbox 883 2174 935 2202; x_wconf 86' lang='lat' dir='ltr'>per</span> <span class='ocrx_word' id='word_1_429' title='bbox 957 2164 1087 2203; x_wconf 83' lang='lat' dir='ltr'>aphoris-</span> 
     </span>
     <span class='ocr_line' id='line_1_40' title="bbox 255 2203 1088 2244; baseline 0.004 -13"><span class='ocrx_word' id='word_1_430' title='bbox 255 2212 328 2231; x_wconf 86' lang='lat' dir='ltr'>mos.</span> <span class='ocrx_word' id='word_1_431' title='bbox 371 2205 493 2232; x_wconf 85' lang='lat' dir='ltr'>Senecae</span> <span class='ocrx_word' id='word_1_432' title='bbox 516 2214 632 2242; x_wconf 85' lang='lat' dir='ltr'>quoquc</span> <span class='ocrx_word' id='word_1_433' title='bbox 655 2203 743 2233; x_wconf 85' lang='lat' dir='ltr'>libros</span> <span class='ocrx_word' id='word_1_434' title='bbox 767 2214 885 2244; x_wconf 85' lang='lat' dir='ltr'>propter</span> <span class='ocrx_word' id='word_1_435' title='bbox 905 2206 1088 2235; x_wconf 78' lang='lat' dir='ltr'>crebritatem</span> 
     </span>
     <span class='ocr_line' id='line_1_41' title="bbox 254 2245 1089 2287; baseline 0.005 -14"><span class='ocrx_word' id='word_1_436' title='bbox 254 2245 480 2274; x_wconf 83' lang='lat' dir='ltr'>meditationum</span> <span class='ocrx_word' id='word_1_437' title='bbox 505 2256 620 2274; x_wconf 80' lang='lat' dir='ltr'>arenam</span> <span class='ocrx_word' id='word_1_438' title='bbox 645 2246 702 2275; x_wconf 82' lang='lat' dir='ltr'>sine</span> <span class='ocrx_word' id='word_1_439' title='bbox 728 2246 802 2276; x_wconf 83' lang='lat' dir='ltr'>calce</span> <span class='ocrx_word' id='word_1_440' title='bbox 828 2247 989 2287; x_wconf 82' lang='lat' dir='ltr'>adpellabat</span> <span class='ocrx_word' id='word_1_441' title='bbox 1014 2248 1089 2277; x_wconf 75' lang='lat' dir='ltr'>Cali-</span> 
     </span>
     <span class='ocr_line' id='line_1_42' title="bbox 255 2287 1089 2331; baseline 0.005 -16"><span class='ocrx_word' id='word_1_442' title='bbox 255 2287 323 2324; x_wconf 81' lang='lat' dir='ltr'>gula</span> <span class='ocrx_word' id='word_1_443' title='bbox 350 2288 425 2328; x_wconf 82' lang='lat' dir='ltr'>apud</span> <span class='ocrx_word' id='word_1_444' title='bbox 453 2288 576 2318; x_wconf 73' lang='lat' dir='ltr'>Sneton.</span> <span class='ocrx_word' id='word_1_445' title='bbox 607 2299 667 2328; x_wconf 83' lang='lat' dir='ltr'>cap.</span> <span class='ocrx_word' id='word_1_446' title='bbox 686 2298 731 2322; x_wconf 76' lang='lat'>53.</span> <span class='ocrx_word' id='word_1_447' title='bbox 764 2289 850 2326; x_wconf 83' lang='lat' dir='ltr'>[adde</span> <span class='ocrx_word' id='word_1_448' title='bbox 877 2289 995 2319; x_wconf 68' lang='lat' dir='ltr'>Koes&#39;eri</span> <span class='ocrx_word' id='word_1_449' title='bbox 1017 2291 1089 2331; x_wconf 83' lang='lat' dir='ltr'>disp.</span> 
     </span>
     <span class='ocr_line' id='line_1_43' title="bbox 255 2330 1089 2370; baseline 0.006 -13"><span class='ocrx_word' id='word_1_450' title='bbox 255 2330 282 2368; x_wconf 56' lang='grc' dir='ltr'>ς.</span> <span class='ocrx_word' id='word_1_451' title='bbox 299 2331 347 2358; x_wconf 83' lang='lat' dir='ltr'>VI.</span> <span class='ocrx_word' id='word_1_452' title='bbox 372 2341 434 2370; x_wconf 83' lang='lat' dir='ltr'>pag.</span> <span class='ocrx_word' id='word_1_453' title='bbox 455 2341 487 2359; x_wconf 85' lang='lat'>12</span> <span class='ocrx_word' id='word_1_454' title='bbox 508 2331 565 2370; x_wconf 82' lang='lat' dir='ltr'>sqq.</span> <span class='ocrx_word' id='word_1_455' title='bbox 596 2331 764 2360; x_wconf 81' lang='lat' dir='ltr'>Boccierum</span> <span class='ocrx_word' id='word_1_456' title='bbox 782 2341 875 2361; x_wconf 85' lang='lat' dir='ltr'>tamen</span> <span class='ocrx_word' id='word_1_457' title='bbox 897 2333 1025 2362; x_wconf 70' lang='lat' dir='ltr'>defendit</span> <span class='ocrx_word' id='word_1_458' title='bbox 1041 2342 1089 2363; x_wconf 80' lang='lat' dir='ltr'>aut</span> 
     </span>
     <span class='ocr_line' id='line_1_44' title="bbox 256 2372 1089 2416; baseline 0.006 -15"><span class='ocrx_word' id='word_1_459' title='bbox 256 2372 369 2403; x_wconf 79' lang='lat' dir='ltr'>excusat</span> <span class='ocrx_word' id='word_1_460' title='bbox 384 2373 530 2414; x_wconf 68' lang='lat' dir='ltr'>lii-ausim</span> <span class='ocrx_word' id='word_1_461' title='bbox 544 2377 575 2406; x_wconf 81' lang='lat' dir='ltr'>in</span> <span class='ocrx_word' id='word_1_462' title='bbox 591 2374 789 2407; x_wconf 66' lang='lat' dir='ltr'>animaduerti]</span> <span class='ocrx_word' id='word_1_463' title='bbox 811 2375 847 2404; x_wconf 87' lang='lat' dir='ltr'>ad</span> <span class='ocrx_word' id='word_1_464' title='bbox 868 2378 929 2405; x_wconf 81' lang='lat' dir='ltr'>eius</span> <span class='ocrx_word' id='word_1_465' title='bbox 948 2376 1089 2416; x_wconf 76' lang='lat' dir='ltr'>Bibliogr.</span> 
     </span>
    </p>
   </div>
   <div class='ocr_carea' id='block_1_9' title="bbox 1130 1900 1971 2417">
    <p class='ocr_par' dir='ltr' id='par_1_10' title="bbox 1130 1900 1971 2417">
     <span class='ocr_line' id='line_1_45' title="bbox 1134 1900 1970 1947; baseline -0.006 -11"><span class='ocrx_word' id='word_1_466' title='bbox 1134 1907 1224 1936; x_wconf 87' lang='lat' dir='ltr'>critic.</span> <span class='ocrx_word' id='word_1_467' title='bbox 1244 1916 1306 1947; x_wconf 63' lang='lat' dir='ltr'>pag,</span> <span class='ocrx_word' id='word_1_468' title='bbox 1324 1909 1386 1942; x_wconf 79' lang='lat'>889.</span> <span class='ocrx_word' id='word_1_469' title='bbox 1401 1906 1481 1943; x_wconf 85' lang='lat'><em>890]</em></span> <span class='ocrx_word' id='word_1_470' title='bbox 1527 1903 1612 1935; x_wconf 88' lang='lat' dir='ltr'>Aliud</span> <span class='ocrx_word' id='word_1_471' title='bbox 1629 1905 1658 1934; x_wconf 89' lang='lat' dir='ltr'>in</span> <span class='ocrx_word' id='word_1_472' title='bbox 1680 1900 1899 1947; x_wconf 49' lang='lat' dir='ltr'>&amp;locoveris-ip</span> <span class='ocrx_word' id='word_1_473' title='bbox 1914 1904 1970 1932; x_wconf 84' lang='lat' dir='ltr'>im·</span> 
     </span>
     <span class='ocr_line' id='line_1_46' title="bbox 1133 1945 1969 1990; baseline -0.006 -12"><span class='ocrx_word' id='word_1_474' title='bbox 1133 1957 1267 1990; x_wconf 82' lang='lat' dir='ltr'>peratore</span> <span class='ocrx_word' id='word_1_475' title='bbox 1289 1952 1461 1978; x_wconf 80' lang='lat' dir='ltr'>criminatur</span> <span class='ocrx_word' id='word_1_476' title='bbox 1476 1948 1580 1989; x_wconf 85' lang='lat' dir='ltr'>Caspar</span> <span class='ocrx_word' id='word_1_477' title='bbox 1595 1949 1762 1985; x_wconf 76' lang='lat' dir='ltr'>Sagittarius</span> <span class='ocrx_word' id='word_1_478' title='bbox 1784 1945 1797 1975; x_wconf 80' lang='grc' dir='ltr'><em>ὅ</em></span> <span class='ocrx_word' id='word_1_479' title='bbox 1817 1948 1969 1984; x_wconf 71' lang='grc' dir='ltr'><strong><em>μακαρίτης</em></strong></span> 
     </span>
     <span class='ocr_line' id='line_1_47' title="bbox 1132 1987 1971 2030; baseline -0.005 -8"><span class='ocrx_word' id='word_1_480' title='bbox 1132 1993 1350 2022; x_wconf 68' lang='lat' dir='ltr'>introduc‘lione</span> <span class='ocrx_word' id='word_1_481' title='bbox 1366 1995 1395 2021; x_wconf 87' lang='lat' dir='ltr'>in</span> <span class='ocrx_word' id='word_1_482' title='bbox 1414 1994 1475 2022; x_wconf 83' lang='lat' dir='ltr'>lust.</span> <span class='ocrx_word' id='word_1_483' title='bbox 1493 1991 1703 2020; x_wconf 77' lang='lat' dir='ltr'>ecclesiasticam</span> <span class='ocrx_word' id='word_1_484' title='bbox 1718 2001 1779 2029; x_wconf 80' lang='lat' dir='ltr'>pag.</span> <span class='ocrx_word' id='word_1_485' title='bbox 1796 1993 1864 2026; x_wconf 87' lang='lat'><em>607.</em></span> <span class='ocrx_word' id='word_1_486' title='bbox 1889 1987 1971 2030; x_wconf 62' lang='lat' dir='ltr'>qugd</span> 
     </span>
     <span class='ocr_line' id='line_1_48' title="bbox 1132 2031 1968 2074; baseline -0.004 -10"><span class='ocrx_word' id='word_1_487' title='bbox 1132 2036 1228 2065; x_wconf 74' lang='lat' dir='ltr'>multa</span> <span class='ocrx_word' id='word_1_488' title='bbox 1251 2039 1440 2072; x_wconf 56' lang='lat' dir='ltr'>arroganti-r</span> <span class='ocrx_word' id='word_1_489' title='bbox 1470 2033 1557 2063; x_wconf 72' lang='lat' dir='ltr'>iaH&#39;ct</span> <span class='ocrx_word' id='word_1_490' title='bbox 1575 2033 1610 2074; x_wconf 78' lang='lat' dir='ltr'>se</span> <span class='ocrx_word' id='word_1_491' title='bbox 1630 2031 1746 2074; x_wconf 73' lang='lat' dir='ltr'>fectffe,</span> <span class='ocrx_word' id='word_1_492' title='bbox 1784 2040 1968 2072; x_wconf 69' lang='lat' dir='ltr'>quemnemo</span> 
     </span>
     <span class='ocr_line' id='line_1_49' title="bbox 1132 2073 1969 2118; baseline -0.006 -11"><span class='ocrx_word' id='word_1_493' title='bbox 1132 2087 1274 2117; x_wconf 65' lang='lat' dir='ltr'>uniquam</span> <span class='ocrx_word' id='word_1_494' title='bbox 1293 2077 1389 2118; x_wconf 57' lang='lat' dir='ltr'>pohst</span> <span class='ocrx_word' id='word_1_495' title='bbox 1410 2078 1566 2115; x_wconf 57' lang='lat' dir='ltr'>ivi-astare</span> <span class='ocrx_word' id='word_1_496' title='bbox 1595 2085 1634 2105; x_wconf 80' lang='lat' dir='ltr'>ex</span> <span class='ocrx_word' id='word_1_497' title='bbox 1654 2074 1841 2115; x_wconf 39' lang='lat' dir='ltr'>philosophia</span> <span class='ocrx_word' id='word_1_498' title='bbox 1861 2073 1969 2114; x_wconf 79' lang='lat' dir='ltr'>stoica.</span> 
     </span>
     <span class='ocr_line' id='line_1_50' title="bbox 1133 2115 1970 2155; baseline -0.005 -5"><span class='ocrx_word' id='word_1_499' title='bbox 1133 2120 1226 2150; x_wconf 82' lang='lat' dir='ltr'>Simili</span> <span class='ocrx_word' id='word_1_500' title='bbox 1249 2121 1358 2149; x_wconf 76' lang='lat' dir='ltr'>Barthii</span> <span class='ocrx_word' id='word_1_501' title='bbox 1388 2115 1522 2149; x_wconf 70' lang='lat' dir='ltr'>censui-ae</span> <span class='ocrx_word' id='word_1_502' title='bbox 1543 2118 1715 2155; x_wconf 77' lang='lat' dir='ltr'>suffragatur</span> <span class='ocrx_word' id='word_1_503' title='bbox 1736 2118 1838 2146; x_wconf 59' lang='lat' dir='ltr'>auctor</span> <span class='ocrx_word' id='word_1_504' title='bbox 1860 2116 1970 2154; x_wconf 77' lang='lat' dir='ltr'>dialogi</span> 
     </span>
     <span class='ocr_line' id='line_1_51' title="bbox 1133 2160 1969 2203; baseline -0.004 -11"><span class='ocrx_word' id='word_1_505' title='bbox 1133 2163 1168 2192; x_wconf 85' lang='lat' dir='ltr'>de</span> <span class='ocrx_word' id='word_1_506' title='bbox 1184 2163 1314 2191; x_wconf 85' lang='lat' dir='ltr'>moribus</span> <span class='ocrx_word' id='word_1_507' title='bbox 1333 2162 1586 2203; x_wconf 62' lang='lat' dir='ltr'>philosophorum,</span> <span class='ocrx_word' id='word_1_508' title='bbox 1602 2160 1763 2189; x_wconf 68' lang='lat' dir='ltr'>‘Bnddeus‘</span> <span class='ocrx_word' id='word_1_509' title='bbox 1790 2161 1874 2188; x_wconf 80' lang='lat' dir='ltr'>lenae</span> <span class='ocrx_word' id='word_1_510' title='bbox 1889 2164 1969 2195; x_wconf 81' lang='lat'>1695.</span> 
     </span>
     <span class='ocr_line' id='line_1_52' title="bbox 1135 2203 1969 2245; baseline -0.002 -11"><span class='ocrx_word' id='word_1_511' title='bbox 1135 2215 1176 2234; x_wconf 72' lang='grc' dir='ltr'>η.</span> <span class='ocrx_word' id='word_1_512' title='bbox 1201 2207 1270 2234; x_wconf 86' lang='lat' dir='ltr'>editi</span> <span class='ocrx_word' id='word_1_513' title='bbox 1294 2216 1354 2245; x_wconf 82' lang='lat' dir='ltr'>pag.</span> <span class='ocrx_word' id='word_1_514' title='bbox 1373 2214 1421 2233; x_wconf 84' lang='lat'>122</span> <span class='ocrx_word' id='word_1_515' title='bbox 1439 2205 1476 2243; x_wconf 90' lang='lat' dir='ltr'>sq.</span> <span class='ocrx_word' id='word_1_516' title='bbox 1525 2206 1649 2238; x_wconf 82' lang='lat' dir='ltr'>Verum,</span> <span class='ocrx_word' id='word_1_517' title='bbox 1673 2203 1691 2231; x_wconf 83' lang='lat' dir='ltr'>si</span> <span class='ocrx_word' id='word_1_518' title='bbox 1716 2213 1871 2231; x_wconf 82' lang='lat' dir='ltr'>commune</span> <span class='ocrx_word' id='word_1_519' title='bbox 1894 2203 1969 2232; x_wconf 77' lang='lat' dir='ltr'>Stoi·</span> 
     </span>
     <span class='ocr_line' id='line_1_53' title="bbox 1134 2244 1970 2287; baseline -0.004 -11"><span class='ocrx_word' id='word_1_520' title='bbox 1134 2251 1172 2277; x_wconf 86' lang='lat' dir='ltr'>cis</span> <span class='ocrx_word' id='word_1_521' title='bbox 1189 2249 1295 2287; x_wconf 64' lang='grc' dir='ltr'>πιρίτὲ</span> <span class='ocrx_word' id='word_1_522' title='bbox 1309 2246 1354 2284; x_wconf 68' lang='grc' dir='ltr'>ἐφ’</span> <span class='ocrx_word' id='word_1_523' title='bbox 1370 2245 1431 2281; x_wconf 64' lang='grc' dir='ltr'>ἡμῖν</span> <span class='ocrx_word' id='word_1_524' title='bbox 1452 2245 1544 2282; x_wconf 70' lang='grc' dir='ltr'><em>δόγμα</em></span> <span class='ocrx_word' id='word_1_525' title='bbox 1566 2247 1708 2286; x_wconf 82' lang='lat' dir='ltr'>excipias,</span> <span class='ocrx_word' id='word_1_526' title='bbox 1732 2244 1807 2274; x_wconf 80' lang='lat' dir='ltr'>nihil</span> <span class='ocrx_word' id='word_1_527' title='bbox 1830 2245 1906 2274; x_wconf 85' lang='lat' dir='ltr'>forte</span> <span class='ocrx_word' id='word_1_528' title='bbox 1926 2246 1970 2273; x_wconf 83' lang='lat' dir='ltr'>ia-</span> 
     </span>
     <span class='ocr_line' id='line_1_54' title="bbox 1132 2288 1968 2329; baseline -0.006 -9"><span class='ocrx_word' id='word_1_529' title='bbox 1132 2293 1255 2320; x_wconf 66' lang='lat' dir='ltr'>&amp;annus</span> <span class='ocrx_word' id='word_1_530' title='bbox 1283 2292 1310 2319; x_wconf 88' lang='lat' dir='ltr'>in</span> <span class='ocrx_word' id='word_1_531' title='bbox 1333 2292 1376 2320; x_wconf 77' lang='lat' dir='ltr'>liis</span> <span class='ocrx_word' id='word_1_532' title='bbox 1398 2290 1478 2318; x_wconf 76' lang='lat' dir='ltr'>libris</span> <span class='ocrx_word' id='word_1_533' title='bbox 1502 2288 1645 2329; x_wconf 65' lang='lat' dir='ltr'>reperies,</span> <span class='ocrx_word' id='word_1_534' title='bbox 1671 2288 1774 2327; x_wconf 82' lang='lat' dir='ltr'>quibus</span> <span class='ocrx_word' id='word_1_535' title='bbox 1798 2295 1896 2316; x_wconf 88' lang='lat' dir='ltr'>monet</span> <span class='ocrx_word' id='word_1_536' title='bbox 1917 2297 1968 2325; x_wconf 87' lang='lat' dir='ltr'>po-</span> 
     </span>
     <span class='ocr_line' id='line_1_55' title="bbox 1132 2328 1968 2373; baseline -0.002 -12"><span class='ocrx_word' id='word_1_537' title='bbox 1132 2337 1188 2362; x_wconf 73' lang='lat' dir='ltr'>tius</span> <span class='ocrx_word' id='word_1_538' title='bbox 1210 2333 1237 2362; x_wconf 74' lang='lat' dir='ltr'>se</span> <span class='ocrx_word' id='word_1_539' title='bbox 1263 2335 1443 2371; x_wconf 74' lang='lat' dir='ltr'>Anmuinus,</span> <span class='ocrx_word' id='word_1_540' title='bbox 1467 2333 1538 2373; x_wconf 79' lang='lat' dir='ltr'>quid</span> <span class='ocrx_word' id='word_1_541' title='bbox 1559 2331 1652 2362; x_wconf 79' lang='lat' dir='ltr'>facere</span> <span class='ocrx_word' id='word_1_542' title='bbox 1675 2331 1795 2368; x_wconf 78' lang='lat' dir='ltr'>debeat,</span> <span class='ocrx_word' id='word_1_543' title='bbox 1820 2340 1907 2372; x_wconf 80' lang='lat' dir='ltr'>quam</span> <span class='ocrx_word' id='word_1_544' title='bbox 1925 2328 1968 2360; x_wconf 78' lang='lat' dir='ltr'>fe-</span> 
     </span>
     <span class='ocr_line' id='line_1_56' title="bbox 1130 2375 1421 2417; baseline -0.003 -11"><span class='ocrx_word' id='word_1_545' title='bbox 1130 2376 1198 2408; x_wconf 79' lang='lat' dir='ltr'>ciss&#39;e</span> <span class='ocrx_word' id='word_1_546' title='bbox 1219 2375 1246 2406; x_wconf 78' lang='lat' dir='ltr'>se</span> <span class='ocrx_word' id='word_1_547' title='bbox 1267 2375 1421 2417; x_wconf 78' lang='lat' dir='ltr'>gloriatur.</span> 
     </span>
    </p>
   </div>
  </div>
 </body>
</html>
