2013 2725
255 146 311 189 '522
338 141 409 179 Lib.
422 138 493 179 IV.
511 152 536 178 c.
548 137 634 176 XX.
687 137 828 176 INDEX
851 136 1061 177 SCRIPTT.
1086 140 1115 175 A
1141 135 1331 177 MAXIMO
1359 136 1505 179 TYRIO
1531 139 1661 178 LAvD.
1739 141 1866 170 Vol-TV·
1886 142 1962 178 12-'39

353 236 467 273 Postea
485 237 535 271 Io.
550 235 722 285 Dauffms,
744 234 877 284 collegii
894 237 1024 283 reginae
1038 234 1126 284 apud
1143 232 1421 284 Cantabrigienses
1438 232 1560 280 socius,
1587 238 1727 272 Maximi
1747 239 1840 285 Tyrii
1862 236 1971 274 differs
1992 249 2004 254 ‘

252 290 389 324 sationes
404 301 481 324 cum
497 289 762 336 interpretatione
776 288 858 322 Dan.
873 285 1013 329 Heiufii,
1036 289 1113 322 hinc
1129 287 1204 323 inde
1222 302 1240 323 a
1256 286 1287 322 se
1301 286 1499 331 emendarem,
1526 299 1556 324 et
1575 292 1659 324 notis
1678 289 1837 336 breuibus,
1860 293 1893 325 in
1913 303 1974 326 ora

251 342 408 389 cuiusque
422 342 559 389 paginae
574 338 732 381 subkcflis,
760 337 868 374 recudi
889 341 1032 381 curauit,
1066 340 1293 387 Cantabrigiae
1317 353 1344 375 a.
1370 352 1458 386 1703.
1481 347 1511 380 8.
1577 343 1648 376 Iure
1677 343 1794 376 merito
1820 341 1971 377 laudatur

252 393 336 428 haec
357 391 456 427 editio
478 406 495 426 a
517 393 564 426 Io.
580 391 710 426 Clerico
734 401 815 426 tom.
831 392 883 426 XI.
907 390 983 426 bibl.
997 388 1134 426 seleusiae
1156 404 1233 439 pag.
1249 400 1307 434 287
1325 387 1370 439 sq.
1400 390 1454 432 etsi
1478 391 1655 427 dolendum
1673 391 1818 434 videtur,
1843 392 1971 428 Heinsii

251 453 349 480 notas
365 456 434 478 non
449 446 589 491 integras
607 442 744 479 adiedlas
760 440 833 478 effe.
885 444 1041 478 Ceterum
1057 443 1150 478 binos
1164 443 1287 478 indices
1304 441 1453 477 Dauilius
1469 442 1602 483 addidit,
1625 458 1726 479 vnum
1744 446 1928 486 auctorum,
1951 457 1971 480 a

252 495 365 539 Tyrio
387 494 615 537 laudatorum,
642 494 783 531 alterum
801 506 964 545 perquam
984 493 1188 545 locupletem
1211 507 1333 531 rerum.
1392 496 1553 536 Priorem,
1573 495 1700 546 aliquot
1723 495 1803 531 locis
1824 498 1972 543 aucium,

252 559 339 582 mox
355 544 441 582 infra
462 543 667 595 subiungam.

356 615 412 660 [At
433 610 544 649 Dauis.
571 627 697 651 nouam
719 628 855 665 operam
877 613 1040 665 impendit
1061 613 1222 650 curandae
1242 614 1334 650 alteri
1362 613 1518 658 editioni,
1546 618 1579 651 in
1599 628 1663 664 qua
1685 628 1754 651 non
1775 613 1880 650 modo
1903 620 1974 650 tex:

253 674 327 702 turn
349 665 389 700 ad
410 664 478 701 duo
499 665 704 716 potissimum
721 667 817 704 codd.
831 667 970 704 alterum
989 670 1020 702 in
1035 667 1112 702 bibl.
1127 666 1215 716 publ.
1233 664 1328 702 Paris.
1346 668 1484 702 alterum
1502 669 1534 702 in
1552 667 1628 702 bibl.
1643 669 1784 703 Comitis
1799 669 1972 703 Oxonien-

253 715 294 753 fis
316 720 425 766 exegit
445 727 474 753 et
495 718 675 764 constituit3
706 716 759 755 sed
783 722 880 755 etiam
905 718 1163 755 dissertationum
1186 720 1325 754 mutauit
1344 717 1514 765 ordinem,
1539 717 1715 754 secundum
1729 717 1804 754 cod.
1819 720 1970 766 regium;

252 779 366 806 morte
381 780 490 805 tamen
506 770 652 820 abreptus
667 770 844 807 editionem
867 770 1048 806 absolutam
1067 771 1228 820 publicare
1243 783 1312 805 non
1326 772 1442 819 potuit.
1494 769 1530 805 Id
1551 773 1649 818 igitur
1671 772 1796 819 negotii
1816 769 1972 819 posthaec

252 818 392 869 suscepit
406 824 450 856 Io.
471 822 597 861 Ward.
624 825 713 857 cuius
737 836 836 872 opera
851 822 959 858 lucem
981 820 1127 871 adspexit
1144 822 1241 857 altera
1264 823 1318 857 illa
1336 820 1458 856 Dauifii
1479 822 1598 863 editio,
1622 820 1745 857 adnott.
1767 830 1881 856 ornata
1900 833 1972 856 eru·

251 871 328 908 ditis
353 875 410 908 let.
425 873 634 918 Marklandi3
661 877 734 923 qui,
762 873 851 923 quod
874 872 989 922 scripta
1012 872 1211 922 exemplaria
1240 873 1362 908 Harlei.
1384 882 1414 908 et
1436 876 1564 921 regium
1589 875 1757 921 Pacciique
1779 871 1882 908 versio
1902 872 1970 919 ple·

251 937 396 972 rumque
419 923 623 973 conspirant,
656 925 789 973 reliquis
812 927 896 960 mire
920 923 1195 972 discrepantibus,
1219 922 1416 972 suspicatur,
1442 925 1598 972 exemplis
1621 927 1653 958 in
1677 923 1824 959 medium
1848 922 1971 972 positis,

251 977 293 1011 ab
314 973 385 1024 ipso
407 978 543 1011 audiore
563 975 729 1024 duplicem
750 974 873 1012 faciam
893 974 954 1011 esse
975 974 1201 1011 recensionem
1222 973 1365 1023 ideoque
1382 972 1486 1024 ipsam
1503 972 1693 1010 sententiam
1709 975 1879 1024 aliquoties
1899 987 1972 1010 mu·

251 1036 374 1071 tatam3
400 1037 469 1061 tum
494 1026 653 1069 ostendit,
676 1029 733 1063 has
752 1026 821 1063 diss.
842 1028 881 1062 ab
905 1029 1056 1067 audiore,
1083 1037 1180 1062 acuto
1203 1026 1356 1074 quidem,
1388 1025 1560 1074 ingenioso
1583 1037 1613 1062 et
1636 1037 1722 1062 certe
1746 1024 1973 1070 eruditiffimo,

250 1076 441 1114 festinanter
461 1088 573 1114 tamen
593 1089 625 1115 et
645 1092 761 1127 parum
779 1078 930 1115 adcurate
953 1077 1150 1127 compositas
1172 1076 1275 1113 suiss'e.
1325 1077 1386 1113 Illa
1404 1091 1480 1114 vero
1496 1078 1597 1114 editio
1616 1076 1766 1128 inscripta
1780 1077 1843 1114 est:

352 1144 518 1196 Μαξιμου
545 1167 596 1174 ——
625 1148 763 1182 Maximi
784 1147 880 1194 Tyrii
902 1146 970 1194 diff
995 1159 1034 1181 ex
1057 1147 1224 1193 recensione
1250 1147 1298 1181 Io.
1314 1145 1459 1195 Daussi‚
1487 1145 1567 1182 coll.
1590 1148 1693 1195 regin.
1715 1145 1850 1183 Cantab.
1877 1147 1969 1181 Prae-

248 1195 333 1233 fidis.
388 1199 502 1232 Editio
521 1199 643 1243 altera,
669 1197 709 1233 ad
732 1198 813 1234 duos
833 1197 930 1234 codd.
955 1212 1029 1234 mss.
1050 1198 1131 1233 locis
1157 1198 1408 1246 quamplurimis
1431 1197 1619 1239 emendata,
1650 1200 1800 1246 notisque
1823 1196 1972 1247 locuple-

249 1250 385 1285 tioribus
407 1251 509 1285 aucta.
561 1252 624 1284 Cui
641 1248 836 1285 accesserunt
856 1252 917 1285 viri
937 1248 1091 1285 eruditiss.
1106 1251 1170 1284 Icr.
1183 1249 1392 1289 Marklandi,
1421 1249 1508 1286 coll.
1521 1251 1562 1285 D.
1578 1252 1659 1284 Petri
1675 1250 1864 1298 Cantabrig.
1878 1247 1969 1292 socii,

249 1300 490 1337 adnotationes.
516 1301 676 1345 Londini‚
698 1315 766 1337 exc.
785 1300 871 1337 Guil.
888 1303 1041 1346 Bowyer.
1058 1312 1146 1343 1740.
1162 1313 1192 1343 4.
1220 1320 1268 1326 —
1297 1299 1406 1335 Altera
1422 1302 1502 1335 haec
1518 1299 1639 1336 Dauisii
1654 1300 1755 1335 editio
1769 1314 1846 1336 cura
1862 1302 1890 1335 1.
1902 1302 1967 1336 Iac.

248 1354 386 1392 Reiskii,
427 1355 481 1401 qui
505 1352 665 1401 quaedam
695 1350 850 1401 opposuit
872 1352 1004 1388 Dauisio
1026 1367 1062 1387 ae
1084 1350 1304 1393 Marklando,
1340 1355 1474 1398 repetita
1496 1352 1540 1387 est
1563 1355 1649 1401 typis
1671 1351 1796 1401 Lipsiae
1819 1363 1906 1396 1774.
1934 1358 1965 1392 8.

246 1399 289 1438 11.
305 1403 385 1439 voll.
415 1421 468 1431 -—
502 1405 534 1438 in
556 1406 602 1439 Io.
620 1405 661 1439 V
655 1407 746 1450 ptoni
766 1406 907 1450 Ποικίλῃ
930 1406 1037 1457 kefin?
1063 1424 1114 1431 —-
1142 1405 1175 1440 in
1199 1400 1293 1439 vsum
1317 1400 1447 1439 scholae
1468 1401 1624 1440 Etonens.
1660 1401 1802 1440 Londini
1826 1415 1912 1449 1701.
1931 1409 1966 1445 8.

245 1452 321 1492 sunt
340 1453 407 1490 duo
431 1456 573 1490 Maximi
594 1454 767 1492 sermones.
797 1458 909 1503 Harl]

349 1522 490 1565 Gallice,
518 1535 574 1570 per
596 1524 979 1559 chericumMorellum.
1006 1520 1104 1558 Paris.
1129 1525 1221 1566 1607.
1245 1534 1289 1558 12.
1324 1524 1541 1572 Rothomagi.
1568 1524 1652 1567 1617.
1668 1534 1700 1566 4.
1752 1523 1963 1572 [Separatim‚

244 1573 438 1618 Playdoyer
456 1586 540 1622 pour
557 1575 601 1610 les
621 1576 812 1611 laboureurs
833 1586 891 1612 etc.
916 1574 1032 1610 traduit
1048 1573 1092 1610 du
1108 1576 1192 1610 Grec
1207 1573 1247 1610 de
1262 1576 1341 1619 Tyr
1354 1577 1525 1619 Maxime,
1548 1588 1608 1624 par
1621 1573 1700 1611 Fed.
1717 1575 1840 1611 Morel.
1867 1571 1963 1611 Parii:

244 1625 332 1675 apud
357 1625 511 1661 eumdem
537 1638 617 1672 1595.
642 1636 674 1662 et
696 1631 786 1673 ¹³96·
806 1634 835 1669 8.
866 1629 985 1672 Harl]
1819 1629 1833 1641 ⁸

349 1691 458 1727 ItalIce
484 1696 656 1742 interprete
679 1695 780 1729 Petro
804 1696 842 1729 de
860 1695 984 1737 Bardi,
1024 1696 1145 1730 comite
1167 1695 1298 1737 Vernii,
1335 1704 1367 1730 et
1394 1692 1583 1730 academico
1603 1693 1806 1729 Florentino.
1847 1696 1962 1732 Vener.

244 1746 336 1786 1642.
358 1756 386 1786 4.
411 1745 534 1779 Fabi-ic.
562 1756 593 1780 et
612 1759 650 1781 ex
672 1745 784 1793 lingua
804 1744 969 1794 hispanica
991 1760 1050 1795 per
1069 1747 1143 1784 Bol.
1159 1747 1309 1782 Zaltieri.
1334 1748 1449 1782 Vener.
1466 1749 1547 1792 1569.
1565 1757 1595 1789 4.
1621 1765 1674 1773 —
1700 1747 1883 1783 Germanice
1901 1758 1973 1796 per⁴

249 1794 329 1831 Chr.
350 1796 428 1831 Tob.
446 1797 574 1832 Damni.
600 1797 707 1833 Berol.
724 1800 815 1842 1764.
832 1805 865 1838 8.
891 1799 993 1834 Harl.
2012 1815 2013 1818 ’

241 1889 312 1925 ΧΠ.
365 1890 499 1926 Index
520 1891 782 1940 scriptorum
816 1899 854 1928 et
885 1892 1104 1939 illustrium
1138 1893 1302 1939 ingenii
1335 1891 1455 1927 laude
1489 1893 1693 1934 virorum,
1725 1905 1746 1929 a
1769 1893 1959 1930 Maximo

839 1945 966 1993 Tyrio
1003 1946 1265 1981 laudatorum
1289 1944 1363 1988 Μ’).

236 2006 422 2053 'Aeschylus
446 2010 515 2048 diss.
534 2026 584 2058 41.
1120 2017 1316 2055 Anacreon,
1343 2022 1374 2055 8.
1391 2026 1436 2050 ιο.
1452 2013 1496 2051 11}

239 2059 409 2110 Aesopus,
439 2074 486 2105 33.
1117 2070 1255 2109 Aratus,
1278 2077 1326 2109 ¹4·

237 2112 398 2155 Alcaeus,
422 2124 468 2149 21.
1119 2119 1358 2159 Archilochus,
1385 2125 1415 2159 8.
1654 2153 1666 2159 ,

238 2163 452 2213 Anacharsis,
478 2175 523 2211 15.
1117 2170 1303 2218 Ariphron‚
1327 2169 1523 2216 sicyonius,
1547 2178 1594 2210 41.

1804 2216 1954 2264 Arineau,

273 2321 347 2353 mm)
369 2319 534 2354 Fabricius,
561 2324 679 2350 notante
706 2318 809 2352 IVard
829 2320 879 2351 sub
904 2322 952 2353 fin.
974 2320 1068 2362 praef.
1111 2321 1188 2353 tulit.
1234 2324 1291 2353 Hic
1306 2327 1402 2352 autem
1418 2321 1530 2352 Fabric.
1547 2318 1637 2352 index
1652 2321 1888 2354 accommodatu-
1908 2322 1950 2354 est

232 2361 268 2392 ad
289 2361 410 2392 alteram
433 2363 541 2392 Dauisii
564 2362 633 2392 edit.
650 2374 767 2399 omnes,
791 2375 864 2404 quos
886 2366 1017 2394 Dauifius
1035 2368 1066 2395 in
1110 2369 1205 2408 priori
1221 2367 1331 2397 Dauisii
1353 2365 1486 2395 editioni.
1509 2363 1606 2396 Harl.

232 2412 358 2447 utroque
373 2404 506 2437 laudant
518 2405 632 2442 iudice,
655 2408 837 2438 coniunfflm
849 2410 879 2439 in
894 2419 983 2439 vuum
998 2419 1067 2438 con-
