2049 2720
563 167 703 204 CODD.
734 167 875 203 MSSTI
905 166 970 202 ET
1005 166 1250 204 EDITIONES
1353 168 1426 203 Lib.
1438 167 1506 202 IV.
1520 177 1544 201 r.
1559 163 1650 198 XII.
1753 172 1803 205 ¹33

79 261 255 312 praemisso
270 270 486 310 argumento,
514 263 546 306 in
565 263 714 310 margine
727 260 895 310 adposito,
921 270 953 296 et
976 259 1104 298 scholiis
1130 264 1268 311 antiquis
1285 262 1360 296 hinc
1383 260 1477 301 inde,
1505 261 1605 294 rarius
1621 268 1719 297 vero,
1747 252 1800 290 ad-

78 313 212 363 scriptis.
238 335 289 340 —
313 313 479 354 Eaedem,
515 312 638 348 omiffis
663 323 773 348 tamen
795 317 917 361 graecis
938 314 1202 362 prolegomenis,
1232 312 1285 348 sed
1306 311 1481 362 praemiffis
1503 314 1586 346 inter
1605 308 1747 343 indicem
1769 315 1801 341 et

77 368 208 402 initium
234 368 423 401 orationum
450 365 705 412 problematibus
727 366 895 401 rhetoricis
917 364 962 403 εἰς
983 365 1052 403 τοὶς
1075 364 1194 406 §abac
1207 364 1260 401 seu
1278 364 1479 414 quaestiones
1496 362 1690 401 rhetorica&
1716 369 1799 392 tem.

78 418 134 453 ΙΙΙ.
155 431 229 467 pag.
249 429 312 453 221.
335 417 415 465 plut.
431 417 572 452 LXXXI.
597 416 674 452 cod.
693 418 732 452 ΙΙ.
756 438 805 443 --
832 427 915 452 tom.
931 419 970 451 ΙΙ.
992 430 1065 466 pag.
1084 421 1154 463 568.
1178 417 1258 466 plut.
1275 419 1360 453 LIX.
1376 415 1448 451 cod.
1466 413 1629 450 XXXVH.
1655 409 1708 444 sex
1731 421 1802 442 ora-

78 471 201 511 tiones,
234 481 354 517 nempe
370 470 423 502 XI.
440 469 528 503 XIII.
554 470 672 503 xvffl.
696 469 786 503 XIX.
801 470 893 517 XXI.
916 470 1015 504 xxu.
1042 489 1091 498 -
1117 468 1193 505 ibid.
1215 482 1291 518 pag.
1306 471 1382 513 646.
1404 467 1485 517 plut.
1501 466 1583 501 LlX.
1603 459 1682 511 cod.
1699 461 1800 503 XXX,

77 531 229 570 excerpta
249 533 289 555 ex
314 529 394 555 orat.
411 521 424 552 1
444 529 475 554 et
492 521 531 553 11.
553 519 595 555 de
615 532 731 568 regno.

177 587 215 622 In
236 586 311 622 bibl.
328 587 449 622 Veneta
464 588 504 621 D.
518 588 635 622 Marci.
663 587 770 633 (catal.
786 600 859 636 pag.
874 599 933 632 205
949 585 1014 637 sq.)
1034 586 1106 624 cod.
1126 589 1335 624 CCCCXXI.
1357 588 1520 623 orationes
1534 582 1658 618 LXXX.
1680 588 1710 615 et
1725 576 1799 613 cod.

75 639 297 674 CCCCXXII.
321 641 460 674 oration.
478 640 611 673 XXVII.
639 650 670 674 et
690 639 762 687 post
786 640 848 675 alia
867 638 1004 687 scripta,
1029 643 1149 676 iterum
1172 651 1266 677 oratt.
1283 641 1335 678 1X,
1362 659 1412 666 ——
1439 640 1475 672 ln
1497 635 1635 672 Macarii
1657 628 1801 675 Chryso-

75 690 205 738 cephali
223 685 390 742 ‘Porio-,1142
417 691 450 724 in
473 688 545 725 cod.
569 692 696 726 Veneto
721 689 792 726 sunt
815 704 886 740 pag.
906 703 954 737 ¹9-
976 711 1026 718 —
1050 704 1091 735 30
1109 702 1259 741 excerpta
1277 705 1317 726 ex
1335 689 1481 740 pluribus
1496 688 1614 723 Dionis
1631 680 1801 727 Chrysost.

75 741 294 784 orationibus,
330 742 405 776 teste
421 741 612 788 Villoisonio
635 744 668 777 in
691 742 858 778 anecdotis
879 756 985 792 graec.
1008 752 1089 778 tom.
1107 746 1146 779 11.
1169 757 1244 792 pag.
1261 756 1292 789 9.
1320 762 1369 770 —-
1395 741 1581 775 Florentiae
1603 739 1686 771 inter
1706 731 1801 793 codd.

72 792 279 837 monasterii,
306 793 536 839 (lilontfaucon
561 796 595 829 in
622 792 726 830 diario
754 794 820 831 ital.
845 807 921 845 pag.
938 795 1029 840 367.)
1065 805 1161 832 oratt.
1179 797 1305 831 LXXX.
1327 807 1429 830 manu
1450 788 1626 827 Theodori
1647 788 1800 827 Dociam,

72 842 132 879 filii
154 840 330 887 Simeonis,
352 859 381 881 a.
398 852 483 887 1328.
502 855 660 881 exaratae.

119 937 121 939 -
173 913 209 947 In
224 911 298 947 bibl.
314 914 405 961 regia
422 913 636 958 Neapolitana
650 915 683 949 in
697 911 772 950 cod.
790 914 930 950 chartac.
945 911 1028 951 saec.
1044 916 1116 952 XV.
1134 912 1297 951 differtatt.
1312 911 1455 962 septem;
1476 918 1507 944 et
1524 910 1558 943 in
1572 904 1646 943 cod·
1661 905 1798 940 chartac*

67 958 154 999 saec.
169 965 255 999 XVI.
277 975 340 999 tres
363 966 486 1013 priores
508 974 603 1000 oratt.

173 1039 211 1073 In
237 1037 313 1074 bibl.
335 1040 427 1086 regia
451 1039 656 1087 Matriterfi‚
685 1038 776 1084 (tesse
795 1041 919 1075 Iriarto
939 1052 1012 1089 pag.
1029 1040 1112 1084 132.)
1139 1038 1211 1076 cod.
1232 1039 1346 1075 XXXL
1367 1036 1427 1073 fol.
1444 1047 1512 1080 272.
1534 1047 1572 1070 ex
1589 1041 1669 1070 orat.
1684 1031 1797 1076 (Lm.)

70 1088 112 1126 de
129 1091 296 1126 Homero.
322 1110 374 1117 —
400 1092 489 1138 (pag.
506 1092 591 1135 394.)
613 1089 687 1124 cod.
709 1093 747 1126 C.
764 1089 823 1125 fol.
843 1094 895 1126 126
910 1102 941 1127 et
955 1094 1020 1133 136.
1041 1093 1082 1127 11.
1098 1101 1193 1127 oratt.
1217 1090 1256 1126 de
1279 1103 1395 1138 regno.
1423 1109 1474 1117 -
1502 1086 1671 1123 Marinerit'
1691 1079 1795 1118 vers10

71 1144 230 1178 orationis
251 1141 293 1177 de
316 1142 472 1177 Homero
492 1141 592 1176 latina
612 1151 716 1184 insta,
743 1144 831 1190 (pag.
846 1144 930 1187 307.)

170 1211 207 1243 In
229 1207 302 1243 bibl.
326 1207 452 1256 publica
473 1207 584 1254 Paris.
611 1207 703 1251 (teste
729 1207 835 1252 catal.)
860 1210 892 1242 in
917 1207 1012 1244 codd.
1032 1209 1218 1244 MDCLm.
1242 1206 1513 1243 MMCMXXIV.
1535 1199 1792 1257 MMCMXX‘X.

68 1260 342 1296 MMCMLvul.
370 1260 610 1295 MMCMLIX.
639 1260 852 1295 MMCMLX
874 1269 905 1294 et
925 1261 1108 1296 MMMIX.
1133 1258 1238 1294 modo
1262 1258 1387 1307 plure5‚
1428 1255 1533 1293 modo
1553 1255 1721 1303 pauciores
1747 1262 1794 1284 m·

65 1308 142 1347 sunt
158 1321 253 1347 orant.
269 1321 300 1347 et
319 1313 355 1346 in
374 1310 447 1347 cod.
462 1312 630 1347 MMMH.
653 1310 796 1358 epistolae
817 1308 912 1359 supra
932 1324 949 1346 e
966 1310 1040 1347 cod.
1055 1310 1198 1347 Florem.
1214 1309 1375 1346 laudatae.

169 1389 207 1423 In
227 1387 302 1424 bibl.
319 1389 651 1424 Monam-Bauarica
673 1387 748 1424 cod.
765 1389 908 1424 CXXIX.
938 1398 1081 1439 quatuor
1100 1397 1193 1424 oratt.
1217 1386 1256 1423 de
1278 1399 1404 1436 regno,
1436 1394 1466 1421 et
1493 1380 1567 1420 cod.
1582 1379 1790 1417 CCXLV111.

65 1435 193 1489 septem
214 1450 307 1476 oratt.
331 1443 466 1489 priores.
495 1439 601 1484 (catal.
620 1452 695 1489 pag.
712 1452 750 1486 54
767 1450 797 1476 et
817 1442 882 1486 83.)

167 1517 206 1551 ln
228 1516 304 1552 bibl.
329 1515 498 1566 quondam
513 1517 782 1565 Heidelbergmfi,
809 1515 885 1552 teste
908 1516 1103 1566 Sylburgio.
1131 1516 1263 1554 CXVII.
1283 1515 1383 1552 CCC.
1404 1523 1463 1554 etc,
1491 1514 1557 1561 qui,
1573 1511 1660 1546 ¹num
1684 1506 1790 1543 adhuc

65 1567 189 1605 exstent
212 1571 246 1603 in
269 1569 342 1604 bibl.
364 1571 538 1611 Vaticana,
565 1568 719 1618 equidem
742 1570 874 1617 ignoro.

165 1647 205 1680 In
219 1643 297 1680 bibl.
314 1642 458 1680 caesare..
475 1641 732 1691 Vindobonenfi,
759 1645 922 1679 Lambecio
937 1643 1013 1679 teste
1029 1645 1062 1678 in
1077 1652 1256 1679 comment.
1274 1640 1315 1677 de
1330 1641 1404 1686 illa,
1433 1650 1514 1676 tom.
1532 1640 1602 1675 VH.
1620 1651 1649 1685 p.
1666 1638 1705 1672 26
1720 1632 1787 1682 sqq-

66 1694 141 1733 eod.
157 1699 199 1733 V.
219 1710 268 1734 nr.
285 1708 415 1741 9—12.
438 1699 472 1731 in
498 1697 590 1732 catal.
607 1697 738 1743 Nfflii
760 1705 841 1743 part.
859 1698 916 1731 1V.
940 1694 1013 1731 cod.
1031 1697 1114 1730 CIX.
1138 1709 1171 1743 p.
1189 1697 1232 1737 64
1250 1691 1293 1742 sq.
1321 1713 1371 1720 —
1397 1694 1561 1728 orationes
1578 1691 1665 1725 XIX.
1690 1697 1721 1722 et
1735 1698 1789 1720 ex·

66 1759 175 1797 cerpta
196 1760 234 1783 ex
256 1746 388 1795 reliquis
403 1749 520 1783 Dionis
535 1746 702 1793 Chrysost.
721 1746 853 1797 scriptis.
907 1746 969 1781 Sed
993 1745 1172 1782 secundum
1188 1745 1318 1792 Neffclii
1336 1743 1428 1779 catal.
1451 1754 1533 1792 part.
1552 1745 1605 1776 lv.
1626 1739 1700 1776 cod.
1718 1738 1789 1771 ΧΠ-

35 1815 41 1818 ·
62 1813 140 1850 pag.
155 1813 202 1834 10.
220 1798 326 1834 adhuc
343 1808 438 1836 oratt.
463 1798 518 1836 sed
539 1799 794 1836 declamationes
817 1800 1019 1842 rhetoricae,
1045 1808 1076 1833 et
1099 1800 1133 1833 in
1156 1797 1228 1836 cod.
1248 1798 1420 1832 CCXXffl.
1441 1795 1519 1831 ibid.
1539 1806 1612 1844 pag.
1631 1805 1690 1828 121.
1706 1789 1789 1824 duae

65 1862 242 1887 orationes.
270 1877 275 1879 ψ

166 1918 353 1957 Editiones,
383 1916 423 1952 ad
447 1918 504 1952 has
525 1927 558 1952 vt
579 1916 854 1966 progrediamur,
880 1926 954 1953 ante
973 1926 1098 1953 textum
1119 1928 1276 1964 graecum
1302 1914 1568 1962 promulgatum.
1596 1911 1712 1945 latinae
1733 1920 1789 1942 aru.

65 1970 218 2018 tiquiores
239 1965 312 2003 sunt
332 1981 466 2016 paucae.
516 1970 687 2017 Princeps,
713 1968 780 2004 fine
804 1968 824 2003 l.
846 1979 877 2003 et
897 1983 924 2003 a.
952 1966 1004 2003 sed
1028 1967 1052 2002 fi
1075 1967 1155 2001 fides
1178 1964 1325 2001 habenda
1348 1965 1392 2000 est
1413 1966 1601 2000 Maittairio
1618 1964 1654 1997 A.
1670 1961 1715 1994 T.
1730 1960 1786 1992 IV·

64 2031 145 2069 part.
164 2021 189 2056 Ι.
209 2018 285 2067 pag.
303 2026 369 2060 283.
409 2029 438 2054 et
459 2019 572 2053 Lairio
594 2022 626 2053 in
647 2017 826 2068 specimine
854 2029 988 2068 typogr.
1014 2031 1144 2053 roman.
1169 2019 1237 2053 XV.
1253 2014 1332 2052 saec.
1358 2029 1432 2065 pag.
1448 2027 1502 2058 132
1518 2012 1560 2064 sq.
1585 2027 1625 2049 ex
1653 2009 1786 2059 epistola

63 2071 198 2107 Cardin.
224 2069 370 2105 Senensis
393 2067 507 2118 scripta
527 2069 596 2106 Kal.
616 2072 683 2106 Ian.
708 2074 797 2116 1469.
824 2070 1084 2110 conficientibus,
1117 2070 1260 2105 Romana
1285 2078 1363 2103 orat.
1386 2067 1426 2103 de
1449 2080 1553 2115 regno
1578 2078 1616 2100 ex
1639 2061 1785 2099 versione

63 2123 220 2169 Francis-'i
243 2123 280 2156 de
298 2122 563 2162 Paeonum-ineis,
591 2126 683 2167 1469.
700 2135 730 2165 4.
756 2125 839 2170 typis
855 2121 956 2156 vlrici
975 2123 1064 2156 Han.
1090 2118 1144 2155 sed
1168 2119 1314 2155 dubitant
1335 2118 1376 2154 de
1397 2119 1480 2154 vrbis
1504 2130 1535 2152 et
1555 2119 1630 2152 anni
1653 2116 1785 2149 veritate

63 2175 153 2210 Bure
175 2176 208 2209 in
229 2174 382 2221 Bibliogr.
402 2172 546 2208 instruc-‘h
571 2175 605 2207 P».
624 2175 660 2208 L.
686 2184 766 2209 tom.
785 2176 808 2209 Ι.
832 2186 880 2208 nr.
895 2184 982 2218 2334.
1008 2184 1082 2220 pag.
1100 2184 1159 2206 100
1175 2169 1221 2219 sq.
1248 2181 1280 2206 et
1300 2170 1518 2217 Audiffredus
1543 2172 1576 2204 in
1597 2166 1688 2202 catal.
1712 2162 1783 2200 edd.

63 2238 193 2262 roman.
211 2222 289 2261 saec.
305 2225 374 2262 XV.
389 2238 463 2272 pag.
482 2237 512 2266 31
529 2222 573 2273 sq.
598 2228 654 2274 qui
678 2224 755 2259 duas
777 2225 855 2260 alias
876 2225 1018 2259 eiusdem
1042 2222 1195 2259 versionis
1212 2220 1332 2264 refert3
1360 2225 1454 2257 aliam
1471 2219 1492 2255 s.
1513 2221 1534 2256 l.
1551 2229 1581 2255 et
1596 2234 1624 2254 a.
1645 2217 1782 2263 aliisque

64 2280 149 2313 notis
165 2279 197 2312 in
213 2283 241 2316 8.
267 2275 320 2310 vel
341 2285 374 2310 vt
393 2275 446 2310 alii
466 2275 576 2312 dicunt
592 2279 625 2310 in
644 2288 674 2319 4.
702 2275 789 2324 quod
811 2289 894 2324 opus
917 2273 1012 2310 fuiffe
1037 2277 1190 2322 opinatur
1214 2274 1415 2322 typographi
1437 2273 1567 2307 alicuius
1587 2271 1636 2305 vel
1654 2269 1781 2306 Veneti,

63 2329 117 2364 vel
135 2328 331 2373 florentini,
356 2328 473 2367 aliam,
499 2340 578 2375 quae
600 2341 690 2362 mera
713 2327 756 2363 est
776 2330 892 2376 prioris
916 2329 1085 2374 repetitio,
1111 2327 1277 2361 Bononiae
1298 2336 1386 2370 1493.
1403 2336 1430 2367 4.
1461 2337 1519 2372 per
1545 2322 1714 2357 Platonem
1739 2317 1779 2351 de

63 2379 258 2424 Benedictis,
276 2380 539 2428 typographum.
564 2400 615 2406 —-
651 2393 750 2428 quam
772 2379 921 2415 vltimam
944 2376 1087 2414 recenset
1112 2390 1243 2426 quoque
1266 2376 1481 2422 Astdiffrcdus
1503 2377 1536 2409 in
1560 2372 1685 2420 specim.
1708 2368 1779 2405 edd.

65 2429 163 2468 italic.
180 2428 346 2482 saochV.
359 2443 433 2482 pag.
453 2438 495 2475 84
510 2428 552 2481 sq.
574 2440 605 2468 et
623 2433 698 2479 citat
715 2444 786 2467 eam
802 2432 976 2521 Maitfssz
990 2430 1011 2466 l.
1029 2443 1055 2467 c.
1069 2442 1144 2479 pag.
1164 2441 1231 2474 441.
1255 2439 1286 2465 et
1307 2429 1405 2476 aliam
1424 2426 1508 2477 edit.¹
1521 2424 1674 2462 versionis
1697 2424 1778 2508 {2⁰¹3

970 2494 987 2525 3
