2049 2720
80 106 140 135 νοτ.
153 105 203 133 ix.
217 100 389 148 12-7862-727,
731 98 792 135 DE
818 98 975 148 Qsmvs
1003 98 1160 146 SViDasg
1401 96 1472 130 Lib.
1491 96 1533 132 V.
1557 108 1581 131 c.
1599 97 1675 132 XL.
1728 109 1785 143 527

178 208 295 233 manus
318 192 464 237 sumens,
491 191 612 230 Afrum
625 193 718 229 *hunc
742 203 874 241 poetam
891 204 1073 242 numquam
1099 207 1166 229 non
1187 190 1302 229 desilit.
1354 192 1444 241 Qin
1461 190 1603 227 lectione
1618 193 1683 226 eius
1703 189 1784 225 adeo

177 245 423 290 offendebatur,
449 244 613 282 interdum
636 254 668 281 vt
690 245 811 280 librum
836 247 901 280 eius
920 243 1120 293 conspueret.
1174 247 1261 281 Huic
1278 248 1386 286 Zeno,
1410 246 1489 291 imp.
1511 245 1697 290 proxiuiaiii
1722 256 1740 276 a
1755 240 1786 276 se

177 299 368 348 dignitatem
390 297 553 347 pollicitus
577 297 640 340 est,
675 295 700 331 fi
722 297 920 332 Christianus
942 296 1011 331 fieri
1028 298 1140 332 vellet:
1182 296 1289 346 etipse
1306 297 1397 332 nobis
1413 294 1603 344 epistolam,
1628 292 1784 342 pollicita-

174 354 278 387 tiones
302 350 373 385 illas
397 352 640 392 continentem,
672 346 724 384 sed
739 349 822 384 nihil
842 347 928 397 apud
951 346 981 382 se
998 350 1243 397 proficientem,
1267 350 1421 383 recitauit.
1473 345 1647 381 Arcadium
1673 347 1783 390 etiam,

175 400 390 443 Larissaeum‚
415 414 473 450 per
487 399 659 450 epistolam
677 401 872 449 obiurgauit,
923 401 1008 435 Nam
1025 402 1220 447 Seuerianus,
1240 404 1274 435 iii
1298 398 1441 449 epistolis
1464 395 1638 434 scribendis
1660 409 1732 431 acer
1753 407 1784 431 et

175 452 324 488 cordatus
355 464 431 488 erat.

75 506 230 546 seuerus,
264 503 436 555 Σεβῆςος,
473 501 612 552 sophista
633 515 788 538 romanus
807 498 862 538 sub
887 503 1087 543 Anthemio,
1111 505 1191 550 imp.
1214 501 1293 544 fuit,
1332 500 1560 537 Alexandriam
1581 512 1660 536 vero
1677 496 1785 548 profe-

177 558 246 592 ctus
269 557 306 590 in¹
326 559 397 591 otio
421 554 652 604 philosophico
675 557 776 590 vitam
801 558 972 603 transegit,
1000 558 1165 589 variorum
1180 555 1337 590 librorum
1356 556 1450 600 copia
1464 551 1589 587 abunde
1604 551 1784 586 instrucius,

176 611 272 644 Viros
293 618 401 642 autem
425 606 571 644 doc'lrina
592 606 806 656 praestantes,
830 606 853 641 si
868 611 1036 655 quisquam
1059 605 1159 649 alius,
1184 605 1223 641 ad
1244 602 1278 640 se
1302 603 1396 640 facile
1417 606 1600 652 pertrahere
1614 611 1758 638 nouerat.

75 660 212 697 Seuerus
235 659 452 707 (imperator)
485 672 544 694 nec
565 660 784 693 humanarum
813 671 873 693 nee
901 659 1085 693 diuinarum
1111 671 1219 692 rerum
1243 659 1418 704 quicquam
1441 654 1735 703 imperuesligatum
1753 661 1783 687 vt

173 710 388 758 relinqueret,
416 709 466 744 vel
491 708 704 744 occultissima
729 706 942 758 perscrutatus
963 708 1018 746 est.
1069 712 1110 744 Et
1131 709 1204 744 ideo
1225 708 1323 743 libros
1347 720 1483 742 omnes,
1515 709 1566 752 qui
1590 704 1710 752 aliquid
1737 716 1784 738 ar-

174 763 246 796 cani
269 761 442 802 habebant,
469 771 500 795 et
521 773 747 810 quoscumque
768 764 911 810 reperire
934 763 1056 808 potuit,
1084 775 1122 796 ex
1141 760 1291 796 omnibus
1307 758 1412 803 adytis
1430 755 1569 798 sustulit,
1593 768 1622 791 et
1642 759 1672 790 in
1690 754 1782 789 Alex-

173 811 264 848 andri
288 822 511 848 monumento
531 811 708 855 conclusit,
747 822 780 848 vt
808 825 871 848 nec
899 812 985 847 illius
1013 825 1132 860 corpus
1160 815 1331 861 quisquam
1357 809 1496 860 amplius
1526 817 1688 848 cerneret,
1724 818 1783 841 nee

173 876 223 899 res
245 867 278 899 iii
301 864 363 898 illis
387 863 515 912 scriptas
546 865 678 912 legeret.
1420 902 1426 906 ,

74 917 211 952 Seuerus
233 917 382 964 Σευῆξος.
433 917 500 951 Hic
519 916 589 963 post
612 914 776 951 infelicem
801 914 895 951 illum
917 916 1104 959 Eutychen}
1133 913 1270 957 exstitit,
1305 923 1337 949 et
1367 926 1443 948 cum
1475 912 1668 947 Antiochiae
1693 911 1783 945 thro-

176 979 257 1001 num
280 968 372 1001 malis
398 968 516 1001 artibus
542 966 742 1016 occupasset,
765 969 930 1002 Manentis
951 977 981 1002 et
1008 966 1206 1015 Apollinaris
1235 976 1266 1001 et
1294 967 1449 1009 Eutychis
1482 962 1624 1000 haeresin
1647 961 1782 996 stabilire

174 1018 378 1066 conabatur.¹
413 1020 463 1052 Ex
487 1017 619 1053 eeclesia
647 1021 754 1067 itaque
775 1017 882 1066 pulsus
906 1021 936 1053 in
956 1017 1217 1060 Alexandrinos,
1246 1016 1407 1066 populum
1430 1017 1556 1060 leuem,
1596 1014 1728 1049 turbinis·
1752 1021 1782 1047 et

175 1068 339 1117 procellae
360 1068 458 1103 instar
480 1068 602 1104 incidit.
654 1073 766 1118 Qum
789 1080 898 1106 autem
921 1072 974 1104 hic
996 1083 1129 1118 quoque
1153 1069 1213 1104 alia
1236 1068 1380 1116 procella
1401 1066 1458 1117 ipsi
1480 1077 1509 1103 et
1530 1065 1656 1114 populo
1678 1060 1783 1099 reflas-

174 1118 239 1166 set,
277 1123 390 1155 omnia
413 1118 563 1157 confudit
587 1130 618 1155 et
648 1123 859 1170 pei-turbauit.
913 1122 1052 1156 lulianus
1076 1124 1165 1156 enim
1188 1120 1320 1169 quidam
1345 1116 1652 1155 Halicarnass'enfis‚
1693 1114 1783 1150 Asiae

177 1169 347 1222 episcopus
369 1185 423 1206 eos
446 1171 614 1219 dissipauit.
668 1171 796 1208 Confer
815 1171 932 1221 supra,
963 1175 995 1207 in
1019 1173 1159 1208 Iuliano.

63 1224 208 1264 δεκίης,
237 1222 492 1264 Chaeronenfis,
518 1224 677 1259 Plutarchi
702 1222 820 1260 sororis
842 1225 947 1266 filius,
973 1222 1207 1273 philosophus,
1235 1225 1289 1272 qui
1312 1219 1373 1257 fuit
1395 1223 1445 1257 M.
1464 1218 1623 1256 Antonini
1639 1214 1781 1252 Caesaris

174 1276 394 1323 temporibus,
435 1274 620 1317 Herodoti,
649 1276 910 1322 Philadelph‘aei‚
940 1273 1115 1323 discipulus
1139 1273 1305 1322 sectaeque
1324 1275 1525 1318 Pyrrhoniae
1558 1269 1705 1306 addidius
1721 1270 1780 1312 ²⁴⁸).

174 1327 240 1361 Hic
260 1325 344 1375 apud
367 1328 598 1373 imperatorem
623 1330 655 1361 in
680 1336 771 1362 tanto
797 1328 926 1362 honore
947 1336 1031 1368 erat,
1069 1336 1104 1360 vt
1124 1340 1186 1361 vna
1210 1339 1287 1360 cum
1319 1338 1360 1360 eo
1392 1327 1438 1359 ius
1467 1323 1597 1358 diceret.
1652 1317 1782 1366 Scripsit

174 1378 308 1420 Etlzica,
335 1381 480 1426 itemque
493 1378 634 1424 sceptim
653 1380 743 1413 libris
758 1379 805 1414 X
856 1377 928 1414 Post
953 1377 1134 1413 Commodi
1161 1388 1304 1413 mortem
1327 1375 1460 1425 quidam
1485 1372 1515 1409 se
1533 1374 1659 1409 Sixturn
1674 1370 1782 1405 dicere

173 1428 266 1464 ausus
288 1428 351 1476 est,
373 1427 607 1478 facultatesque
627 1440 657 1464 et
685 1429 877 1478 dignitatem
898 1431 965 1465 eius
987 1429 1042 1465 sibi
1066 1428 1253 1470 vindicare,
1278 1431 1333 1475 qui
1356 1442 1375 1462 a
1393 1426 1502 1462 multis
1530 1423 1623 1472 saepe
1646 1426 1783 1457 interro-

172 1491 265 1528 gatus
291 1479 366 1516 scite
392 1479 569 1528 respondit.
620 1481 682 1516 Sed
704 1494 806 1531 quum
826 1484 972 1517 Pertinax
993 1480 1156 1516 nonnulla
1177 1478 1218 1515 ad
1240 1478 1460 1514 eruditionem
1485 1488 1656 1526 graecam,
1691 1473 1782 1508 cuius

172 1532 230 1566 ille
259 1531 347 1567 rudis
370 1544 456 1577 erat,
494 1534 684 1579 pertinentia
703 1546 743 1568 ex
767 1545 811 1568 eo
831 1543 1015 1581 quaereret,
1050 1531 1151 1580 longe
1174 1546 1191 1566 a
1207 1528 1306 1578 scopo
1328 1531 1505 1570 aberrauit,
1544 1539 1665 1574 quum,
1704 1521 1783 1572 quid

170 1582 351 1624 diceretur,
378 1598 420 1620 ne
441 1583 621 1630 intelligere
644 1583 775 1632 quidem
800 1582 912 1633 poffet.
962 1583 1056 1618 Adeo
1069 1593 1183 1618 natura
1200 1582 1328 1630 quidem
1346 1581 1473 1616 vultum
1489 1581 1518 1615 ei
1534 1576 1674 1613 similem
1691 1576 1785 1610 habe-

169 1634 242 1676 bat,
277 1637 456 1684 ceterisque
478 1637 511 1670 in
534 1637 627 1670 rebus
647 1648 714 1670 arte
739 1635 796 1681 [if]
819 1649 896 1670 euin
917 1632 1094 1677 referebat,
1130 1633 1282 1670 doctrina
1304 1646 1384 1668 vero
1404 1631 1521 1668 eadem
1541 1628 1690 1666 excultus
1715 1639 1785 1662 non

169 1695 247 1722 erat.
442 1720 446 1724 ,

69 1739 200 1780 Sextus,
223 1735 300 1773 Afer
320 1741 381 1783 ω),
408 1734 643 1788 philosophus,
667 1734 785 1784 scripsit
801 1738 940 1783 Sceptica
955 1736 1021 1772 siue
1037 1735 1226 1784 Pyrrhom'a
1247 1736 1339 1769 libris
1354 1735 1401 1769 X.

69 1789 400 1873 SibyllafDelphffca,
437 1802 536 1838 quam
562 1791 660 1824 eiam
683 1788 831 1824 Dianam
855 1788 1075 1837 adpellarunt.
1129 1790 1218 1823 Vixit
1238 1797 1312 1822 ante
1336 1786 1460 1821 bellurn
1477 1785 1686 1820 Troianum:
1713 1777 1784 1815 scii-

176 1852 195 1887 p
213 1852 236 1874 it
262 1840 395 1875 oracula
420 1840 565 1875 versibus.

57 1891 217 1935 ›Sibyllae
244 1891 428 1926 chaldaeae
457 1901 544 1940 pater
576 1887 731 1930 Berosus,
772 1898 878 1924 mater
903 1890 1121 1932 Erymanthe.

70 1943 215 1988 Sibylla,
245 1942 405 1990 Apollinis
428 1953 458 1977 et
482 1944 610 1976 Lamiae
626 1943 659 1975 F.
686 1940 737 1975 vel
760 1940 962 1975 Aristocratis
984 1952 1014 1975 et
1036 1938 1205 1984 Hydoles,
1233 1938 1283 1973 veI
1304 1940 1520 1984 ermagorae,
1548 1934 1617 1976 vel,
1644 1943 1677 1968 vt
1700 1932 1782 1966 Her-

171 1995 322 2042 mipptiS,
349 1995 541 2034 Theodori,
571 1994 766 2035 Frythtaea,
793 2002 866 2026 nata
889 1995 921 2026 in
939 1992 1014 2027 loco
1030 1993 1269 2035 Erythrarum,
1299 1985 1656 2037 quivocabaturliatti,
1685 1995 1782 2023 nunc,

171 2045 303 2080 condita
325 2045 393 2080 illic
412 2045 503 2083 vrbe,
531 2046 704 2088 Erythrae.
757 2043 901 2091 Qidain
919 2043 1060 2078 Siculam
1077 2042 1226 2081 tradunt,
1253 2042 1306 2075 alii
1322 2040 1533 2079 Samiarium,
1561 2037 1783 2084 Gergetliiain,

145 2120 148 2123 Δ
173 2097 358 2136 Rhodiam,
386 2095 570 2141 Lbyffain,
596 2099 778 2138 Lucanam,
805 2094 855 2130 vel
877 2097 1020 2131 Samiam
1041 2094 1194 2143 denique.
1245 2095 1316 2129 Fuit
1329 2091 1402 2142 post
1419 2100 1548 2139 captam
1563 2091 1675 2124 vrbem
1693 2087 1783 2144 ⁷1er-

1719 2148 1784 2170 iam

114 2249 171 2283 zm)
193 2251 278 2278 Hunc
297 2249 442 2280 Sextum,
466 2246 616 2286 αέδελφιδέἴς
632 2245 792 2286 Πλετοῖρχε
814 2260 828 2277 a
843 2249 906 2278 Sui-
941 2247 982 2289 sii
996 2248 1049 2277 ΙΙΙ.
1064 2257 1124 2288 cap.
1136 2255 1179 2277 iz.
1196 2247 1294 2277 histor,
1311 2242 1476 2286 philosoph.
1493 2240 1550 2271 late
1566 2237 1784 2268 demonstrauit·

73 2291 107 2320 da
124 2292 248 2327 dicium,
271 2303 328 2321 noii
343 2292 477 2321 eumdem
493 2293 547 2322 effi·
559 2315 568 2327 ‚
599 2295 653 2326 (vti
670 2292 787 2332 quidam
804 2293 906 2331 opina·
948 2290 1041 2321 Harl.

73 2333 215 2368 hamunt
253 2346 318 2364 cum
345 2336 440 2365 Sexto
465 2334 641 2374 Pyrrhoni«)
664 2336 720 2363 flue
742 2334 906 2372 Empirico,
991 2333 1049 2374 vv)
1073 2335 1130 2364 Hic
1145 2334 1184 2363 est
1201 2331 1318 2364 Sextus
1331 2328 1516 2370 Empiricus.
1541 2323 1634 2357 Harl.

73 2377 176 2407 Kiister
197 2385 283 2414 gtoin.
297 2380 349 2409 111.
371 2388 435 2420 pag.
453 2382 533 2414 299)
563 2380 739 2416 argumentis
755 2377 819 2408 vsus
834 2377 905 2408 Jon-
