2049 2720
420 154 487 190 ET
521 151 704 202 QIDEM
736 149 1065 197 GENVINORVbl,
1104 152 1328 190 RECENSIO
1382 155 1455 192 Lib.
1469 155 1537 192 IV.
1552 155 1696 195 aXlX.
1749 173 1809 207 4²7

90 251 207 287 Venet.
219 248 304 298 apud
320 250 437 284 luntas.
458 260 541 293 1574.
560 246 621 283 fol.
639 246 659 266 '³²²
682 266 734 273 -—
762 246 904 282 Oddide
921 247 1073 282 Oddisin
1088 247 1208 284 librum
1232 253 1307 285 artis
1331 250 1532 286 medicinalis
1557 250 1673 287 Galeni
1696 254 1802 287 minu-

88 302 204 337 tiffima
222 313 253 336 et
275 299 502 335 dilucid1ssima
526 298 709 347 expolitio,
731 312 750 333 a
768 300 884 333 Marco
903 297 972 334 filio
989 299 1072 334 edita
1095 309 1125 334 et
1148 301 1310 349 castigata.
1340 305 1453 338 Venet.
1473 315 1558 347 1574.
1578 316 1607 346 4.
1623 305 1638 323 *
1665 304 1798 347 Brixiae,

85 357 180 396 1607.
193 366 224 397 4.
249 354 362 388 Venet.
383 355 472 391 1608.
488 363 519 395 4.
570 349 707 386 Addidit
726 350 809 385 filius
825 361 931 385 totum
950 350 999 393 id,
1027 350 1116 400 quod
1132 365 1170 386 ex
1187 355 1451 402 interpretatione
1471 355 1517 389 ob
1536 353 1798 401 intempessiuam

83 408 183 454 patris
208 415 350 440 mortem
371 403 489 438 deerat.
522 423 572 429 —-
609 402 650 438 V
649 405 757 436 intent.
776 403 931 436 Mundifzi
953 402 1110 450 expolitio
1134 405 1166 437 in
1193 404 1306 439 Galeni
1330 406 1450 441 librum
1474 409 1548 440 artis
1581 404 1795 441 medicinalis.

82 457 214 492 Bonon.
230 459 360 500 1536,.4.
384 475 433 484 ·—
461 456 525 489 lac.
541 454 656 500 Schegk
674 452 823 502 praelec‘t.
838 456 870 489 in
887 453 1001 489 Galeni
1016 454 1089 490 libr.
1107 453 1147 490 de
1162 465 1230 490 arte
1249 469 1348 504 parua
1371 457 1470 492 edidit
1487 458 1556 492 Seb.
1573 455 1670 492 Bloss'.
1698 458 1796 492 Fran.

84 505 150 543 cof.
167 515 252 553 1589.
270 515 300 547 8.
328 526 377 534 —-
404 506 549 541 Roda-ic.
564 518 582 539 a
598 505 707 551 Veiga
723 517 823 552 opera
845 508 959 541 omnia
981 509 1014 540 in
1037 506 1152 541 Galeni
1176 506 1278 542 libros
1294 507 1396 550 edita,
1422 507 1486 544 scil.
1502 511 1536 543 in
1552 509 1630 544 libb.
1646 509 1701 544 111.
1718 511 1793 545 attin

82 558 247 599 medicae,
274 560 307 594 in
320 557 396 593 libb.
413 559 466 592 Vl.
484 557 525 592 de
539 557 619 592 locis
633 555 785 597 adfectis,
807 559 840 591 in
855 557 931 593 libb.
951 558 988 593 11,
1005 556 1044 592 de
1058 555 1199 592 febrium
1218 557 1405 594 differentiis
1423 563 1660 595 commentarii.
1687 559 1792 607 Lugd.

83 621 172 657 1594.
194 607 256 644 sol.
286 629 337 635 —
371 609 490 642 Sanffli
510 607 668 642 Sanffforii
693 611 932 643 commentaria
955 611 987 644 in
1011 620 1114 645 artem
1138 609 1366 647 medicinalem
1390 611 1504 647 Galeni
1528 620 1631 659 partes
1650 612 1702 646 111.
1729 614 1794 647 Ve.

78 672 146 698 net.
164 664 247 696 1612.
261 657 322 695 fol.
340 662 357 680 ⁸
385 663 472 701 1630.
486 672 516 703 4.
533 659 551 682 *
577 658 679 707 Lugd.
697 662 780 702 1631.
797 673 827 705 4.
843 663 859 681 *
887 663 970 701 1632.
984 673 1015 704 4.
1044 680 1092 687 —
1116 661 1224 696 Andr.
1238 663 1409 698 Laurentii
1423 666 1650 698 annotationes
1672 665 1705 697 in
1722 675 1791 711 par-

77 726 155 749 vam
170 722 272 748 artem
286 711 424 752 Caleni,
450 714 484 746 in
501 724 558 753 ea,
584 723 664 758 quae
680 708 822 758 specstant
836 710 875 746 ad
892 709 1097 747 semiotieam
1112 712 1295 749 medicinae
1312 724 1450 763 partem.
1502 715 1583 749 Sunt
1606 716 1637 748 in
1653 715 1792 750 Lauren·

77 766 112 800 tii
128 767 214 813 Opp.
230 765 451 811 therapeuticis
469 760 617 798 Francos.
635 765 723 807 1627.
738 760 798 798 fol.
815 766 831 784 ⁸
856 783 908 789 —-
934 763 1051 798 Galeni
1066 777 1115 798 ars
1130 778 1229 814 parua
1252 768 1285 800 in
1309 763 1540 814 disputationes
1561 768 1688 813 triginta
1705 764 1791 801 reso-

75 814 144 852 luta
169 826 200 850 et
224 817 260 850 in
281 813 603 863 Argentoratenfium
628 812 794 849 academia
819 814 990 850 exercendi
1019 817 1120 863 gratia
1149 816 1315 866 proposita
1340 816 1484 865 praefide
1508 817 1632 853 Meleh.
1647 817 1789 853 Sebizio.

76 869 211 915 Argent.
227 870 352 910 163328.
368 867 389 889 *
416 887 466 893 —-
492 867 629 900 Simonis
644 878 662 899 α
678 866 789 911 Campi
805 877 988 902 comment.
1005 869 1036 900 in
1056 878 1158 902 artem
1175 881 1306 916 paruam
1324 881 1355 904 et
1370 868 1499 916 quidem
1517 879 1641 904 tautum
1667 871 1700 903 iu
1726 878 1790 904 tex·

77 928 128 954 tus
148 930 188 961 ¹3-
210 931 331 965 nempe
355 932 374 952 a
392 927 481 953 textu
500 920 552 960 46.
576 929 675 966 vsque
693 917 731 952 ad
756 928 878 952 textum
897 925 945 964 58.
968 918 1039 952 libri
1065 921 1147 954 tertii
1174 920 1325 968 prodiere
1346 934 1422 955 cum
1439 919 1536 955 ejusd.
1558 930 1737 955 comment.
1753 923 1788 956 in

77 969 192 1005 Galen.
211 968 251 1005 de
266 967 426 1005 different.
441 966 522 1005 febr,
548 967 691 1016 Neapol.
711 970 800 1012 1642.
815 980 846 1011 4.
862 972 881 992 *
905 989 955 995 -
981 970 1086 1004 Lucae
1103 971 1209 1005 Tozzi
1224 974 1255 1005 in
1269 972 1389 1007 librum
1407 974 1482 1007 artis
1506 970 1708 1007 medicinalis
1724 972 1786 1007 Ga·

74 1021 142 1059 leni
158 1017 416 1071 παραφςαςικὴ
432 1015 754 1067 οἰινακεφαλαῖωσις.
807 1019 915 1055 Efficit
930 1033 1069 1068 operum
1092 1033 1218 1070 partem
1236 1025 1275 1058 V.
1304 1026 1443 1062 Patauii,
1468 1035 1544 1068 17¹¹·
1569 1035 1597 1066 4.
1614 1026 1634 1046 ⁸*
1656 1043 1708 1049 —
1734 1023 1785 1059 Ad

75 1083 179 1109 artem
195 1073 311 1108 Galerii
327 1075 464 1120 pertinet
476 1075 572 1107 etiam
591 1071 732 1106 Galcatii
745 1072 783 1106 dc
798 1072 913 1106 Sanan
930 1073 1044 1117 Sophia
1064 1075 1098 1108 in
1114 1085 1242 1109 nouum
1269 1076 1437 1109 tradlatum
1462 1074 1533 1110 libri
1548 1071 1657 1110 Rhafis
1674 1073 1714 1109 ad
1736 1088 1786 1110 re·

73 1138 154 1174 gem
171 1121 399 1160 Almansorem
417 1123 458 1159 de
476 1124 643 1158 curatione
656 1123 852 1157 morborum
871 1123 1129 1170 particularium.
1180 1125 1321 1161 Libellus
1343 1126 1598 1161 introdueiorius
1623 1128 1657 1160 in
1679 1137 1784 1162 artem

72 1189 210 1226 paruam
233 1176 348 1211 Galeni
371 1174 412 1210 de
434 1176 597 1222 principiis
620 1171 852 1208 vniuersalibus
876 1177 972 1208 totius
993 1174 1193 1218 medicinae,
1218 1186 1285 1211 tam
1311 1179 1523 1217 theoreticae,
1554 1189 1652 1225 quam
1668 1179 1784 1225 praeii-

71 1241 147 1270 cae‚
174 1241 213 1263 ex
229 1227 378 1262 dotstrina
393 1227 578 1261 Auicennae
595 1234 626 1260 et
639 1224 779 1260 aliorum
798 1221 1076 1273 philosophorum
1094 1227 1274 1275 congestus.
1307 1247 1359 1255 —-
1392 1229 1557 1270 Restituit,
1587 1231 1728 1264 correxit
1750 1238 1782 1264 et

69 1280 249 1329 publicauit
265 1279 386 1326 Georg.
403 1278 512 1315 Kraut.
538 1278 739 1324 Haganoae‚
767 1287 848 1320 1533.
864 1273 927 1311 sol.
945 1280 961 1297 *
987 1296 1039 1304 --
1065 1277 1177 1314 Andr.
1193 1279 1317 1314 Planer
1341 1278 1381 1314 de
1403 1280 1538 1315 vtilitate
1561 1281 1635 1314 artis
1652 1292 1782 1328 paruae.

68 1332 220 1380 Tubing.
246 1342 333 1376 1579.
357 1341 387 1373 4.
420 1348 470 1356 —-
496 1331 544 1364 10.
562 1327 648 1364 Pauli
667 1328 805 1364 Gallucii
826 1326 867 1362 de
887 1324 943 1363 vsu
967 1328 1168 1371 tabularum,
1200 1333 1233 1365 in
1258 1332 1373 1378 quibus
1400 1330 1586 1379 disciplinae
1605 1329 1782 1380 descriptae

67 1379 154 1419 sunt.
207 1381 343 1418 Additus
366 1380 409 1416 est
431 1390 526 1427 typus
551 1382 648 1414 trium
673 1379 832 1414 librorum
854 1382 928 1414 artis
950 1393 1069 1428 paruae
1092 1381 1206 1416 Galeni
1233 1400 1283 1407 —-
1310 1396 1327 1416 a
1343 1386 1392 1418 Io.
1410 1385 1499 1430 Bapt.
1516 1384 1693 1418 Montano.
1725 1385 1782 1418 Pa.

67 1443 134 1470 tau.
151 1440 236 1479 ¹580·
264 1431 323 1468 fol.
337 1436 358 1460 *
384 1453 434 1460 —-
463 1432 578 1466 Bened.
598 1431 739 1466 Vmor&
755 1433 789 1466 in
806 1432 1014 1479 Hippocratis
1030 1432 1239 1480 prognostica
1261 1436 1502 1471 commentarii.
1545 1436 1620 1469 Aee.
1636 1435 1780 1470 Theori.

69 1499 127 1522 cae
142 1484 350 1520 latitudinum
368 1482 548 1519 medicinae
563 1482 643 1517 liber
657 1481 697 1518 ad
716 1482 832 1518 Galeni
847 1481 983 1531 scopum
998 1484 1032 1517 in
1047 1493 1114 1518 arte
1128 1483 1326 1520 medicinali.
1353 1485 1557 1527 Florentiae,
1584 1496 1661 1530 1551.
1681 1484 1740 1522 fol.
1758 1490 1779 1514 *

68 1533 120 1565 -’-
146 1536 312 1572 6011ρᾶῐο
329 1536 593 1570 commentarior.
611 1537 644 1569 in
660 1544 764 1570 artem
777 1533 918 1582 prostat,
945 1534 1060 1569 titulo:
1087 1535 1171 1569 Plus
1186 1549 1279 1582 quam
1292 1545 1496 1572 commentum
1516 1539 1548 1572 iu
1557 1549 1695 1582 paruam
1713 1539 1780 1574 Ga.

68 1589 131 1623 leni
145 1595 243 1624 artem
264 1588 427 1636 Trustam',
451 1598 517 1620 cnm
535 1586 650 1632 duplici
665 1592 775 1620 textus
789 1588 1068 1631 interpretatione,
1093 1589 1181 1632 quod
1200 1587 1274 1622 olim
1290 1589 1356 1623 Iul.
1370 1588 1662 1625 Martianur'Rota
1685 1592 1780 1624 auxit

66 1646 97 1676 et
116 1642 299 1674 emendauit.
351 1640 479 1673 Addita
489 1639 571 1684 fimt
593 1638 699 1685 Haly,
723 1638 780 1688 qui
803 1638 927 1673 eandem
944 1638 1060 1673 Gasani
1078 1645 1176 1673 artem
1191 1641 1320 1684 primus·
1343 1641 1497 1688 exposuit.
1553 1640 1722 1674 lohamzitiz
1737 1640 1781 1675 ad

65 1692 192 1728 eandam
220 1690 424 1726 miroslaum.
478 1690 637 1729 Gentius,
662 1691 717 1736 qui
730 1690 862 1735 primus
886 1691 1017 1724 eiusdem
1039 1692 1122 1724 artis
1144 1691 1260 1727 librum
1284 1691 1470 1729 declarauit.
1529 1691 1601 1727 Nic.
1616 1692 1779 1728 Leonitem'

65 1742 202 1790 quaqstio
215 1744 251 1778 de
263 1744 366 1777 tribus
379 1739 538 1777 doffrinis.
567 1741 608 1776 V
603 1747 680 1777 emt.
704 1742 794 1787 apud
807 1742 934 1778 luntas.
959 1753 969 1775 ι
973 1753 1040 1786 357.
1055 1738 1117 1776 fol.
1135 1743 1153 1760 '

165 1843 212 1877 51.
239 1831 319 1881 Περὶ
340 1827 512 1880 διαφορᾶς
532 1827 745 1877 νεσημοὶτων.
796 1830 852 1865 De
866 1829 1054 1877 diffireutiis
1068 1832 1248 1867 morborum
1263 1833 1350 1868 liber.
1402 1834 1513 1871 Exstat
1525 1838 1557 1870 in
1574 1836 1647 1873 edit.
1666 1834 1780 1874 mdiu:

63 1891 148 1932 part.
166 1883 222 1915 111.
243 1880 302 1916 fol.
320 1895 341 1917 1.
368 1885 400 1916 in
421 1894 536 1928 graeca
556 1880 648 1916 Bafil.
664 1892 744 1930 part.
761 1882 817 1917 111.
841 1894 915 1929 pag.
932 1894 999 1926 ¹99·
1024 1884 1058 1916 in
1077 1882 1151 1927 edit.
1169 1885 1318 1919 Charter.
1334 1895 1414 1919 tom.
1432 1889 1501 1920 Vll.
1516 1898 1591 1935 pag.
1607 1901 1632 1924 1.
1658 1889 1778 1925 Aristo.

62 1933 117 1968 teli
139 1933 295 1969 tribuebat
317 1934 377 1967 lios
402 1931 505 1969 libros
522 1934 663 1967 Duretus
686 1933 805 1981 absque
828 1932 893 1970 vua
917 1930 1031 1970 caussa.
1083 1931 1167 1969 eod.
1177 1945 1233 1981 gr.
1253 1937 1289 1970 in
1303 1936 1447 1974 biblioth.
1465 1938 1506 1976 D.
1523 1939 1632 1975 Marci
1650 1940 1776 1979 Veneta

62 1983 138 2025 cod.
155 1985 343 2020 CCLXXV.

163 2082 208 2115 52.
236 2071 316 2120 Πεςῖ
334 2071 399 2109 τῶν
420 2072 451 2108 ἐν
470 2075 540 2108 τοῖς
565 2066 745 2117 νοσήμασιν
770 2066 893 2108 αἰτίων.
944 2069 1000 2105 Dc
1019 2071 1199 2106 morborum
1218 2071 1324 2118 cauffis
1345 2073 1429 2111 liber.
1481 2075 1594 2112 Exstat
1608 2078 1640 2110 in
1658 2075 1775 2113 Aldina

63 2132 144 2172 pa-rt.
159 2124 214 2158 111.
228 2120 288 2157 fol.
305 2134 336 2166 4.
364 2123 415 2156 vbi
432 2134 509 2156 vero
525 2123 550 2155 is
564 2121 644 2157 liber
660 2119 827 2169 inscriptus
843 2120 904 2156 est:
934 2120 1010 2171 περὶ
1026 2123 1091 2160 τῶν
1107 2125 1137 2160 ἐν
1152 2130 1222 2162 τοῖς
1236 2122 1415 2174 νοσήμασιν
1430 2124 1554 2170 αἰτίων,
1568 2127 1710 2171 βιβλίον
1724 2126 1775 2172 β’.

62 2173 148 2209 vnde
165 2183 262 2223 patet,
282 2186 361 2210 eum
376 2173 499 2208 librum
522 2185 598 2207 eum
619 2172 724 2215 libro,
753 2174 807 2220 qui
825 2172 1006 2221 praecedit,
1031 2174 1108 2223 περὶ
1124 2170 1296 2225 ὃιοιφορίἱὲ
1310 2175 1509 2227 νεσημοὶτων
1527 2182 1713 2216 cohaerere.
1740 2182 1774 2215 in

62 2223 139 2260 edit.
155 2224 242 2262 Basil.
259 2235 339 2273 part.
355 2227 408 2259 111.
423 2238 455 2274 p.
471 2236 540 2268 205.
567 2225 617 2259 vbi
635 2223 752 2259 eodem
767 2223 870 2259 modo
886 2225 911 2258 is
927 2223 1005 2259 liber
1019 2224 1187 2273 inscriptus
1202 2227 1255 2262 est.
1281 2232 1316 2265 in
1331 2229 1406 2266 edit.
1423 2233 1587 2268 Chartfflii
1606 2242 1688 2267 mm,
1701 2233 1776 2267 VH,

60 2287 136 2326 pag.
154 2279 200 2313 16.
251 2275 335 2312 eod.
352 2288 488 2324 graecus
510 2277 543 2312 in
562 2275 638 2311 bibl.
658 2277 701 2311 D.
717 2276 823 2311 Marci
840 2277 953 2311 Venet⁴
974 2275 1048 2312 cod.
1063 2279 1252 2314 CCLXXV.

163 2372 208 2406 53·
236 2361 315 2412 Περῗ
337 2357 610 2411 συμπτωμάτων
629 2356 801 2408 διαφοραῖς
820 2359 956 2403 βιβλία
973 2357 1018 2407 γ’.
1074 2363 1125 2398 Dc
1143 2364 1586 2411 differentiasymptomatum
1607 2367 1681 2401 {ibri
1697 2368 1771 2404 III.

60 2411 193 2450 Exstant
212 2417 249 2450 iu
273 2413 392 2464 Aldiss?
409 2411 470 2452 fol.
484 2427 515 2459 7.
546 2425 626 2455 cum
654 2410 880 2462 inscriptione:
914 2413 1010 2501 gislei}
1033 2415 1099 2502 ζῶν
1130 2412 1407 2465 συμπτωμάτων,
1430 2411 1601 2468 διαφοραῖς
1628 2418 1771 2509 βἰζέζκιό]

1618 2485 1663 2518 Ὺ.
1719 2488 1769 2510 .ε.
