2013 2725
239 176 306 214 448
360 168 430 202 Lib.
444 155 514 202 IV.
527 176 550 200 c.
564 162 673 201 XIX.
723 160 886 200 GALENI
919 161 1035 199 LIBRI
1067 160 1329 200 MANIFESTE
1360 163 1504 201 SPVRn

239 263 319 298 locis
343 262 476 296 auxerit.
527 257 797 295 Einendatioret
822 270 860 293 ex
881 256 1008 294 collatis
1031 257 1127 294 codd.
1142 261 1265 308 graecis
1286 261 1465 295 accuratior
1485 257 1571 294 fasta
1591 257 1672 294 haec
1687 258 1789 297 verfio
1805 259 1905 299 exssat
1919 265 1956 299 in

240 313 376 363 septima
395 312 468 348 edit.
487 324 627 361 operum
643 311 772 347 Galeni.
803 313 918 346 Venet.
932 309 1015 358 apud
1031 312 1149 346 luntas.

341 401 410 432 103.
441 390 495 425 De
515 390 667 434 partibus
689 389 773 422 artis
800 387 931 423 medicae
957 388 1045 423 liber.
1106 386 1213 422 Exstat
1236 389 1270 422 in
1291 385 1366 422 edit.
1390 386 1550 421 Charterii
1572 395 1654 422 tom.
1671 388 1710 422 Π.
1734 399 1811 436 pag.
1827 397 1895 429 282.
1919 391 1955 426 in

240 441 375 491 septima
397 443 564 475 luntarutu
587 442 620 475 in
643 436 728 475 class.
749 437 887 487 spurior.
908 436 968 474 fol.
986 441 1033 476 16.
1084 440 1202 474 Latine
1226 448 1351 473 tantum
1376 436 1474 473 exstat
1489 451 1526 472 ex
1543 438 1619 473 vers.
1637 440 1711 474 Nic.
1726 440 1876 487 Rhegini.
1903 458 1955 468 —-

239 493 352 530 Exstat
367 493 508 527 Galenus
525 490 565 526 de
582 490 705 540 duplici
721 491 903 533 medicina,
927 493 982 539 qui
1001 488 1084 526 forte
1107 493 1131 525 is
1157 491 1236 526 liber
1256 489 1318 532 cst,
1345 489 1445 525 latine
1465 487 1597 537 scriptus
1619 491 1652 525 in
1671 489 1747 524 bibl.
1770 490 1960 539 Taurinmfi

238 542 463 581 Montfaucon
481 545 519 577 11.
536 555 610 591 pag.
626 555 713 588 1397.
765 544 819 586 (In
834 541 925 577 catal.
948 541 1044 577 codd.
1065 541 1154 577 latin.
1174 541 1250 577 bibl.
1265 543 1402 576 Taurin.
1423 554 1454 589 p.
1469 554 1540 586 291.
1562 539 1635 576 cod.
1653 541 1955 576 DCCCCXXXIX.

238 597 419 632 membran.
441 592 523 630 saec.
540 596 625 630 XIV.
646 592 710 630 fol.
726 605 777 636 32·
802 596 916 629 citatur
938 594 1014 629 liber
1036 596 1124 642 tegni
1147 594 1279 634 Galeni,
1306 592 1442 629 mutilus
1465 607 1500 629 in
1522 591 1606 628 fine:
1633 603 1761 642 praeter
1783 605 1821 629 ea
1843 592 1956 629 nullut

236 648 317 684 alius
335 645 449 682 Galeni
470 645 551 681 liber
566 647 648 682 inter
668 644 796 681 codices
817 645 966 690 latinos.)

341 735 413 766 104.
442 722 497 757 De
508 725 669 758 anatomia
686 724 834 758 uiuorum
852 723 940 756 liber.
973 718 1082 756 Exstat
1097 720 1195 756 latine
1211 730 1337 756 tantum
1356 721 1389 755 in
1405 718 1547 755 editione
1564 720 1604 755 R.
1621 721 1783 755 Charterii
1799 729 1881 756 tom.
1897 719 1955 756 lv.
2011 754 2013 756 .

237 787 312 825 pag.
331 787 400 820 ¹94·
429 783 461 808 et
479 776 513 808 in
536 772 673 821 septima
696 777 865 809 luntarum
887 772 961 809 edit.
985 775 1065 807 inter
1088 770 1213 820 spurios
1234 770 1295 807 sol.
1309 783 1362 817 44.
1416 770 1567 808 Ediderat
1585 771 1728 806 Galenus
1741 772 1860 807 librum
1877 771 1954 821 περὶ

239 828 300 870 τῆς
323 823 501 872 οἱνατομῆς
519 827 575 864 ἐπὶ
599 827 664 864 τῶν
687 822 834 873 ζώντων,
862 837 960 873 quem
985 834 1149 859 memorat
1167 825 1203 858 in
1224 837 1295 871 cap.
1313 835 1360 866 37.
1384 825 1458 858 artis
1478 823 1643 865 medicae,
1669 835 1743 871 pag.
1759 835 1829 866 230.
1853 835 1955 872 quem

238 880 337 914 etiam
359 880 394 911 in
415 877 485 911 aliis
505 877 650 926 pluribus
672 876 752 912 locis
777 876 853 926 περὶ
875 877 1070 924 zooras-«ixx
1091 874 1175 910 dicit.
1228 873 1290 910 Sed
1315 877 1340 908 is
1359 873 1440 909 liber
1460 872 1501 909 de
1522 876 1675 910 viuorum
1696 884 1870 918 anatome,
1898 876 1956 924 qui

237 928 345 964 adhuc
364 925 506 976 proflat,
531 928 646 963 Galeni
662 930 822 975 genuinus
836 925 944 962 foetus
962 940 1032 961 non
1047 926 1110 968 est,
1136 928 1259 974 quippe
1272 927 1305 959 in
1321 937 1388 973 quo
1404 922 1470 972 ipse
1487 924 1629 960 Galenus
1648 927 1784 968 citetur,
1809 935 1841 960 et
1857 922 1955 973 Isaac,

238 990 269 1016 et
296 981 330 1013 in
356 992 422 1026 quo
448 981 562 1013 omnia
582 978 623 1014 ad
638 981 882 1022 =Saracenorum
904 977 1054 1012 indolem
1079 976 1343 1024 religionemque
1366 975 1531 1024 propoiita
1555 972 1647 1021 sunt,
1687 985 1721 1011 vt
1743 988 1821 1011 eum
1845 979 1955 1025 itaque

239 1032 278 1067 ab
299 1031 404 1065 Arabe
425 1029 571 1077 quodam
592 1027 815 1077 conscriptum
836 1027 897 1064 esse
915 1030 1000 1075 recle
1020 1037 1120 1076 putes.
1172 1027 1289 1075 Neque
1309 1023 1480 1073 respondet
1503 1026 1614 1064 titulo;
1639 1024 1693 1062 sed
1715 1027 1954 1076 compendium

238 1083 462 1119 anatomicurn
485 1081 549 1124 est,
576 1083 629 1116 cui
653 1080 840 1130 posteritas,
867 1092 970 1129 gnara
993 1077 1107 1114 Galeni
1131 1077 1203 1114 libri
1223 1078 1300 1126 περὶ
1323 1079 1384 1122 τῆς
1405 1075 1584 1126 οἱνατομῆς
1606 1079 1672 1116 τῶν
1693 1075 1842 1126 ζώντων,
1876 1092 1954 1116 eum

236 1134 370 1170 titulum
393 1131 490 1169 dedit.
542 1132 714 1182 Qaedam
736 1143 845 1168 tamen
868 1132 962 1167 habet
985 1128 1055 1166 satis
1079 1131 1181 1172 bona,
1205 1143 1236 1166 v.
1251 1143 1284 1178 g.
1305 1128 1345 1165 de
1366 1128 1485 1173 corde,
1511 1130 1550 1165 de
1567 1130 1764 1177 pulmonum
1780 1128 1868 1166 sensu
1887 1133 1956 1166 exi-

236 1199 304 1234 guo
327 1184 377 1219 vel
405 1183 498 1219 nullo
509 1183 525 1226 7*
558 1184 599 1219 de
629 1182 884 1232 diaphragmatis
914 1195 1036 1224 neruo,
1063 1192 1122 1217 cet.
1153 1201 1204 1208 —
1237 1180 1353 1216 Codex
1374 1190 1440 1216 erat
1464 1183 1495 1216 in
1516 1180 1590 1216 bibl.
1615 1182 1714 1217 Mich.
1731 1181 1952 1218 Cantacuzeni.

237 1236 381 1271 verdier.
402 1247 476 1283 pag.
493 1237 544 1270 62.
578 1237 653 1269 Gal.
677 1234 717 1270 de
734 1235 940 1270 interioribus
960 1234 1116 1268 membris
1136 1231 1179 1268 est
1198 1233 1254 1267 lat.
1275 1235 1309 1267 in
1331 1233 1360 1266 b.
1377 1232 1465 1268 Coli.
1482 1233 1625 1267 Merton.
1645 1245 1692 1269 nr.
1707 1235 1781 1280 685.
1833 1236 1955 1270 Anato-

236 1290 304 1324 mia
323 1286 438 1323 Galeni
456 1285 499 1321 est
516 1286 572 1322 lat.
587 1289 622 1321 in
637 1285 712 1321 bibl.
729 1285 820 1322 dom.
837 1287 868 1321 S.
890 1287 972 1320 Petr.
995 1284 1187 1334 cantabrig.
1201 1297 1250 1319 nr.
1268 1286 1358 1325 1862.
1386 1285 1505 1320 Galeni
1524 1287 1690 1320 anatomia
1709 1283 1754 1320 est
1777 1286 1861 1320 inter
1882 1285 1954 1322 libr.

236 1337 272 1375 Is.
288 1336 390 1374 Voffii
416 1350 466 1372 nr.
481 1349 564 1381 2127.

338 1405 393 1439 De
413 1405 574 1438 anatomia
588 1415 695 1449 parua
717 1404 806 1439 liber.
859 1402 971 1438 Exstat
989 1402 1087 1438 latine
1108 1410 1232 1437 tantum
1248 1403 1280 1436 in
1296 1399 1373 1437 edit.
1392 1402 1551 1437 Charterii
1568 1411 1650 1438 tom.
1663 1403 1720 1437 IV.
1736 1415 1806 1451 pag.
1825 1410 1892 1445 2¹8·
1917 1405 1953 1440 in

236 1454 373 1506 septima
401 1456 569 1490 [antarum
593 1457 675 1490 inter
699 1452 824 1503 spurios
846 1452 908 1490 fol.
924 1466 974 1496 42.
1032 1453 1083 1489 Est
1108 1466 1238 1502 quoque
1259 1454 1372 1487 Arabis
1396 1466 1501 1501 opus,
1529 1467 1568 1488 ex
1591 1453 1735 1496 Galerio,
1769 1454 1857 1503 quod
1885 1453 1951 1503 ipse

238 1512 304 1544 eius
331 1508 447 1543 audior
476 1503 614 1550 fatetur,
645 1516 847 1554 excerptum.
913 1504 1137 1541 Deridendum
1160 1517 1244 1554 opus
1263 1506 1365 1540 Conr.
1383 1505 1543 1540 Gesnerus
1565 1503 1652 1540 dicit.
1718 1505 1889 1553 Qaedam
1911 1518 1952 1542 ex

238 1558 434 1595 animalium
458 1560 625 1592 anatomia
649 1560 812 1601 continet,
843 1559 990 1605 inprimis
1016 1559 1129 1605 porci,
1155 1558 1244 1590 cuius
1265 1553 1402 1598 viscera,
1436 1555 1523 1604 quod
1551 1558 1666 1592 audior
1688 1553 1839 1592 hffinanis
1859 1567 1952 1608 putat

238 1608 302 1648 eise
316 1609 500 1651 simillima,
525 1608 606 1644 liber
629 1607 800 1658 inscriptus
825 1611 922 1645 etiam
946 1611 1101 1657 reperitur
1117 1609 1154 1642 dc
1170 1610 1328 1643 anatomia
1340 1620 1466 1654 parua,
1481 1609 1550 1658 stuc
1569 1609 1728 1643 anatomia
1745 1610 1847 1655 porci.

343 1677 397 1711 De
421 1677 580 1710 anatomia
603 1676 771 1711 oculorum.
825 1675 937 1711 Exstat
956 1674 1053 1710 latine
1074 1677 1107 1710 in
1131 1673 1203 1710 editt
1221 1676 1379 1710 Charterii
1399 1676 1551 1710 tom.1V.
1573 1687 1649 1723 pag.
1665 1686 1732 1718 223.
1760 1676 1792 1710 in
1814 1671 1951 1724 septima

239 1730 409 1764 luntarum
432 1730 464 1761 in
488 1724 674 1774 spuriorum
699 1725 792 1762 claise
814 1724 874 1761 fol.
891 1740 939 1771 57.
992 1727 1149 1760 Galerium
1174 1728 1288 1761 audior
1311 1726 1386 1760 libri
1408 1729 1504 1770 citat,
1540 1739 1640 1774 quem
1665 1738 1705 1761 ex
1726 1725 1842 1762 Galeni
1865 1726 1951 1762 libris
2000 1745 2004 1747 “

241 1776 438 1827 composuit,
492 1775 614 1813 Vitiosa
636 1777 741 1814 multa
761 1778 872 1820 habet,
899 1788 1008 1812 tamen
1033 1786 1064 1811 et
1083 1775 1243 1824 quaedam
1265 1776 1371 1818 wilia,
1394 1790 1424 1811 v.
1440 1790 1472 1825 g.
1495 1789 1635 1812 neruum
1657 1779 1802 1825 opticum
1828 1786 1950 1813 vtrum.

240 1843 302 1879 que
317 1833 423 1868 coire,
446 1841 552 1877 eoque
567 1827 672 1864 ruodo
689 1829 786 1870 effici,
813 1838 845 1863 vt
865 1838 1002 1877 vtroque
1020 1827 1118 1863 oculo
1133 1830 1238 1864 homo
1252 1841 1353 1862 vnum
1370 1837 1497 1862 tantum
1511 1828 1681 1863 obiectum
1695 1825 1882 1875 conspiciat.
1898 1848 1951 1856 —-

240 1883 358 1916 Latine
379 1882 472 1915 vertit
494 1881 576 1915 olim
599 1880 794 1914 Demetrius.
846 1881 951 1913 Vertit
970 1882 1069 1915 etiam
1085 1879 1236 1914 Nicolaus
1253 1880 1434 1926 Rhegium,
1456 1878 1604 1915 Calaber.
1625 1898 1678 1906 -—
1705 1877 1826 1915 Prodiit
1841 1879 1949 1928 Paris:

239 1936 324 1978 1536.
375 1934 478 1967 Vertit
499 1933 598 1966 etiam
620 1941 650 1966 et
671 1930 772 1967 edidit
787 1931 972 1965 Matthaeus
993 1931 1176 1965 Theodorus
1192 1930 1389 1965 Milanellus.
1416 1932 1585 1977 AntWerp.
1602 1940 1692 1975 1540.
1707 1940 1741 1973 4.

340 2019 404 2052 105.
432 2008 485 2042 De
502 2019 648 2054 compage
663 2008 892 2047 membrorum,
912 2007 980 2053 fine
994 2007 1029 2040 dc
1045 2013 1159 2040 natura
1178 2007 1324 2041 humana.
1361 2007 1494 2054 Legitur
1512 2007 1545 2041 in
1562 2004 1637 2041 edit.
1651 2007 1796 2041 Charter.
1811 2011 1896 2041 tom.
1906 2006 1947 2041 V.

236 2072 310 2109 pag.
328 2071 398 2102 330.
425 2061 459 2093 in
480 2056 615 2107 septima
638 2062 757 2094 luntar.
780 2057 854 2094 edit.
873 2059 956 2092 inter
976 2055 1098 2106 spurios
1119 2054 1180 2092 fol.
1197 2064 1244 2102 58.
1298 2057 1350 2092 Est
1369 2057 1450 2092 liber
1466 2055 1610 2107 spurius,
1637 2060 1692 2104 qui
1710 2058 1807 2092 latine
1821 2066 1949 2093 tantum
1994 2081 1995 2084 =

235 2111 353 2153 exstat,
393 2109 507 2144 rudem
528 2110 643 2145 Galerii
668 2110 898 2158 pathologiam
921 2122 958 2143 ac
980 2107 1225 2156 physiologiam
1248 2108 1482 2155 complefftens.
1542 2108 1679 2143 Videtur
1701 2106 1863 2144 Arabistae
1885 2106 1949 2144 effe
1983 2099 1995 2134 s

236 2175 336 2211 opuS‚
362 2161 558 2208 astrologiae
575 2160 794 2196 deliramentis
813 2159 1021 2209 indulgentis.
1049 2179 1097 2187 —
1124 2161 1202 2195 Erat
1217 2162 1300 2194 inter
1316 2160 1418 2196 libros
1437 2159 1539 2195 Mich.
1556 2160 1782 2195 Cantacuzeni.
1990 2145 1996 2203 i

339 2239 412 2273 106.
433 2237 487 2272 De
500 2245 618 2271 natura
635 2244 664 2271 et
683 2238 793 2272 ordine
810 2237 969 2272 cuiuslibet
984 2237 1132 2281 corporis.
1185 2234 1240 2270 Est
1261 2235 1340 2270 liber
1361 2232 1486 2283 spurius
1503 2237 1537 2270 in
1555 2233 1626 2270 edit.
1644 2235 1792 2270 Charter.
1809 2244 1891 2270 tom.
1905 2236 1946 2272 V.
1987 2223 2002 2266 l*

239 2302 312 2338 pag.
330 2301 395 2333 327.
424 2290 456 2323 in
481 2286 615 2336 septima
637 2292 756 2323 luntar.
779 2290 812 2321 in
835 2286 947 2334 spuriis
973 2285 1032 2322 fol.
1048 2299 1100 2329 42.
1153 2287 1268 2321 Latine
1290 2296 1416 2321 tantum
1436 2285 1554 2328 exstat,
1581 2295 1612 2321 et
1629 2285 1727 2321 latine
1741 2283 1875 2334 scriptus
1890 2285 1947 2326 est,
1985 2272 2013 2334 111

239 2340 328 2390 quod
353 2350 436 2386 patet
460 2353 498 2374 ex
521 2352 588 2386 cap.
606 2351 629 2374 r.
680 2341 804 2376 Audiet
823 2339 1038 2387 Apollonium
1061 2334 1154 2387 saepe
1181 2341 1279 2379 citat,
1303 2347 1334 2374 et
1355 2336 1480 2374 multos
1496 2338 1707 2387 Hippocratis
1729 2336 1828 2373 libros
1848 2334 1879 2373 se
1902 2337 1948 2374 la·
1984 2339 2013 2372 „ij

239 2396 323 2429 rinos
343 2389 451 2427 secuse
471 2392 628 2439 perhibet.

1774 2467 1841 2501 107.
1857 2451 1942 2496 <Ὀτι
