2013 2725
236 171 292 208 ¹38
345 164 419 199 Lib.
434 162 505 199 IV.
522 174 544 198 c.
560 163 649 197 XII.
723 163 870 197 AETAS
904 161 969 197 ET
1002 160 1115 196 VITA
1147 161 1297 195 D1ON18
1328 160 1462 195 CASSI!
1637 161 1756 189 Vol-ffl-
1773 170 1800 195 Ρ·
1815 163 1954 196 3191320

340 261 384 294 V.
410 258 510 291 Dioni
528 258 602 291 huic
617 253 858 300 Chrysossomo
883 265 1069 304 opportune
1091 252 1319 302 subiungetur‚
1340 253 1414 289 licet
1441 253 1608 303 aliquanto
1631 255 1741 290 iunior
1763 256 1842 291 alius
1862 257 1958 292 huius

239 311 406 351 nominis,
430 318 460 343 et
478 307 579 347 illius,
608 307 647 342 de
665 319 730 355 quo
748 309 812 341 iam
829 306 913 345 dixi,
940 304 1077 342 fortaffis
1099 318 1213 353 nepos,
1241 307 1335 340 DlO
1362 306 1543 340 CASSlV
1556 306 1576 338 S
1592 304 1654 350 m¹).
1706 308 1770 341 Hic
1785 309 1958 356 cognomi-

238 374 303 403 ne,
336 371 370 395 vt
395 358 439 396 est
459 358 543 408 apud
565 357 718 396 saidam.
752 359 995 407 Nimiumque,
1022 357 1136 394 itidem
1161 358 1316 397 Cocceius,
1338 355 1402 390 flue
1422 357 1540 390 reilius
1565 356 1751 392 Cocceianus
1768 362 1829 403 ⁰⁰),
1864 372 1882 394 e
1901 360 1959 394 Ni.

239 425 316 447 caea
331 414 381 452 W)
396 411 557 453 Bithynus
574 407 634 444 fuit
645 437 654 452 ‚
675 422 794 457 genere
810 409 930 450 nobili.
959 407 1065 453 Prisci,
1081 410 1276 448 mechanici,
1296 417 1528 442 conterraneus
1543 410 1603 450 ἰἵ),
1632 420 1831 456 quamquam
1840 410 1959 445 Ioanni

239 462 411 510 Xiphilino
428 464 476 507 ⁷')
500 463 646 496 Dionem
669 457 947 504 chrysostomum
970 474 1046 496 cum
1067 458 1198 500 nostro,
1232 469 1264 493 vt
1288 457 1429 504 videtur,
1465 455 1700 498 confundenti,
1725 460 1780 506 [If]
1808 475 1826 495 a
1852 458 1958 501 Prusa.

241 512 345 548 altero
360 513 532 556 Bithyniae
549 512 688 560 oppido,
703 522 839 547 vocatur
855 509 1016 551 Prusaeus,
1035 510 1098 546 flue
1113 507 1300 545 Prusaenfis.
1355 511 1472 555 [Natus
1487 509 1543 548 ess,
1569 511 1741 553 tReimaro
1757 513 1788 558 §.
1806 523 1834 554 7.
1851 512 1904 546 vbi
1918 508 1958 546 de

240 566 350 614 prima
362 564 480 598 Dionis
496 572 597 598 aetate
617 575 719 611 vsque
737 563 776 597 ad
795 565 993 598 Pertinacem
1009 565 1095 611 agit,
1120 561 1262 597 calculos
1284 558 1507 606 subducente.)
1535 564 1571 596 A.
1593 563 1632 596 V.
1651 563 1688 596 C.
1707 569 1786 607 908.
1806 575 1858 599 an.
1881 564 1958 598 Chr,

241 615 322 661 155.]
354 616 481 649 Patrem
501 614 611 649 habuit
627 617 855 661 Apronianum
872 618 934 660 ³⁸),
963 617 1014 662 qui
1031 612 1086 647 sub
1101 614 1250 648 Traiano
1268 622 1298 647 et
1316 611 1498 652 Hadriano,
1520 613 1782 661 imperatoribus,
1801 613 1899 649 veluti
1917 614 1961 650 le-

242 677 336 715 gatus
352 668 398 701 im
424 667 569 710 cratoris,
595 663 732 713 praefuit
750 668 939 714 prouinciae
958 665 1091 700 Ciliciae
1107 665 1141 710 “)
1157 674 1188 699 et
1201 663 1386 699 Dalmatiae
1401 666 1450 707 ⁸⁴¹⁶)
1475 676 1615 712 quoque.
1668 665 1755 699 Cum
1772 666 1837 700 hoc
1854 667 1889 700 in
1906 667 1962 700 Ci-

241 717 322 754 licia
338 731 394 752 vet
409 727 478 751 atus
494 715 538 751 est
553 716 620 764 Μ),
649 716 760 765 postea
779 719 812 750 in
828 716 953 751 Italiam
970 719 1058 751 venit
1084 725 1116 750 et
1140 712 1259 750 cautsas
1282 717 1315 749 in
1337 712 1413 750 soro
1437 717 1502 763 egit
1518 718 1598 758 ¹⁰²⁰),
1625 717 1796 764 variosque
1815 717 1961 752 honores

242 766 355 817 gestit,
381 782 399 803 a
416 767 598 803 Commodi
615 781 713 817 vsque
729 769 929 816 temporibus
945 783 971 802 a.
987 766 1054 803 fere
1069 769 1108 801 V.
1124 768 1160 800 C.
1177 777 1244 810 933.
1260 780 1287 800 a.
1306 767 1383 802 Chr.
1402 772 1474 807 180.
1495 763 1623 802 senator
1643 767 1727 802 vrbis
1750 769 1881 803 Romae
1894 769 1961 814 ²⁸³¹³),
1989 791 1995 796 -

243 822 323 856 hinc
337 833 365 855 a.
383 821 422 854 C.
439 831 508 864 193.
531 821 571 854 V.
589 821 627 854 C.
644 821 720 865 946.
749 816 804 852 sub
823 821 1004 859 Pertinace,
1027 816 1112 866 apud
1128 830 1227 866 quern
1244 819 1434 865 cumprimis
1448 820 1550 864 gratia
1565 817 1676 859 valuit,
1702 821 1801 854 etiam
1815 817 1962 866 defigua·

242 880 297 908 xus
319 872 485 919 Strategus
507 868 573 906 flue
593 879 725 920 praetor
740 873 808 917 ’ὓς
843 868 883 906 ad
905 867 1112 907 consulatum
1139 871 1287 918 primum
1310 870 1439 905 euectus
1469 865 1527 904 sub
1556 871 1716 919 Septimio
1740 872 1864 906 Seuero
1886 870 1962 915 ’ὓς

1851 921 1965 972 postea

287 1028 342 1059 nn)
365 1023 477 1056 Dionis
491 1024 583 1068 *Ca-[751¹
602 1027 692 1057 vitam
715 1026 878 1068 scriptaque
901 1026 999 1068 plures
1020 1028 1079 1057 iam

243 1068 416 1110 persequuti
430 1067 504 1098 sunt.
549 1071 629 1099 Nam
647 1078 763 1110 praeter
780 1070 908 1111 Vofflum
928 1070 963 1099 de
978 1071 1079 1099 histor.

243 1121 290 1148 gr.
310 1110 362 1141 lib.
378 1111 414 1140 11.
431 1119 458 1140 2.
487 1121 550 1152 cap.
567 1119 606 1146 15.
638 1112 769 1153 aliosque
802 1113 838 1142 ab
868 1111 1079 1152 Hambergero

243 1155 277 1184 Z.
293 1155 334 1183 N.
350 1160 421 1183 tom.
438 1155 475 1182 11.
494 1165 557 1194 pag.
570 1163 625 1192 527
639 1155 679 1195 sq.
694 1163 723 1185 et
737 1156 836 1186 Saxio
851 1157 960 1185 onom.
973 1157 996 1184 Ι.
1014 1166 1078 1195 pag.

242 1203 309 1233 357.
339 1197 441 1226 citatos
463 1196 592 1227 conferri
622 1197 736 1238 possunt
767 1197 883 1237 Degor.
911 1196 1028 1228 thar
1049 1200 1079 1227 in

243 1237 411 1269 Relec'iion.
426 1238 544 1268 hiemal.
559 1239 626 1269 sefi-
645 1242 707 1269 XX.
723 1251 787 1281 pag.
806 1246 833 1272 81
853 1239 892 1280 sq.
915 1247 943 1269 et
961 1239 1028 1270 Neu
1050 1241 1081 1269 in

245 1281 403 1311 Aceeffion.
424 1281 460 1310 ad
475 1280 537 1310 illas
551 1281 725 1312 relectiones
744 1294 763 1323 p
792 1292 834 1317 ¹23
852 1282 892 1322 sq.
939 1284 1081 1311 Omnium

245 1329 344 1354 tamen
368 1323 550 1361 diligentiam
569 1323 717 1366 superauit
737 1325 844 1356 Herm.
862 1325 946 1355 Sam.
964 1324 1082 1356 Reima-

245 1374 304 1396 rus
329 1367 360 1395 in
388 1369 598 1397 commentario
627 1367 663 1397 de
689 1369 751 1397 vita
780 1375 808 1398 et
837 1366 948 1408 scriptis
965 1369 1080 1404 Dionis,

244 1415 321 1439 tom.
339 1409 376 1438 11.
400 1408 467 1439 edit.
501 1419 566 1449 pag.
585 1418 787 1446 1533—1544.
817 1420 852 1440 ex
872 1420 931 1450 quo
957 1410 1081 1440 Fabricii

247 1451 382 1480 narratio
404 1450 490 1480 valde
511 1450 639 1492 suppleri
660 1454 762 1493 potest.
826 1454 886 1490 Ego
909 1463 1028 1493 quoque
1049 1454 1080 1482 in

246 1493 363 1524 Introd.
379 1495 411 1522 in
427 1494 527 1524 histor.
546 1495 578 1523 L.
594 1497 645 1524 Gr.
660 1502 730 1526 tom.
745 1497 782 1524 11.
802 1502 874 1535 part.
888 1496 910 1525 1.
935 1506 962 1536 p.
980 1503 1081 1530 255—

245 1539 318 1566 262.
339 1535 374 1564 de
391 1536 508 1572 Dione,
531 1535 644 1577 scriptis
664 1539 726 1566 eius
740 1544 769 1568 et
785 1537 964 1568 editionibus
979 1545 1082 1568 notatu

247 1577 454 1609 memorabilia
471 1577 572 1609 adtuli.
597 1579 689 1610 Harl.

295 1640 344 1672 oo)
365 1639 462 1667 Huius
475 1640 608 1668 meminit
631 1647 660 1668 et
677 1641 718 1668 10.
735 1639 863 1669 Tzetzes
878 1640 909 1668 in
929 1638 1084 1676 allegorica

248 1677 417 1709 fabularum
440 1682 665 1710 Homericamm
687 1682 885 1721 expositione:
916 1678 1016 1713 ταύτην
1038 1680 1084 1713 τῆν

247 1718 350 1760 dificiat
363 1718 534 1761 Πλέταρχος
548 1720 639 1752 >sust-eor
652 1723 783 1761 ὅγομοέζει,
805 1720 906 1752 Aia-§.xx
921 1721 948 1751 Es·
957 1727 1082 1752 Kanna«-

247 1761 291 1793 νὸς
310 1761 427 1792 Κάσσιος
446 1767 512 1792 Δίων
535 1768 617 1800 λέγει.
665 1766 792 1796 Fortasse
814 1768 989 1796 Cocceianus
1011 1766 1080 1796 dici-

244 1813 298 1837 tur
318 1806 354 1836 ab
370 1817 426 1836 auo
445 1806 496 1837 suo
518 1816 669 1845 materno,
694 1811 748 1843 (ita
770 1808 849 1837 e‘nim
871 1810 945 1838 mihi
966 1808 1081 1849 persua-

248 1848 330 1885 deo,)
356 1851 451 1879 Dione
467 1850 693 1886 chrysostomo,
717 1850 752 1880 de
768 1861 827 1891 quo
844 1852 902 1880 iam
920 1851 989 1883 dixi,
1027 1853 1080 1881 Ca-

245 1892 323 1922 flicii
342 1894 494 1921 Cocceiani
510 1895 620 1923 mentio
638 1895 669 1923 in
685 1896 778 1923 veteri
793 1892 981 1934 inscriptione
1003 1894 1080 1935 apud

246 1934 415 1964 Fabrettum
437 1945 464 1976 p.
479 1942 542 1971 255.
588 1934 690 1976 [Plura
705 1935 765 1966 vid.
779 1935 856 1976 apud
875 1937 1002 1966 Reimar.
1022 1937 1042 1967 l.
1057 1947 1081 1966 c.

246 1975 274 2016 §.
290 1987 304 2012 3
319 1985 348 2006 et
362 1977 408 2015 4.]

289 2032 345 2068 pp)
369 2027 431 2058 Dio
444 2026 503 2068 ipse
520 2027 570 2059 lib.
586 2036 632 2065 75.
646 2039 711 2070 pag.
722 2033 783 2068 857.
797 2036 826 2059 et
837 2028 954 2061 Suidas
967 2032 1082 2062 acrho·

247 2071 308 2100 nus
330 2070 394 2100 cod.
410 2071 513 2100 LXXI.

292 2126 346 2162 qq)
367 2120 428 2151 Dio
450 2120 502 2151 lib.
517 2130 565 2159 74.
586 2132 644 2162 pag
668 2128 731 2158 845,
747 2125 785 2153 D,

289 2172 344 2211 rr)
368 2171 412 2202 Io.
427 2170 605 2210 Xiplzilinus
619 2174 648 2202 in
665 2175 797 2213 Epitome
812 2173 861 2204 lib.
879 2182 918 2208 53.
934 2184 999 2215 pag.
1017 2177 1080 2211 196.

247 2216 321 2249 λέγω
341 2211 369 2242 δῖ
386 2216 454 2242 viro
475 2212 549 2241 x'zr'rz
572 2211 601 2242 ὦς
621 2213 635 2242 o‘
652 2217 717 2243 Aluna
739 2214 752 2243 ὅ
774 2214 911 2255 Hyrcanis
935 2216 948 2244 ὅ
971 2218 1018 2244 Ξπῖ
1042 2218 1078 2246 τΞ

248 2255 351 2296 Σευῆρκ
372 2256 418 2293 W)
438 2252 602 2295 Ἀλεξιῖνδρε
627 2259 676 2284 τῶν
697 2256 902 2297 Αὗτοκρατᾶρων
929 2257 1075 2296 γενᾷαενος,

247 2298 318 2328 ἄλλ’
335 2297 365 2328 ὦς
379 2296 491 2330 ’Ῑωὶὶννης
505 2296 519 2326 o‘
532 2300 674 2334 Ξιφιλῖνος
706 2300 756 2337 [dc
771 2311 830 2340 quo
847 2300 911 2330 loco
930 2311 956 2329 et
974 2301 1074 2330 confu-

248 2343 328 2374 fioie
346 2344 497 2381 vtriusque
514 2340 622 2371 Dionis
637 2352 669 2370 ac
685 2341 817 2372 Dinonis
838 2344 955 2372 vberius
979 2344 1077 2384 dispu-

245 2393 288 2415 tat
304 2385 464 2415 Reimarus
480 2386 510 2412 in
524 2393 680 2416 comment.
695 2385 731 2416 de
751 2387 812 2417 vita
829 2394 882 2417 etc.
898 2387 1001 2418 Dionis
1024 2392 1046 2422 §-
1063 2398 1075 2418 ι

247 2436 276 2458 et
289 2436 314 2465 5.
336 2438 399 2470 pag.
416 2436 473 2464 1533
487 2434 516 2457 et
532 2431 623 2464 1554]

1172 1028 1215 1059 ss)
1236 1023 1361 1059 Nescio,
1384 1034 1446 1066 quo
1465 1024 1584 1055 auetore
1608 1022 1705 1055 scribit
1727 1024 1843 1067 Vaffius
1863 1024 1899 1055 de
1916 1025 1963 1056 hi·

1132 1069 1197 1099 stor.
1211 1079 1254 1106 gr.
1271 1070 1306 1097 11.
1326 1076 1361 1102 ις.
1385 1068 1510 1097 Caffium
1526 1069 1725 1108 Apronianum
1741 1066 1846 1105 geffiffe
1861 1067 1962 1097 consu-

1131 1110 1222 1140 latum
1242 1110 1320 1140 sexto
1344 1112 1414 1150 imp.
1431 1110 1575 1140 Hadriani
1592 1120 1669 1139 anno
1687 1112 1723 1139 V.
1741 1112 1774 1140 C.
1795 1116 1844 1148 875
1879 1112 1963 1150 [876.

1133 1153 1191 1182 vid.
1211 1154 1352 1188 Reimar.]
1400 1155 1478 1183 Nam
1501 1155 1533 1182 in
1555 1152 1633 1181 fastis
1657 1153 1762 1183 Caffius
1777 1157 1963 1194 Apronianus

1131 1195 1227 1225 consul
1244 1195 1350 1232 legitur
1365 1195 1540 1224 duodecimo
1557 1205 1635 1224 anno
1643 1195 1800 1225 Commodi
1809 1197 1841 1225 V.
1851 1199 1882 1226 C.
1891 1206 1963 1232 944.

1132 1238 1252 1268 Fabric.
1294 1239 1378 1266 Hunc
1394 1237 1591 1268 ltetandusjn
1606 1239 1693 1267 Fastis
1709 1238 1745 1267 ad
1767 1249 1834 1268 eum
1853 1249 1963 1268 annum

1132 1280 1201 1310 facit
1226 1282 1327 1309 Dionis
1351 1288 1511 1320 parentem.
1557 1282 1592 1309 At
1614 1290 1777 1322 perperam.
1825 1283 1963 1322 Namque

1133 1325 1274 1353 incertum
1300 1323 1356 1358 est,
1387 1333 1458 1351 num
1483 1321 1532 1352 iile
1554 1333 1662 1353 nomen
1683 1323 1866 1361 gentilicium
1879 1324 1962 1354 caffii

1133 1366 1338 1405 habuerit,bet
1358 1376 1427 1394 num
1450 1373 1533 1405 pater
1554 1366 1644 1395 nostri
1664 1369 1833 1406 peruenerit
1846 1366 1965 1396 adcon·

1133 1407 1233 1438 sularis
1249 1408 1396 1446 dignitatis
1411 1408 1566 1446 fastigium.
1611 1408 1696 1439 Plura
1719 1409 1781 1439 vid.
1802 1409 1878 1451 apud
1894 1409 1963 1440 Rei-

1133 1461 1204 1480 mar.
1225 1451 1248 1492 §.
1265 1459 1288 1485 ς.
1305 1461 1368 1491 pag.
1391 1459 1460 1487 1535.
1486 1450 1575 1481 Harl.
1994 1485 2004 1488 ,

1176 1497 1218 1530 tt)
1242 1493 1303 1523 Dio
1324 1492 1373 1522 lib.
1391 1497 1438 1530 69.
1462 1503 1526 1534 pag.
1543 1499 1603 1532 788.
1624 1495 1655 1524 A.
1677 1499 1742 1527 820.
1765 1496 1797 1526 B.
1841 1493 1966 1526 Fallitur

1134 1538 1213 1566 enim
1241 1536 1461 1572 Tillemontius,
1489 1538 1541 1576 qui
1563 1544 1633 1566 tom.
1649 1538 1700 1567 111.
1721 1538 1785 1567 hist.
1806 1539 1962 1579 imperato-

1134 1589 1201 1609 rum
1216 1589 1279 1620 pag.
1293 1587 1353 1613 235.
1377 1579 1445 1608 edit.
1462 1578 1548 1609 Paris.
1567 1581 1669 1610 Dionis
1683 1581 1772 1610 nostri
1788 1588 1899 1622 patrem
1911 1579 1962 1610 sub

1135 1621 1302 1652 Commodo
1323 1623 1439 1651 demum
1461 1623 1535 1651 circa
1559 1623 1591 1652 A.
1604 1622 1637 1653 C.
1661 1628 1717 1657 183.
1739 1622 1857 1653 Ciliciae
1879 1633 1978 1665 prae-v
2010 1624 2012 1647 ἓ

1135 1664 1218 1694 fuiffc
1235 1664 1342 1694 scribit.
1386 1666 1457 1694 Sane
1480 1675 1542 1705 pag.
1559 1671 1624 1697 820.
1648 1666 1706 1695 Dio
1723 1665 1813 1696 refert
1831 1666 1963 1707 quidem,

1135 1706 1162 1736 se
1184 1709 1213 1736 in
1231 1706 1331 1736 Cilicia
1353 1706 1493 1736 audiuisse
1516 1707 1678 1742 oraculum,
1701 1709 1787 1739 Sexto
1802 1709 1964 1744 redditum,

1135 1751 1216 1778 cuius
1240 1757 1378 1779 euentum
1409 1749 1577 1780 obseruauit
1603 1750 1654 1780 sub
1682 1751 1856 1781 commodo.
1907 1751 1964 1781 Sed

1134 1791 1285 1822 oraculum
1310 1792 1402 1832 ipsum
1424 1791 1510 1829 longe
1531 1795 1611 1832 prius
1629 1794 1716 1823 Sexto
1736 1794 1884 1824 redditum
1899 1793 1962 1824 fue·

1132 1842 1185 1864 rat.
1209 1834 1329 1864 Fabric.
1376 1836 1500 1865 Reimar.
1522 1834 1549 1875 §.
1564 1839 1591 1864 6.
1613 1847 1673 1865 non
1688 1835 1780 1866 solum
1795 1836 1974 1867 ΤίΙΙειιιοιιοΔ

1133 1879 1168 1907 tii
1184 1879 1328 1909 rationes;
1352 1876 1398 1905 sed
1423 1877 1546 1906 Fabricii
1567 1888 1684 1918 quoque
1699 1877 1888 1916 sententiam,
1911 1890 1962 1921 pa.

1133 1926 1206 1950 trem
1223 1920 1313 1949 nostri
1329 1921 1497 1960 prouinciae
1511 1918 1632 1950 Ciliciae
1647 1920 1697 1950 sub
1713 1921 1864 1951 Hadriano
1879 1932 1961 1962 prae-

1133 1961 1234 1997 fuiss'e,
1257 1962 1410 1991 commode
1426 1961 1549 1998 refutat,
1572 1971 1600 1993 ct
1621 1964 1657 1993 fic
1677 1963 1839 1998 concludit3
1862 1966 1963 2004 „Ergo

1134 2004 1225 2034 fae‘tus
1240 2006 1280 2034 cst
1295 2007 1354 2034 Dio
1370 2004 1498 2041 senator,
1521 2015 1677 2046 antequam
1691 2008 1815 2037 Romam
1830 2006 1963 2044 venisset,

1134 2049 1163 2078 h.
1179 2058 1203 2079 e.
1219 2055 1350 2077 extremo
1372 2047 1433 2077 fere
1456 2058 1532 2077 anno
1551 2050 1643 2079 Marci
1666 2051 1698 2078 A.
1718 2051 1753 2080 V.
1766 2059 1829 2086 933.
1846 2060 1871 2080 a.
1889 2050 1961 2081 Chr.

1136 2096 1198 2123 180.
1220 2089 1265 2118 ve}
1288 2093 1408 2119 vinc-nte
1430 2091 1524 2119 adhuc
1547 2092 1666 2129 Marco,
1700 2091 1748 2124 vel
1769 2099 1846 2123 certe
1867 2093 1961 2125 statim

1132 2135 1196 2174 post
1210 2133 1324 2162 obitum
1345 2135 1416 2162 eius.
1427 2138 1443 2152 “
1467 2132 1560 2163 Harl.

1175 2178 1228 2209 uu)
1254 2175 1317 2204 Lib.
1332 2185 1381 2211 49.
1403 2185 1467 2215 pag.
1484 2184 1547 2212 4¹3·

1170 2221 1224 2252 vv)
1249 2218 1313 2247 Lib.
1330 2226 1377 2254 72.
1403 2228 1458 2257 pag
1483 2224 1550 2249 820.

1171 2264 1243 2293 ww)
1272 2260 1334 2288 Lib.
1351 2268 1402 2296 73.
1425 2270 1488 2299 pag.
1504 2265 1563 2295 835.

1170 2308 1228 2335 xx)
1252 2302 1313 2331 Lib.
1329 2311 1376 2339 7²·
1400 2312 1461 2342 pag.
1484 2307 1532 2335 818
1556 2309 1584 2333 et
1599 2302 1667 2342 8272

1167 2348 1222 2383 yy)
1245 2344 1306 2373 Lib.
1323 2353 1356 2382 73
1390 2355 1452 2384 pag.
1470 2351 1528 2379 835.

1169 2395 1224 2416 za)
1248 2387 1309 2416 Lib.
1325 2390 1373 2424 76.
1391 2398 1455 2427 pag.
1470 2391 1533 2422 869.
1580 2388 1650 2426 [Sed
1664 2387 1715 2418 sub
1731 2388 1840 2418 Seuero
1853 2387 1958 2428 consu?

1125 2428 1184 2458 lem
1198 2429 1306 2460 facium
1320 2429 1374 2460 effe
1391 2432 1537 2467 Dionem,
1559 2439 1644 2469 negat
1658 2431 1793 2463 Reimar.
1806 2430 1831 2472 §.
1844 2436 1898 2472 in]
1915 2444 1921 2447 ’
