2013 2725
215 167 277 200 434
330 152 399 188 Lib.
412 151 482 190 IV.
495 164 518 187 c.
530 150 642 188 XIX.
692 151 991 189 SINGVLORVM
1021 152 1258 190 LIBRORVM
1287 152 1462 194 GALEN1‚

217 247 369 283 lectione.
396 242 492 281 Paris.
508 247 600 292 1649.
616 255 646 289 8.
674 265 723 273 —
751 244 875 281 Prodiit
892 248 988 282 etiam
1005 247 1050 281 Io.
1075 246 1253 282 Teffandro
1267 249 1442 295 interprete
1461 259 1537 282 cum
1555 244 1642 282 libris
1655 245 1695 283 de
1717 245 1933 285 venael'efflos

217 311 259 334 ne
286 293 434 333 aduersus
457 296 683 333 Erasistratum
703 307 734 332 et
757 296 993 342 Erafissrateos‚
1016 300 1146 334 Romae
1167 298 1335 346 degentes,
1362 297 1467 347 Lugd.
1485 309 1572 344 1549.
1593 311 1637 334 12.
1664 318 1713 325 —
1740 301 1784 334 Le
1799 299 1879 335 livre
1892 298 1934 335 de

218 349 335 385 Galieu
351 347 390 383 de
405 348 481 383 l'art
497 348 537 383 de
549 351 657 396 guerit
674 361 732 396 par
746 348 777 383 la
794 346 943 397 saigne'e‚
970 348 1087 384 traduit
1111 348 1155 385 du
1180 362 1274 398 grec,
1300 347 1466 385 ensemble
1488 363 1532 384 un
1554 346 1697 385 discours
1725 346 1776 384 sur
1798 350 1844 385 les
1859 363 1934 385 cau-

219 398 285 442 se8‚
312 413 398 449 pour
414 399 583 448 lesquelles
601 413 645 435 on
660 414 701 435 ne
715 398 823 448 saigne
842 413 898 449 pas
921 412 1039 435 encore
1057 410 1125 436 tant
1146 400 1274 436 allieurs
1293 406 1371 448 qu’a
1393 402 1495 443 Paris,
1522 409 1552 435 et
1575 412 1752 449 pourquoy
1777 401 1934 448 quelques

220 450 385 487 me'deeins
402 463 527 486 mesme
541 461 600 486 ont
615 450 759 487 detraete'
778 450 819 487 de
842 462 922 487 cette
938 453 1085 500 pratique
1100 451 1143 487 de
1158 454 1252 487 Paris.
1280 454 1385 494 Paris,
1412 456 1504 494 1603.
1523 463 1566 487 ¹2.
1581 450 1600 470 '‘⁴⁹“
1653 453 1812 498 Interpres
1834 451 1937 487 Galli-

219 516 275 538 cus
292 501 336 537 est
353 502 437 537 Luci.
459 502 578 537 Bauot.
609 522 661 529 —
686 501 800 538 Codex
820 505 892 538 MS.
917 505 1146 538 commentarii
1167 504 1350 538 Emanuelis
1369 504 1560 539 Fernandez
1577 505 1613 536 de
1628 504 1751 537 Moura
1767 512 1827 538 ext.
1853 504 1937 551 Cap.
1993 526 1996 531 2

220 552 260 589 de
275 553 340 589 Vil.
364 572 413 580 --
438 555 706 589 Commentarius
722 554 819 589 Ferd.
838 555 953 589 Menae
969 552 1089 601 prodiit
1104 555 1226 589 Turin.
1244 562 1330 599 1587.
1347 561 1378 595 8.
1392 558 1410 576 ss
1438 561 1527 599 1589.
1546 553 1594 588 121
1617 572 1665 580 —-
1693 554 1818 589 Scholia
1834 553 1936 588 latina

219 608 254 641 in
270 606 357 640 hunc
378 603 488 645 libell„
501 617 578 640 cum
601 607 688 642 notis
713 606 903 653 Hieronymi
918 606 1048 640 Nunnii
1062 606 1224 640 Ramirez.
1258 607 1390 640 Lisbon.
1415 608 1510 644 1608.
1536 616 1566 647 4.
1593 623 1643 632 -
1667 605 1937 640 Commentariun

219 656 336 691 Melch.
352 656 453 691 Sebiz.
488 658 626 704 Argent.
650 658 732 701 1652.
751 670 783 699 4.
796 660 815 678 ²²
842 676 891 683 -—
917 656 1035 691 Melcb.
1049 658 1139 691 Sebiz
1157 655 1361 704 problemata
1385 655 1655 705 phlebotomiae,
1688 668 1729 691 ex
1750 655 1876 692 Galeno
1895 653 1939 691 de

221 706 357 743 curandi
372 709 499 743 ratione
514 720 573 755 per
587 705 868 744 venaeseetionem
885 705 1057 756 depromta
1072 717 1104 743 et
1118 706 1158 742 ad
1171 710 1327 743 materiae
1345 720 1465 755 genera
1484 704 1597 743 diuisa.
1623 708 1756 755 Argent.
1771 710 1856 749 1631.
1872 717 1904 750 4.
1937 725 1941 728 ·

320 786 370 819 61.
398 783 478 833 Περὶ
493 785 679 834 procem-pff.
732 784 788 819 De
803 783 961 831 marasmo
976 784 1064 820 liber.
1115 782 1168 819 ER
1187 786 1219 818 in
1239 782 1355 819 Aldina
1369 792 1450 832 part.
1466 785 1521 818 111.
1537 780 1599 819 sol.
1617 794 1669 829 94.
1694 785 1729 818 in
1752 795 1869 831 graeca
1882 783 1941 818 Bas

219 834 266 871 sil.
292 845 372 884 part.
387 837 442 870 111.
468 847 543 882 pag.
561 847 630 879 373.
657 838 692 870 in
713 833 787 870 edit.
804 836 965 870 Charterii
989 844 1071 870 tom.
1090 836 1164 870 VH.
1190 848 1263 883 pag.
1282 843 1346 878 ¹78·
1373 837 1407 869 in
1429 832 1564 882 septima
1586 835 1755 870 luntarum
1780 831 1865 870 class'.
1880 835 1939 870 m.

220 884 282 922 fol.
303 898 351 931 45.
403 887 482 920 Non
500 888 576 920 citat
596 887 738 922 Galenus
760 888 848 921 hunc
868 886 990 921 librum
1011 888 1094 920 inter
1114 884 1188 920 suos
1209 887 1244 921 in
1264 886 1335 921 libr.
1357 885 1398 921 de
1417 885 1490 921 libr.
1509 887 1649 933 propriis
1672 895 1704 920 et
1718 893 1783 920 arte
1800 884 1942 921 medica.¹

221 936 276 973 Est
294 934 428 984 scriptus
443 938 592 971 maxima
609 950 648 972 ex
664 947 754 985 parte
766 934 918 972 aduersus
934 936 1072 984 Philippi
1087 935 1129 971 de
1147 949 1299 971 marcore
1314 936 1447 971 librum.
1500 937 1650 970 Citantur
1665 938 1699 970 in
1714 948 1755 971 eo
1777 949 1795 970 a
1811 935 1940 971 Galeno

221 989 297 1024 libri
312 986 353 1022 de
371 986 582 1022 administrat.
597 991 773 1023 anatomia
789 985 830 1022 de
845 988 1130 1034 temperamentis,
1156 986 1197 1021 de
1211 986 1371 1034 pulsibus,
1396 986 1437 1022 de
1454 984 1643 1022 differentiis
1658 984 1812 1028 febrium,
1839 984 1879 1021 de
1892 983 1943 1021 fa'.
1994 988 2002 993 ”

224 1039 333 1074 cultat.
357 1038 568 1073 naturalibus.
602 1058 651 1066 —
685 1037 824 1074 Codices
845 1041 952 1084 graeci
974 1035 1046 1073 sunt
1071 1040 1106 1072 in
1126 1037 1274 1072 biblioth.
1291 1040 1366 1074 Diu.
1381 1039 1489 1073 Marci
1507 1038 1545 1073 V
1545 1045 1621 1073 enet.
1643 1039 1675 1073 in
1698 1038 1940 1087 Vindobonenfi.

225 1091 378 1125 Lambec.
392 1091 415 1126 1.
438 1103 513 1138 pag.
531 1097 597 1130 181.
629 1110 682 1117 -
714 1091 857 1125 Latinus
880 1089 925 1125 est
948 1091 981 1124 in
1003 1087 1080 1124 bibl.
1096 1088 1185 1137 publ.
1202 1090 1307 1137 Paris.⁸
1325 1102 1374 1124 nr.
1389 1090 1863 1125 MMMMMMDCCCLXV.
1890 1106 1942 1117 -

226 1142 406 1177 Hebraicus
420 1140 522 1177 codex
538 1154 578 1176 ex
592 1143 721 1177 arabico
738 1139 845 1177 versus
863 1155 882 1176 a
896 1141 936 1176 R.
956 1140 1080 1176 Chanin
1095 1143 1152 1175 hen
1167 1141 1256 1187 Isaac
1271 1140 1371 1176 exstat
1386 1143 1419 1176 in
1439 1140 1516 1176 bibl.
1531 1138 1645 1175 caesar.
1666 1142 1704 1177 V
1703 1141 1805 1176 indob.
1826 1140 1943 1176 Lamb:

227 1191 302 1228 edit.
318 1192 442 1228 Kollar.
467 1195 490 1227 Ι.
515 1205 591 1238 290.
617 1213 668 1219 —
695 1192 819 1228 Prodiit
836 1204 967 1239 graece,
993 1204 1071 1227 cum
1091 1190 1259 1227 nonnullis
1274 1192 1354 1233 aliis⁷
1376 1206 1452 1228 cura
1468 1193 1511 1228 G.
1527 1192 1680 1232 Morelli,
1705 1188 1800 1227 Paris.
1816 1203 1896 1238 1557.
1910 1195 1942 1232 8.
2004 1210 2006 1212 ·

227 1263 279 1271 —
315 1245 450 1285 Latine,
474 1244 588 1278 Herm.
607 1245 754 1290 Cruserio
773 1246 957 1290 interprete.
984 1241 1078 1278 Paris.
1104 1242 1190 1290 apud
1214 1245 1293 1280 Chr.
1307 1243 1457 1279 Wechel.
1483 1255 1560 1287 1533.
1581 1255 1614 1287 4.
1629 1247 1649 1266 *
1673 1262 1724 1271 —
1751 1244 1941 1292 interpretes

228 1295 324 1330 huius
340 1293 414 1329 libri
428 1297 526 1330 etiam
544 1293 617 1331 sunt
631 1294 836 1343 Augzfiinus
850 1295 1070 1335 Gadaldinus,
1094 1296 1193 1330 Ianus
1207 1295 1402 1334 Cornarius,
1432 1295 1474 1330 V
1471 1295 1553 1330 iiiior
1574 1295 1815 1332 Trincauellius.

330 1372 383 1408 62.
410 1371 467 1421 Τῷ
483 1372 699 1422 §vinnm-mc?
713 1367 809 1410 nauci)
823 1368 988 1415 ὑποθήκη.
1044 1372 1114 1406 Pro
1129 1384 1234 1418 puero
1255 1372 1414 1418 epileptico
1436 1372 1604 1421 confilium.
1655 1370 1763 1406 Exstat
1777 1372 1811 1405 in
1825 1367 1943 1404 Aldina

227 1430 309 1470 part.
326 1423 379 1456 IV.
402 1419 462 1457 fol.
479 1433 518 1466 15.
549 1424 584 1457 in
606 1435 722 1470 graeca
742 1421 834 1458 ssaffl.
857 1432 938 1471 part.
957 1424 1014 1457 IV.
1036 1435 1109 1470 pag.
1127 1432 1180 1465 28.
1210 1425 1242 1458 in
1267 1422 1340 1458 edit.
1356 1424 1518 1458 Charterii
1539 1432 1620 1459 tom.
1637 1422 1676 1456 X.
1709 1434 1782 1470 pag.
1801 1427 1875 1465 487.
1906 1423 1941 1456 iu

227 1470 365 1521 septima
382 1474 550 1508 luntarutn
567 1471 652 1509 claff.
670 1475 742 1509 VII.
758 1472 816 1512 fol.
831 1486 894 1519 175.
947 1471 1062 1508 Refert
1083 1475 1172 1508 hunc
1192 1473 1313 1509 librum
1336 1473 1477 1510 Galenus
1504 1476 1586 1509 inter
1608 1475 1761 1521 proprios
1775 1475 1808 1508 in
1825 1484 1896 1521 cap.
1910 1483 1942 1515 4.·

228 1522 269 1559 de
285 1523 356 1558 libr.
375 1526 521 1572 propriis.
556 1544 605 1552 —
640 1524 751 1560 >Codex
763 1537 899 1572 graecus
921 1524 965 1560 est
987 1527 1019 1558 in
1038 1525 1114 1560 bibl.
1135 1526 1212 1561 Diu.
1231 1526 1338 1560 Marci
1356 1525 1484 1560 Veneta
1508 1545 1558 1552 —-
1584 1526 1619 1560 111
1635 1523 1708 1560 cod.
1727 1523 1943 1560 CCLXXXH.

228 1575 342 1618 (catal.
362 1588 435 1623 pag.
452 1578 517 1619 136.
535 1577 677 1621 citatur.)
692 1575 732 1612 de
747 1589 852 1612 coena
869 1589 972 1626 puero
988 1578 1109 1612 morbo
1125 1576 1284 1611 comitiali
1298 1576 1471 1614 laboranti.
1496 1595 1548 1604 —-
1575 1575 1698 1612 Prodiit
1713 1573 1845 1611 seorfim
1863 1587 1942 1611 cum

229 1626 398 1662 nonnullis
411 1626 480 1661 aliis
494 1626 610 1662 Galeni
625 1628 731 1670 libris⁷
758 1627 852 1664 Bafil.
867 1639 940 1673 1531.
957 1624 1019 1664 fol.
1046 1648 1096 1655 —
1125 1630 1283 1676 interpres
1298 1627 1343 1664 est
1359 1629 1433 1663 Nic.
1449 1629 1658 1671 Leonicenus.,
1685 1627 1776 1675 Aug.
1792 1628 1941 1662 Rittius.’

332 1706 380 1745 63.
405 1700 494 1752 Πρὸς
509 1700 745 1753 Θρασύβελον
761 1703 922 1746 βιβλίον,
949 1701 1091 1754 πὸτεξον
1113 1706 1265 1754 ἰατρικῆς
1285 1701 1303 1748 ἢ
1323 1707 1534 1754 Ὺυμνοιςικῆς
1554 1708 1604 1744 ἔςι
1625 1701 1665 1742 τὲ
1686 1701 1830 1751 ὑγιεινὸν.
1883 1702 1944 1738 Ad

234 1752 465 1801 Thrafijbulum
489 1754 583 1794 liber,
618 1762 726 1789 vtrum
750 1757 915 1790 medicinae
927 1756 976 1805 fit
1007 1756 1057 1790 vel
1079 1755 1285 1802 gymnastices
1312 1757 1466 1802 hygieine.
1537 1755 1648 1791 Exstat
1668 1758 1704 1790 in
1727 1754 1805 1791 edit.
1830 1753 1944 1790 Audin.
2012 1757 2013 1782 ἶ

228 1814 312 1852 part.
329 1806 385 1839 IV.
407 1802 468 1841 fol.
485 1818 534 1849 37.
560 1808 595 1840 in
619 1819 735 1854 graeca
757 1805 847 1841 Bafil.
867 1817 948 1854 part.
964 1807 1020 1842 lV.
1041 1819 1115 1854 pag.
1133 1814 1202 1850 287.
1230 1808 1265 1842 in
1286 1805 1361 1842 edit.
1383 1808 1547 1842 Charterii
1571 1816 1652 1842 tom.
1670 1808 1726 1842 Vl.
1749 1819 1824 1855 pag.
1841 1813 1873 1846 8.
1901 1807 1942 1853 ‚in
1996 1846 2001 1849 ,

228 1853 368 1905 septima
389 1858 557 1892 luntarum
578 1855 664 1892 class.
678 1859 718 1892 11.
739 1854 799 1892 sol.
817 1869 882 1892 101.
934 1859 1022 1893 Citat
1043 1871 1119 1892 eum
1139 1857 1260 1893 librum
1280 1858 1425 1894 Galenus
1445 1860 1479 1893 in
1499 1858 1571 1893 libr.
1587 1860 1627 1894 ΙΙ.
1648 1857 1689 1893 de
1704 1855 1837 1892 sanitate
1853 1866 1944 1892 tuen·

227 1905 288 1953 da,
315 1921 384 1956 cap.
400 1914 430 1948 8.
457 1928 508 1935 —
537 1909 649 1945 Codex.
664 1920 800 1955 graecus
825 1907 869 1943 est
893 1910 928 1942 in
949 1909 1022 1943 bibl.
1040 1907 1128 1955 publ.
1149 1910 1260 1956 Parts
1279 1923 1328 1944 nr.
1343 1909 1573 1950 MMCLXW.
1624 1911 1664 1945 In
1675 1909 1836 1950 Medicea',
1858 1910 1943 1955 Ban-¹
1997 1904 1999 1906 ¹

226 1956 298 1993 dini
313 1961 335 1994 Ι.
351 1971 424 2007 pag.
441 1970 494 2005 49.
518 1979 568 1987 —
594 1961 824 2008 Interpretatus
842 1958 887 1995 est
900 1961 1018 1995 Iunius
1033 1959 1160 1994 Paulus
1179 1959 1319 2008 Craffus.

329 2036 380 2077 64.
413 2034 462 2068 De
481 2041 666 2071 attenuante
689 2035 794 2071 viHus
816 2037 951 2071 ratione.
1005 2033 1060 2071 Est
1076 2038 1110 2071 in
1127 2035 1202 2072 edit.
1217 2037 1378 2072 Charterii
1399 2045 1480 2072 tom.
1495 2038 1551 2072 VI.
1570 2049 1644 2086 pag.
1659 2048 1722 2081 411.
1750 2038 1786 2072 111
1806 2033 1945 2084 septima

227 2082 398 2120 luntarum
420 2084 505 2120 class.
522 2088 562 2122 11.
580 2084 641 2123 fol.
657 2098 706 2130 43.
760 2086 870 2122 Exstat
891 2086 992 2122 hodie
1015 2097 1141 2122 tantum
1160 2089 1273 2128 latine,
1301 2087 1355 2123 etfi
1378 2090 1539 2136 genuinus
1560 2088 1604 2124 est
1621 2099 1652 2124 et
1672 2088 1712 2123 ab
1727 2085 1799 2136 ipso
1814 2087 1942 2123 Galeno

228 2136 313 2171 inter
338 2138 490 2184 proprios
513 2139 630 2172 citatur
648 2151 718 2187 cap.
732 2150 782 2182 37.
804 2138 881 2174 libri
904 2137 944 2174 de
967 2148 1035 2174 arte
1060 2138 1200 2175 medica.
1251 2141 1340 2174 Citat
1362 2141 1460 2174 etiam
1484 2141 1570 2174 hunc
1594 2139 1714 2175 librum
1737 2138 1883 2175 Galenus
1905 2140 1942 2176 in*

227 2185 299 2222 libr.
320 2188 374 2222 v1.
401 2187 442 2223 de
461 2185 592 2223 sanitate
614 2188 752 2231 tuenda,
780 2203 850 2236 cap.
865 2201 891 2232 3.
915 2192 993 2226 etin
1010 2189 1083 2226 aliis
1107 2190 1204 2225 libris.
1231 2211 1281 2218 -—
1309 2190 1424 2226 Codex
1440 2191 1562 2226 tatinus
1578 2190 1622 2226 est
1639 2192 1674 2226 in
1689 2190 1836 2226 biblioth.
1852 2189 1941 2238 publ.

226 2237 339 2286 Paris:
373 2241 911 2276 nr.MMMMMMDCCCLXV.
950 2243 984 2276 in
1012 2241 1161 2276 biblioth.
1189 2243 1231 2278 D.
1246 2243 1352 2278 Marci
1383 2242 1527 2283 Veneta,
1579 2240 1676 2278 codd.
1703 2243 1757 2278 lat.
1786 2253 1858 2290 pag.
1875 2253 1941 2287 137.

227 2288 298 2324 cod.
313 2291 506 2325 CCCXVII.
530 2288 586 2325 sub
606 2290 722 2326 titulo:
750 2290 790 2326 de
814 2294 975 2339 regimine
996 2291 1146 2329 sanitatis.
1174 2312 1221 2319 —
1248 2292 1372 2328 Prodiit
1392 2294 1511 2334 latine,
1538 2304 1680 2329 vertente
1695 2295 1845 2329 Martino
1859 2293 1940 2328 Gre.

225 2343 339 2387 gorio,
374 2354 448 2376 cum
472 2341 560 2376 libris
582 2340 622 2377 de
645 2342 882 2380 alimentorum
904 2341 1130 2385 facultatibus,
1157 2342 1261 2393 Lugd.
1286 2356 1373 2391 1549.
1399 2348 1447 2380 16.
1474 2364 1522 2372 —-
1554 2347 1694 2389 Gallice,
1721 2353 1862 2380 vertente
1886 2344 1941 2378 Ιο.Ι

226 2392 252 2425 le
271 2392 355 2427 Bon.
384 2391 478 2430 Paris.
496 2395 579 2441 1556.
596 2395 644 2430 16.

1742 2449 1791 2494 ⁶⁵·
1818 2444 1939 2495 ‘Teme
