2013 2725
273 120 334 153 ‘114
437 108 508 143 Lib.
521 106 546 141 1
546 104 590 143 V.
607 118 631 142 c.
647 105 796 142 XXIX.
948 106 1160 144 AMMONII
1186 107 1312 143 VARn

279 201 404 239 multos
422 204 510 238 viros
523 200 648 238 doctos.
701 201 759 236 IIIe
774 214 852 237 vero
875 201 1084 237 harmoniam
1100 231 1109 244 ‚
1133 217 1153 237 a
1177 203 1310 237 Victore
1335 199 1527 237 adtributam
1551 200 1714 245 Tatiano,
1740 201 1862 247 scribit,
1889 217 1908 240 a
1927 208 1989 242 Za:-

279 255 389 289 charIa
401 252 700 300 Chrysopolitano‚
728 251 880 301 scriptore
899 250 974 289 saec.
992 256 1061 287 XII.
1085 251 1178 288 fniII'e
1199 256 1382 288 Ammonio
1405 252 1604 301 adsignatam
1627 265 1657 289 et
1679 256 1883 304 explicitam:
1909 269 1984 292 eam

278 318 375 347 vero,
403 317 498 352 quam
514 306 692 353 publicauit
709 301 884 345 Luscinius.
910 302 934 340 s.
953 305 1148 351 Nachrigalh
1170 316 1267 350 negat
1285 306 1503 339 Ammoniurn
1522 304 1661 340 11;.buiffe
1677 317 1855 354 parentem.
1891 305 1984 343 Idem

277 357 406 391 vberius
430 355 460 390 id
482 355 580 391 docet
599 357 654 391 lib.
681 365 713 390 et
733 366 815 391 tom.
835 359 886 390 cit.
910 369 982 404 pag.
1000 362 1070 401 396.
1123 357 1276 390 Ricdxrer
1298 365 1424 395 tamen,
1452 357 1626 404 theologus
1646 357 1812 405 quondam
1835 356 1986 393 Altdorfi·

277 420 354 448 nus,
380 410 432 442 in:
454 409 673 442 Nachrichten
689 420 747 442 zur
765 408 925 442 Kirchen-
947 408 1144 442 Gelehrtcn-
1165 407 1229 442 und
1249 409 1387 455 I‘iiicher-
1400 406 1618 448 Geschiehte.
1634 418 1715 445 tom.
1734 411 1774 444 11.
1795 411 1986 444 Ammonia-

278 472 357 495 nam
375 459 528 494 harmon.
546 471 661 506 euang.
677 460 822 494 Tatiano
839 456 1084 494 adscribendam
1099 457 1162 494 effe
1186 458 1300 494 statuit.
1353 460 1489 503 Prioris,
1522 474 1540 494 a
1562 461 1695 495 Victore
1715 457 1840 503 versae,
1866 458 1987 495 'editio-

278 523 335 546 nes
358 507 450 552 sunt,
480 520 614 546 notante
633 510 815 558 Hamberg.

383 577 566 619 Ammonii,
593 576 692 624 vulgo
718 578 848 612 Tutiam·
863 575 1070 623 Diateffizmn
1096 577 1171 622 (pro
1196 588 1262 624 quo
1287 589 1358 611 voc.
1383 574 1466 623 apud
1483 577 1606 612 Vidlor.
1630 577 1711 613 olim
1727 577 1813 614 male
1834 575 1991 626 scriptum

279 625 341 664 esse
355 629 517 674 diapente,
543 627 640 677 idque
657 630 783 663 criticos
800 625 938 668 vexasse,
966 628 1061 662 docet
1079 628 1238 662 Fabricius
1256 627 1276 662 I.
1291 628 1333 671 c.)
1351 628 1384 673 s.
1401 629 1581 663 Harmonia
1599 631 1631 662 in
1651 637 1792 676 quatuor
1813 630 1990 676 euangelia,

281 679 416 716 Vifft'ore
441 681 594 726 Cbpuano
618 682 805 726 interprete,
832 682 865 714 in
890 680 1116 714 Monumentis
1135 681 1167 713 P.
1188 682 1219 714 P.
1241 677 1478 726 orthodoxogr.
1501 679 1590 714 Bafil.
1611 684 1699 725 1569.
1723 679 1790 715 voI.
1807 681 1829 713 I.
1848 691 1930 716 tom.
1949 681 1989 716 Π.

278 744 355 782 pag.
371 735 441 776 659.
462 733 540 766 etin
555 730 702 766 biblioth.
720 734 751 766 P.
770 733 801 765 P.
818 744 902 765 max.
917 729 1022 779 Lugd.
1037 741 1118 765 tom.
1139 731 1176 764 II.
1193 740 1272 779 part.
1291 732 1328 765 II.
1350 743 1422 777 pag.
1441 741 1510 772 203,
1533 740 1563 765 et
1583 729 1668 766 alibi.
1701 729 1791 767 conf.
1817 732 1924 766 leom.
1941 734 1991 766 lt-

279 786 340 830 tig.
358 782 397 817 de
415 783 614 818 bibliothecis
630 793 660 817 et
675 785 793 817 catenis
811 793 960 829 patrum,
987 780 1109 828 Lipsiae
1126 793 1214 824 1707.
1233 790 1261 821 8.
1288 794 1359 828 pag.
1376 793 1427 815 20.
1444 792 1491 823 34.
1513 793 1559 824 73.
1581 793 1635 826 ¹²5·
1660 794 1728 825 4²3-
1753 790 1830 828 489.
1865 803 1914 808 —
1941 780 1991 817 su-

278 848 356 884 pra,
382 837 414 868 in
430 832 495 868 vol.
514 834 566 868 111.
583 847 655 881 pag.
673 841 738 874 880
755 832 800 881 sq.
826 853 876 858 --
904 830 959 866 sub
975 835 1111 866 nomine
1136 832 1267 866 Tatiani
1288 832 1343 865 illa
1360 834 1533 865 harmonia
1558 845 1575 866 e
1595 832 1693 867 latina
1711 835 1849 868 Victoris
1865 835 1994 881 Capua-⁴

279 889 313 921 ni
332 883 479 919 verfione
494 885 644 919 translata
667 884 711 918 est
731 887 764 919 in
786 883 932 929 linguam
959 883 1139 929 theotiscam
1163 883 1423 929 antiqmffimnm,
1449 892 1480 915 et
1500 880 1582 916 edita
1603 897 1621 917 a
1645 884 1691 918 Io.
1709 884 1794 918 Phil.
1811 885 1994 923 Palthem'o.

280 934 569 984 Gryphiswaldiae
587 938 680 979 1706.
699 948 730 979 4.
745 945 775 971 et
790 947 807 969 e
823 934 917 969 codd.
933 933 1059 969 duobus
1084 933 1284 968 emendatius
1306 948 1323 968 a
1341 936 1388 971 lo,
1403 934 1575 973 schiltero,
1603 935 1722 969 Vlmae
1745 947 1830 978 1727.
1853 932 1912 969 fol.
1939 934 2007 970 adr

278 988 422 1037 pendicis
436 986 515 1023 loco
532 985 572 1021 ad
590 986 738 1021 Schilteri
756 989 984 1034 antiquitatum
1002 987 1239 1021 teutonicarum
1256 996 1336 1020 tom.
1351 986 1375 1018 1.
1403 983 1465 1020 vid.
1484 985 1697 1033 Hambetger.
1711 985 1733 1021 I.
1748 999 1777 1022 c.
1799 998 1832 1035 p.
1849 994 1920 1032 298.
1941 1004 1993 1013 --·

279 1040 418 1076 Alterius
442 1040 636 1074 harmoniae
657 1037 745 1073 editt.
771 1035 858 1073 sunt:

383 1106 506 1142 Otlom.
524 1106 663 1154 Luscinia·
686 1105 891 1153 euangelicae
912 1105 1063 1140 historiae
1086 1118 1124 1140 ex
1143 1114 1282 1154 quatuor
1303 1103 1505 1153 euangelistis
1528 1114 1685 1154 perpetuo
1708 1115 1837 1146 tenore,
1861 1117 1900 1140 ex
1917 1104 1995 1140 Am-

280 1159 375 1192 monii
390 1158 607 1192 Alexandrini
627 1154 818 1204 fragmentis
840 1157 1033 1205 quibusdam
1057 1171 1074 1192 e
1093 1169 1214 1205 graeco
1237 1154 1324 1191 versa
1345 1167 1402 1191 etc.
1440 1158 1602 1204 Augustae
1623 1156 1749 1192 Vindel.
1771 1170 1828 1206 per
1842 1159 1995 1204 Simpert.

280 1206 373 1244 Ruff.
389 1220 469 1253 1523.
486 1220 517 1251 4.
542 1207 605 1243 vid.
621 1209 775 1243 Riederer
789 1209 843 1244 lib.
861 1222 963 1242 mem.
982 1218 1062 1243 tom.
1079 1211 1133 1244 III.
1149 1222 1224 1256 pag.
1244 1220 1357 1253 109-
1369 1219 1425 1250 113.
1452 1228 1502 1234 ——
1536 1208 1660 1243 Eadem
1677 1207 1810 1244 Luscinii
1825 1207 1929 1243 verfio
1946 1221 1994 1243 re-

281 1257 357 1295 cusa
379 1259 422 1294 est
448 1262 480 1294 in
503 1261 718 1296 Monument.
734 1262 766 1295 P.
783 1262 816 1295 Ρ.
835 1258 1085 1308 Orthodoxogr.
1109 1259 1198 1294 Bam.
1218 1263 1305 1304 1569.
1330 1258 1394 1294 vol.
1413 1260 1435 1293 Ι.
1452 1270 1531 1294 tom.
1551 1261 1590 1294 ΙΙ.
1609 1273 1681 1307 pag.
1694 1272 1768 1304 747.
1796 1280 1842 1286 —-
1870 1262 1902 1294 in
1920 1258 1994 1295 bibl.

281 1312 315 1348 P.
332 1313 364 1345 P.
379 1312 543 1352 maxima,
568 1312 672 1359 Lugd.
700 1321 780 1348 tom.
796 1312 849 1346 111.
874 1324 949 1359 pag.
966 1313 1035 1356 265.
1057 1331 1107 1337 —-
1131 1324 1207 1345 cum
1231 1320 1376 1345 veterum
1403 1310 1623 1357 quorumdam
1647 1311 1880 1358 theologorum
1906 1311 2007 1345 breui'

283 1363 445 1402 elencho,
472 1360 738 1407 Bafi1.1550.f01.
766 1383 817 1389 —-
848 1364 883 1397 in
904 1363 1098 1397 bibliotheca
1123 1362 1327 1409 theologica.
1354 1360 1447 1397 Basil.
1468 1373 1539 1407 1555.
1565 1359 1624 1396 fol.
1653 1383 1698 1389 —
1727 1365 1759 1397 in
1783 1363 1891 1410 Marg.
1907 1361 1996 1398 dela

281 1414 385 1462 Bigne
401 1413 599 1449 bibliotheca
614 1411 803 1449 sanatorum
818 1424 968 1462 patrum,
999 1424 1082 1449 tom.
1102 1415 1140 1449 ΙΙ.
1167 1411 1261 1448 Paris.
1281 1415 1368 1455 1676.
1384 1410 1444 1446 fol.
1474 1434 1517 1439 —
1549 1415 1622 1448 Vita
1637 1410 1702 1448 Iesu
1719 1413 1836 1447 Christi
1857 1426 1896 1448 ex
1918 1426 1996 1461 qua.

281 1474 358 1500 tuor
374 1465 576 1512 euangelissis
592 1478 632 1500 ex
649 1466 812 1500 Ammonii
828 1464 926 1500 Alex.
943 1462 1135 1513 fragmentis
1153 1467 1275 1512 graecis
1292 1464 1387 1498 latine
1406 1461 1492 1498 versa
1516 1476 1572 1511 per
1590 1465 1713 1500 Ottvm.
1727 1465 1852 1510 Lustin.
1877 1475 1909 1500 et
1931 1463 1998 1501 edi·

282 1527 315 1554 ta
329 1531 347 1550 a
364 1517 467 1563 Gasp.
486 1516 650 1564 Brufilu'o,
678 1514 798 1552 Erfurt.
814 1527 900 1562 1544.
919 1524 948 1556 8.
974 1515 1048 1550 vide
1061 1516 1126 1551 Am
1145 1517 1234 1550 Eride
1249 1515 1288 1550 dc
1307 1519 1367 1549 vita
1383 1525 1413 1548 et
1437 1512 1559 1563 scriptis
1581 1518 1728 1551 Ottmars
1750 1517 1942 1563 Naclztgalls
1961 1519 1995 1552 in

281 1567 434 1602 Strobelii
449 1566 682 1603 Miscellaneen
699 1565 919 1602 literarischen
934 1568 1072 1609 Inhalts,
1100 1578 1183 1616 part.
1201 1569 1270 1601 IIII.
1287 1580 1363 1614 pag.
1381 1568 1416 1600 61
1437 1563 1479 1614 sq.
1498 1578 1528 1601 et
1541 1580 1616 1615 pag.
1634 1579 1683 1612 50.
1705 1571 1771 1615 agit
1791 1566 1830 1602 de
1852 1566 1999 1609 verfione

282 1620 490 1668 germanica,
516 1621 608 1654 cuius
625 1617 871 1666 inscriptionem
884 1616 993 1654 refero
1010 1633 1048 1653 ex
1067 1619 1174 1652 Schelb
1197 1620 1260 1652 infr·
1274 1621 1474 1653 amoeniatt.
1492 1617 1651 1653 litterariis
1673 1629 1756 1654 tom.
1775 1622 1815 1654 V.
1836 1631 1910 1667 pag.
1924 1625 1999 1664 487.

386 1685 462 1732 Dye
475 1685 670 1731 euangelisrlz
687 1685 812 1730 Histori
827 1686 901 1718 nach
920 1685 1000 1718 aller
1020 1685 1203 1731 Ordmmg‚
1231 1685 1340 1732 wieſse
1353 1696 1538 1729 mgnugen,
1566 1687 1598 1718 in
1613 1686 1665 1718 ain
1679 1684 1890 1732 Redgffleh,
1918 1686 2004 1719 allm⁴

285 1735 490 1782 Christlicben
508 1738 683 1783 Gemyeten
697 1737 836 1771 niitzlsclz
853 1749 898 1772 zv
911 1737 1107 1775 betiachten,
1135 1736 1201 1769 und
1224 1747 1266 1769 zv
1286 1747 1383 1782 uyner
1405 1735 1629 1782 chcislzsnnff
1641 1737 1698 1769 der
1713 1735 1895 1771 Genua-lm»
1912 1737 1998 1771 Gut-

281 1795 333 1824 tat
346 1801 392 1823 zv
405 1787 531 1822 maclam
545 1787 710 1833 dierfiliclx.
767 1788 804 1824 V
804 1800 844 1820 (m
860 1790 1042 1823 Ammonio
1060 1785 1283 1821 Alexandrino
1300 1787 1476 1832 Kriccltg'fch
1491 1786 1693 1833 bqs'clzsiebem
1719 1789 1782 1821 vnd
1804 1788 1903 1822 durch
1916 1789 2001 1822 Oth-

281 1853 413 1876 marum
436 1839 599 1886 Nachtgal
620 1839 794 1874 Domum
814 1850 859 1873 zu
880 1840 996 1873 Lntein
1017 1839 1084 1873 vna!
1113 1838 1289 1883 Teutscbcn
1305 1839 1465 1883 gebracht.
1507 1837 1668 1884 Augustae
1691 1837 1819 1874 VindeI.
1850 1851 1888 1874 ex
1910 1839 1999 1877 offic.

281 1893 397 1939 Symp.
417 1888 506 1925 Ruff.
523 1902 604 1935 1524.
620 1897 650 1930 8.
676 1887 767 1926 conf.
784 1887 884 1932 infra,
911 1890 982 1925 libr.
1000 1891 1039 1924 V.
1059 1902 1084 1932 ι,
1102 1903 1145 1934 ι9.
1164 1889 1225 1923 vol,
1244 1890 1285 1924 V.
1302 1901 1376 1936 pag.
1395 1897 1444 1931 83.
1462 1888 1535 1924 edit.
1552 1900 1613 1924 vet.
1640 1909 1687 1915 —
1714 1900 1745 1925 et
1768 1889 1822 1925 lib.
1836 1891 1879 1926 V.
1900 1903 1933 1935 4,
1955 1901 1999 1934 15.

281 1943 349 1977 vol.
367 1944 422 1976 VI.
442 1954 515 1989 pag.
533 1944 579 1987 96
592 1939 637 1989 sq.
691 1943 825 1977 Nomen
840 1943 908 1976 eius
924 1946 994 1986 (aut
1015 1938 1124 1975 forsan
1145 1942 1280 1985 rectius,
1306 1939 1469 1974 Ammoni?
1483 1942 1684 1987 presbyteri,
1711 1940 1751 1976 de
1772 1954 1840 1990 quo
1863 1955 1914 1978 nr.
1932 1941 2001 1987 103

283 2003 315 2028 et
339 1991 524 2040 fragmenta
547 2003 722 2028 occurrunt
744 2006 876 2041 quoque
898 1995 930 2027 in
953 2004 1064 2027 catena
1085 2003 1236 2038 patrum,
1269 2004 1297 2026 e.
1320 2003 1370 2038 gr.
1394 1993 1428 2025 in
1444 1992 1616 2027 Danielem
1639 1994 1672 2026 in
1689 1989 1851 2038 pst1111108‚
1875 1995 1945 2029 acta
1965 2001 1998 2029 et

284 2043 435 2093 epistolas
450 2044 641 2084 catholicas,
667 2043 740 2078 vide
755 2042 860 2086 infra,
889 2045 932 2080 V.
949 2056 995 2086 η,
1010 2056 1040 2088 9.
1060 2044 1123 2078 vol.
1141 2044 1212 2077 VII.
1231 2055 1302 2089 pag.
1318 2044 1391 2084 764.
1409 2052 1440 2076 et
1455 2055 1526 2089 pag.
1544 2055 1621 2087 790.
1648 2044 1832 2090 Montfauc.
1849 2044 1995 2081 biblioth.

285 2095 424 2131 coislin.
440 2093 514 2130 cod.
530 2095 733 2129 CLXXXIX.
748 2109 821 2143 pag.
838 2107 909 2138 244.
937 2094 1009 2129 cod.
1027 2096 1126 2128 CCII.
1153 2107 1225 2140 pag.
1242 2096 1311 2135 263.
1337 2091 1409 2128 cod.
1428 2094 1588 2128 XXXVII.
1611 2106 1687 2142 pag.
1704 2106 1759 2129 ιιι.
1780 2094 1852 2130 cod.
1868 2086 1998 2133 CXXII:

284 2161 358 2197 pag.
376 2153 442 2191 198.
460 2152 492 2179 et
510 2158 584 2194 pag.
599 2158 672 2191 399.
690 2148 721 2181 in
739 2146 813 2181 cod.
829 2147 1044 2181 CCLXXXII.
1060 2148 1123 2180 vita
1140 2145 1266 2184 Amun,
1293 2146 1360 2192 (qui
1376 2145 1399 2178 ss
1414 2143 1524 2179 noster
1539 2148 1738 2180 Ammonius
1757 2144 1819 2183 effe
1841 2156 1873 2181 et
1887 2146 1996 2184 haberi

283 2199 415 2249 potest)
443 2206 537 2245 atque
556 2199 675 2238 vxoris,
701 2211 739 2232 ex
754 2197 883 2232 historia
901 2196 1063 2232 Laussaca.
1120 2198 1156 2230 In
1174 2195 1375 2244 expolitione
1390 2193 1453 2229 fine
1467 2206 1577 2230 catena
1596 2206 1674 2243 patr.
1688 2199 1721 2231 in
1742 2196 1895 2240 Psalmos,
1915 2197 2013 2235 edita?

287 2265 306 2285 a
321 2249 491 2289 (nn-derio.
516 2252 685 2294 Amwerp.
708 2252 785 2291 1643
811 2260 840 2283 et
867 2252 958 2293 1646.
998 2250 1055 2283 III.
1072 2259 1151 2282 tom.
1175 2261 1192 2282 e
1216 2247 1288 2282 cod.
1305 2245 1442 2280 Vindob.
1460 2249 1497 2280 X.
1539 2246 1617 2291 (vid.
1634 2248 1773 2283 Lambec.
1796 2263 1919 2286 comm.
1943 2249 2013 2287 Ill-f

263 2331 267 2336 .
286 2300 350 2387 co}
368 2313 399 2387 563
420 2298 478 2385 fisi.)
495 2299 719 2386 inJJOdssXIV.
744 2313 784 2335 ex
801 2313 866 2349 quo
883 2299 1124 2336 Cordetianam
1140 2299 1374 2335 collectionem
1395 2301 1506 2346 augeri
1524 2296 1631 2348 polse,
1659 2310 1774 2336 mouet
1792 2303 1934 2338 Lambec.
1953 2303 2013 2354 ml

288 2365 328 2388 co
344 2381 351 2389 .
394 2364 414 2394 4
442 2364 498 2400 qq.
561 2363 613 2385 αν·
1889 2358 1892 2361 ’
2012 2360 2013 2374 ³

2012 2376 2013 2397 l

1805 2419 1835 2452 7.
1862 2403 1996 2457 Animos
2011 2409 2013 2450 l
