2013 2725
194 40 254 83 346
307 36 379 73 Lib.
398 34 456 70 IV
456 61 464 69 .
486 45 508 68 t.
527 32 699 68 XXXIX.
925 29 1235 67 GRAMMATICL
1667 79 1672 83 1
1698 33 1816 85 trouv.
1836 44 1861 86 fv.
1878 37 1913 70 46
1958 41 1960 78 ’ς
2002 47 2013 92 E

301 142 405 178 graec.
421 127 534 167 editis,
568 141 602 175 p.
620 137 687 168 140.
711 125 858 159 Nicanor
878 134 1013 160 vocatur
1036 125 1304 174 μεταγενέξερσς
1322 126 1491 167 Amiso-'lm
1517 135 1590 162 tum
1611 128 1680 162 eius
1706 123 1913 168 διατύπωσις

300 179 374 229 7533}
397 181 462 217 τῶν
484 179 611 227 ςιγμῶν
634 179 767 218 citatur,
791 186 823 210 et
853 174 1006 211 sententia
1037 177 1196 225 quaedam
1225 175 1390 213 refutatur.
1444 181 1481 213 ln
1502 177 1656 213 Eustathii
1679 191 1859 216 comment.
1881 183 1916 216 in

302 235 513 270 Homerum,
536 230 710 278 praecipue
735 231 766 262 in
785 225 913 263 scholiis
934 227 972 262 ad
990 228 1132 264 Homeri
1158 227 1256 262 Iliada
1272 230 1472 270 Marcianis,
1499 228 1579 276 (vid.
1605 229 1670 264 vol.
1686 230 1710 264 ¹.
1731 242 1805 278 pag.
1825 233 1918 276 448.)

304 280 426 330 saepius
447 291 650 317 memoratur
678 281 835 314 Nicanor.
869 277 960 314 conf.
983 277 1079 327 supra
1101 282 1132 314 in
1165 279 1229 314 vol.
1246 281 1300 318 ΙΙΙ.
1327 293 1399 328 pag.
1415 283 1468 326 46.
1499 281 1612 328 pluresv
1630 290 1805 317 occurrunt
1821 282 1920 316 Nica·
1960 281 1961 309 ἒ

305 346 414 371 nores.
449 335 482 366 in
503 334 552 367 his
577 333 736 372 Nicanor,
770 333 825 380 qui
848 344 896 365 res
915 329 1017 378 gestas
1039 330 1211 366 Alexandri
1236 332 1285 367 M.
1308 328 1461 380 scripfiss‘e
1482 330 1597 366 dicitur
1624 333 1658 366 in
1684 331 1758 368 cod.
1791 332 1919 368 coislin.
1960 332 1961 337 ’

307 385 465 419 CCLXX.
491 397 565 433 pag.
585 395 650 429 325.
675 380 740 432 sqq.
768 381 856 430 quod
883 384 1027 417 eontinet
1051 395 1135 430 opus
1152 384 1277 423 l‘hotii,
1304 380 1544 428 Amphilochia,
1570 381 1747 424 ineditum,
1774 386 1808 420 in
1824 396 1923 434 quae-

306 436 409 470 ssioue
425 436 522 471 CLX.
545 448 620 483 pag.
638 446 707 478 347.
737 434 920 479 Matusalae.
944 433 1020 469 bibl.
1048 432 1183 469 Coislin.
1208 434 1308 468 Harl.
1701 466 1705 471 ,
1871 448 1873 450 ·

203 484 375 533 Nicephori
400 488 584 533 Gregorae,
612 485 652 521 de
675 484 876 520 instabilitate
899 484 1099 532 regularum.
1137 486 1282 520 Labhcur
1305 496 1377 533 pag.
1393 497 1460 530 103.
1501 483 1590 521 conf.
1606 484 1719 534 paullo
1732 496 1826 533 ante,
1848 498 1921 522 voc.
1961 504 1967 535 f

307 540 495 585 Gregoras,
521 549 552 573 et
574 538 675 573 Febr.
694 538 729 573 B.
749 539 804 571 Gr.
824 539 859 572 V.
877 547 903 580 5.
927 539 959 570 in
979 535 1046 570 vol.
1064 537 1118 570 vl.
1144 549 1220 584 pag.
1238 540 1310 579 306.
1325 546 1387 571 vet.
1405 537 1454 572 ed.
1478 533 1592 585 supra,
1619 536 1684 572 vol.
1705 540 1728 573 Ι.
1752 550 1824 586 pag.
1844 541 1922 580 406.
1962 540 1964 546 '

307 601 376 625 not.
390 590 444 624 dd.
471 599 529 625 etc.
558 609 608 615 -—
658 590 697 623 In
719 587 791 624 cod.
816 590 909 635 regio
930 588 1065 622 Matrit.
1087 589 1187 624 XCV.
1208 585 1267 624 fol.
1284 592 1362 630 246.
1390 587 1433 623 cst
1456 585 1682 636 fragmentum
1703 587 1744 624 de
1765 591 1856 624 vario
1877 587 1925 623 di-

308 642 457 677 {tionum
483 639 662 689 significatu
686 653 747 688 pro
769 641 855 674 varia
877 648 1066 686 temporum
1093 641 1237 681 ratione,
1268 637 1356 687 quod
1379 641 1488 675 Iriart.
1512 648 1571 674 cat.
1589 639 1684 675 codd.
1698 652 1746 688 gr.
1762 652 1837 688 pag.
1854 640 1928 682 381.'

309 692 498 742 publicauit.
553 695 589 738 lii
609 689 682 726 cod.
699 692 839 725 LXXIII.
862 687 922 725 fol.
942 701 1011 732 224.
1029 688 1096 738 sqq.
1119 688 1191 725 sunt
1212 691 1316 737 Grcg.
1339 690 1411 724 Nic.
1440 701 1500 724 tres
1519 690 1698 726 monodiae
1713 700 1744 726 et
1759 692 1926 726 Antirrhe·
1948 692 1951 693 ⁷

312 748 393 779 ricus
419 741 438 778 s.
461 741 613 778 refutatio
635 740 900 791 prodigiosarum
921 744 1115 776 Latinorum
1137 745 1371 777 narrationum.
1398 760 1450 768 -—
1476 743 1513 775 ln
1535 741 1610 778 bibl.
1634 742 1778 778 Florem.
1802 740 1927 778 Medic.

310 805 499 841 excerptum
523 794 562 828 de
584 794 777 841 regularum
804 792 1025 830 instabilitate,
1052 792 1125 827 cod.
1143 793 1197 827 IX.
1228 793 1306 839 plut.
1321 803 1363 835 31.
1390 795 1438 836 (v.
1458 793 1596 828 Bandin.
1617 802 1677 827 cat.
1701 792 1796 829 codd.
1821 806 1868 841 gr.
1885 794 1926 828 Π.

311 846 374 881 col.
392 847 455 889 83.)
492 844 566 880 cod.
584 846 654 878 VH.
680 857 730 878 nr.
747 856 799 887 40.
829 844 968 891 plut.55.
995 843 1125 887 (Band.
1146 843 1166 878 l.
1185 857 1211 878 c.
1238 843 1302 878 col.
1320 849 1389 887 265.
1418 841 1450 876 id
1481 841 1592 890 opusC.
1622 843 1736 885 tribui,
1778 843 1925 886 adnotat.

311 899 458 944 Georgio
487 893 723 931 Choerobosco
754 893 838 941 apud
862 893 984 928 Aldum
1009 895 1152 928 Venetiis
1179 897 1270 938 1496.
1285 892 1346 929 fol.
1375 906 1449 941 pag.
1467 906 1532 939 2¹5·
1554 904 1584 929 et
1606 892 1697 930 Bassl.
1724 907 1811 941 1540.
1835 898 1869 930 in
1891 902 1927 938 3.

312 961 386 998 pag.
417 949 506 992 255.)
548 966 599 973 —
655 948 693 980 In
720 944 795 980 cod.
818 945 964 979 XXXIV.
999 945 1075 992 plut.
1099 958 1143 991 57.
1173 959 1220 979 nr.
1244 958 1261 979 2
1285 955 1316 979 et
1341 957 1368 987 3.
1399 943 1440 978 de
1468 945 1709 982 construdlione
1733 955 1765 981 et
1794 945 1930 994 epistola

311 999 350 1035 ad
375 1001 630 1046 imperatorem,
670 1010 751 1045 quae
775 995 842 1031 duo
866 993 1020 1044 opuscula
1041 1010 1110 1031 non
1130 995 1288 1032 recenseri
1310 998 1343 1030 in
1367 995 1463 1032 catal.
1479 1009 1625 1045 >operum
1641 1000 1818 1046 Nicephori
1842 996 1930 1047 apud

308 1051 400 1086 Fabr.
417 1051 450 1085 Β.
469 1052 526 1085 Gr.
544 1050 601 1084 VI.
625 1061 697 1096 pag.
715 1061 786 1091 312.
813 1045 878 1092 (ed.
897 1049 974 1091 vet.)
996 1046 1225 1082 animaduertit
1250 1050 1390 1083 Bandtn.
1412 1047 1433 1082 l.
1448 1061 1475 1082 c.
1502 1048 1566 1084 col.
1590 1055 1670 1091 388.¹
1694 1068 1746 1076 -—
1797 1051 1834 1084 ln
1853 1047 1928 1084 cod.

311 1103 397 1137 XVI.
423 1114 473 1137 nr.
493 1103 546 1135 XL
569 1100 650 1148 plut.
668 1103 726 1135 60.
746 1099 823 1148 περὶ
846 1096 1000 1147 elnaem,
1027 1101 1063 1134 de
1087 1101 1210 1139 dubiis,
1240 1097 1350 1146 opusc.
1374 1100 1638 1146 grammaticale:
1672 1102 1760 1135 cuius
1785 1102 1931 1140 initium,

317 1151 464 1188 obseruat
492 1154 628 1187 Bandin.
645 1152 684 1187 11.
709 1151 773 1186 col.
791 1154 868 1194 607.
891 1163 968 1185 cum
991 1150 1061 1185 aliis
1083 1150 1158 1186 bibl.
1182 1150 1304 1187 Medic.
1330 1148 1511 1186 consonare
1530 1149 1769 1199 exemplaribus
1785 1151 1825 1188 de
1838 1165 1933 1200 regu-

320 1204 427 1240 larum
450 1203 668 1245 instabilitate3
696 1203 797 1238 finem
819 1212 929 1237 tamen
954 1199 1015 1237 effe
1038 1202 1077 1236 ab
1100 1202 1254 1237 omnibus
1278 1198 1461 1246 diuersum;
1489 1212 1520 1237 et
1541 1205 1576 1238 in
1596 1205 1662 1238 hoc
1684 1202 1797 1238 codiee
1819 1201 1928 1253 opusc.

317 1256 423 1290 multo
449 1255 597 1303 longius,
638 1268 738 1302 quam
763 1255 794 1287 iu
821 1253 900 1289 aliis.
942 1274 992 1279 -—
1045 1254 1081 1288 In
1108 1252 1178 1288 cod.
1203 1254 1344 1301 Parisino
1373 1254 1447 1288 bibl.
1474 1253 1561 1300 publ.
1586 1256 1786 1290 MCCLXX.
1805 1267 1859 1291 nr.
1881 1261 1929 1295 18.

317 1307 357 1342 de
379 1307 567 1354 regularum
590 1307 880 1353 grammaticarum
904 1304 1118 1339 instabilitate.
1146 1325 1194 1330 —-—
1248 1307 1286 1339 In
1311 1305 1383 1339 bibl.
1407 1305 1531 1339 Coislin.
1550 1304 1623 1341 cod.
1638 1307 1769 1341 CXCII.
1787 1303 1848 1349 fol.
1868 1318 1931 1351 145.

315 1357 545 1404 technologiae
566 1355 605 1392 de
627 1358 869 1404 grammaticis,
909 1353 962 1391 sed
989 1358 1119 1391 initium
1141 1354 1230 1391 idem
1255 1355 1318 1399 est,
1355 1354 1443 1404 quod
1466 1358 1499 1390 in
1521 1355 1589 1392 cod.
1608 1357 1732 1393 Medic.
1757 1358 1806 1400 (v.
1821 1359 1931 1392 splont.

305 1410 396 1456 faut.
417 1409 490 1444 bibl.
516 1409 652 1443 Coislin.
679 1421 751 1456 pag.
771 1409 856 1452 245.)
890 1426 940 1434 —
992 1409 1030 1442 ln
1052 1407 1125 1442 cod.
1153 1408 1229 1443 bibl.
1258 1407 1396 1455 August.
1423 1406 1553 1442 Vindel.
1572 1407 1798 1455 >technologia
1823 1408 1954 1456 gram-⁷

319 1464 455 1502 marica,
484 1459 559 1495 teste
581 1460 733 1506 Reifiro,
760 1470 819 1494 cat.
847 1471 921 1506 pag.
938 1461 992 1502 64.
1023 1479 1073 1486 —
1125 1459 1346 1507 Reliquorum
1368 1458 1451 1493 illius
1471 1459 1633 1496 librorum
1661 1461 1776 1496 notitia
1803 1458 1930 1496 dabitur

315 1510 401 1547 infra
422 1509 478 1547 suo
500 1511 595 1550 loco,
624 1514 689 1545 iam
712 1508 806 1556 supra
829 1520 1027 1546 memorato.
1062 1510 1162 1546 Harl.

216 1562 370 1603 Nicctae,
399 1561 628 1609 metropolitae
644 1561 878 1602 Heracleensis,
906 1561 1034 1595 libellus
1049 1564 1293 1608 grammaticus.
1320 1558 1361 1596 id.
1378 1561 1477 1597 Fabr.
1512 1564 1541 1596 Is
1556 1563 1701 1610 primum
1713 1564 1924 1600 Serrarumin

320 1614 520 1651 Macedonia
536 1615 642 1662 prima
658 1610 937 1660 archiepiscopus;
964 1611 1073 1659 postea
1088 1624 1197 1647 autem
1215 1612 1393 1647 Heracleae
1409 1615 1500 1647 Ponti
1518 1614 1702 1648 inThracia
1717 1615 1932 1662 metropolita

319 1663 393 1701 fuit.
421 1680 449 1704 v,
468 1667 589 1699 Fahric.
614 1666 646 1698 Β.
665 1667 719 1699 Gr.
743 1663 794 1698 lib.
807 1665 846 1697 V.
868 1674 893 1707 5.
922 1676 994 1710 pag.
1012 1675 1080 1706 432.
1104 1665 1169 1699 vol.
1186 1665 1240 1699 VI.
1263 1662 1312 1699 ed.
1337 1674 1398 1698 vet.
1425 1674 1456 1698 et
1476 1676 1585 1698 meam
1612 1665 1731 1699 lntrod.
1754 1668 1787 1699 in
1809 1665 1879 1700 hist.
1896 1668 1932 1705 L.

323 1719 380 1752 Gr.
397 1718 436 1751 ΙΙ.
459 1729 531 1763 pag.
547 1727 619 1758 304.
644 1725 674 1750 et
699 1712 808 1762 supra,
837 1716 870 1748 in
891 1715 956 1748 hoc
980 1714 1046 1749 vol.
1071 1727 1143 1762 pag.
1162 1726 1224 1758 ¹34-
1277 1716 1314 1749 ln
1330 1713 1401 1749 cod.
1419 1716 1713 1752 MMCCCCVm.
1729 1730 1776 1751 nr.
1794 1729 1825 1760 13
1841 1727 1871 1752 et
1887 1729 1937 1761 14,

321 1768 395 1802 bibl.
421 1760 516 1816 publs
530 1767 641 1812 Paris.
668 1767 815 1807 Nactae,
842 1766 1009 1799 Serrarum
1037 1763 1199 1814 episcopi,
1225 1763 1331 1800 versus
1355 1766 1484 1800 iambici
1507 1765 1549 1800 de
1572 1765 1684 1808 rebus,
1708 1766 1746 1802 ad
1771 1780 1935 1816 gramma-

321 1821 474 1855 maticatn
505 1818 756 1866 pertinentibus,
800 1816 942 1851 eiusdem
966 1815 1041 1851 obss'.
1063 1819 1314 1864 grammaticae,
1356 1819 1507 1852 oratione
1535 1814 1648 1851 soluta.
1674 1838 1725 1845 —-
1758 1821 1791 1853 in
1821 1819 1934 1856 codice

322 1871 554 1906 MMDLVffl.
577 1883 624 1904 nr.
641 1880 716 1913 577.
743 1869 841 1903 eiusd.
866 1870 1007 1915 epitheta
1022 1870 1129 1908 Iouis,
1157 1869 1269 1903 Bacchi
1285 1878 1345 1903 etc.
1373 1867 1473 1903 eiusd.
1488 1865 1595 1903 versus
1609 1868 1738 1903 iambici
1755 1868 1796 1905 de
1816 1871 1932 1907 antisti.

323 1923 391 1956 chis
413 1931 443 1955 et
463 1919 502 1954 de
527 1922 682 1955 orationis
703 1920 964 1960 construetione.
992 1918 1131 1955 versibus
1154 1919 1310 1954 iambicis.
1350 1919 1448 1955 Harl.

224 1972 351 2007 Nicolai·
379 1973 531 2006 Rhabaine
559 1973 789 2005 Grammatica.
822 1970 865 2005 id.
889 1972 989 2005 Febr.
1043 1973 1079 2005 ln
1102 1970 1375 2006 cod.1vtMDCL.
1398 1970 1545 2005 biblioth.
1569 1970 1656 2017 publ.
1672 1969 1765 2008 Paris.
1782 1973 1874 2009 catal.
1889 1976 1930 2012 ΙΙ.

319 2036 394 2072 pag.
412 2034 478 2067 534.
502 2024 618 2056 citatur
641 2022 844 2056 Artahasdae
866 2024 1082 2069 grammatica
1106 2021 1242 2057 inedita:
1279 2025 1338 2056 inc.
1366 2022 1427 2064 τῆς
1449 2024 1701 2071 *γραμματικῆς
1721 2025 1860 2070 τέχνηςε
1897 2028 1933 2062 in

324 2073 440 2160 ἰηῗίεῗί
453 2084 560 2159 ειυςΙείιιι
576 2085 658 2158 lpag.
681 2074 797 2107 XXXI.
826 2071 884 2108 sub
904 2076 1041 2109 nomine
1064 2075 1218 2109 Nicolaus
1237 2074 1445 2123 Smyrnaeus,
1487 2074 1715 2122 Artabzzsdus,
1752 2078 1933 2123 cognomine
1967 2123 1970 2126 ἢ

325 2127 357 2160 R
381 2127 416 2159 nl)
441 2138 469 2160 a.
536 2136 597 2159 αν.
1965 2131 1970 2139 ’

223 2175 347 2214 Rhodii
373 2178 462 2216 Nili,
488 2175 527 2210 de
551 2173 689 2210 versibus
715 2177 968 2211 Annei-conticis.
997 2174 1039 2212 id.
1061 2189 1131 2224 pag.
1151 2189 1215 2212 110.
1967 2185 1971 2192 ³

225 2230 401 2275 Nlps'ioizis,
428 2229 594 2268 monachi,
615 2225 655 2260 de
673 2228 749 2261 0610
766 2227 905 2274 partibus
921 2230 1085 2262 orationis.
1114 2227 1154 2262 id.
1171 2242 1202 2276 p.
1219 2238 1286 2272 105.
1313 2229 1410 2263 Fabr.
1444 2229 1481 2263 In
1495 2227 1568 2265 cod.
1581 2229 1690 2276 Paris]
1699 2230 1930 2270 MMDLVHI,
1964 2226 1969 2266 s}

325 2292 373 2315 nr.
392 2291 421 2323 4.
446 2279 517 2316 bibl.
540 2277 628 2329 publ.
658 2278 819 2324 Niphonis
842 2276 881 2314 de
905 2278 1017 2315 litteris
1041 2280 1179 2327 etqoc'io
1202 2281 1357 2326 orationis
1377 2280 1531 2330 partibus.
1563 2281 1665 2330 Harl.

1795 2333 1932 2376 ,Orionis
