2049 2720
51 125 265 161 VoI.111.p.396
647 124 821 161 APPIANI
852 124 990 162 CODD.
1024 122 1162 160 MSSTI
1279 123 1350 158 Lib.
1365 123 1434 162 IV.
1449 137 1471 165 c.
1484 124 1594 163 XIV.
1696 141 1761 175 249

49 222 235 258 Dalmatiae
258 229 289 256 et
313 220 482 261 Croatiae‚
511 219 561 253 Io.
581 218 674 254 Lucii
698 219 870 255 Dalmatae
891 217 992 254 Amst.
1016 220 1110 253 1666.
1131 215 1191 253 fol.
1217 229 1292 266 pag.
1309 222 1384 262 462.
1417 220 1465 265 [et
1486 222 1568 256 inter
1590 217 1759 270 scriptores

47 285 159 309 rerum
179 271 420 320 Neapolitanar.
469 271 630 319 Neapoli,
670 284 728 320 per
757 269 1102 306 Franc.Rizziardurn.
1133 281 1216 313 1735.
1238 266 1313 314 fot]
1383 273 1490 319 Atque
1517 272 1762 309 emendandum

46 321 196 373 sphalma
211 326 244 357 in
261 321 516 371 praestantiffimi
534 321 636 358 Voffii
652 335 752 370 opere
776 322 818 358 de
841 322 982 357 historiis
1004 321 1147 369 graeciS,
1175 321 1226 355 vbi
1249 321 1370 356 Iberica
1393 321 1431 355 ab
1456 322 1655 359 Hoeschelio
1677 326 1762 361 edita

46 373 109 415 esse
132 388 305 424 perperam
327 374 462 423 legitur,
491 387 553 422 pro
577 373 732 418 Illyricis,
764 372 851 409 facili
876 375 1064 421 typothetae
1086 368 1186 419 lapsu.
1222 373 1348 410 Fabric.
1407 374 1598 422 Schweigh.
1622 379 1762 413 t0m‚11,

46 439 124 474 pag.
140 434 204 469 830
222 425 287 476 sqq.
309 429 472 475 integrum
494 425 584 462 dedit
605 426 677 461 libr.
700 425 740 460 de
762 427 854 461 rebus
875 426 1014 470 Illyricis
1036 422 1315 470 emendatiorem,
1352 437 1400 472 gr.
1419 434 1450 460 et
1472 425 1527 462 lat.
1555 440 1593 461 ex
1617 426 1763 463 edizione

46 476 306 519 Hoescheliana‚
330 479 457 514 collatis
480 477 575 513 codd.
591 477 798 526 Augustano,
825 487 876 515 et,
903 488 1044 524 quorum
1068 476 1225 511 lectiones
1248 486 1433 522 acceperat,
1467 478 1594 513 Veneto
1618 491 1655 512 ac
1678 480 1763 528 Lug.

16 540 25 550 ‘
45 527 124 564 dun.
141 531 207 564 Bar.
231 527 441 577 verfioneque
463 529 537 564 libri
558 528 676 570 latina,
702 541 741 564 ex
766 527 881 564 codiee
897 531 1057 563 Vaticano
1080 539 1201 575 graeco
1224 541 1241 562 a
1256 528 1417 573 &ephano
1434 529 1559 563 Gradio
1576 528 1711 564 fideliter
1726 544 1764 566 ac

32 579 228 623 ¹luculenter
244 578 406 617 confecta.
457 582 507 615 Ex
525 579 643 615 eodem
659 580 771 616 codice
784 582 822 614 Io
840 580 938 626 eplzus
955 580 1089 624 Spaletti
1109 577 1264 614 eumdem
1286 579 1424 621 librum,
1457 579 1540 614 iusso
1562 592 1764 618 commenta-

43 633 96 667 rio
112 641 144 666 et
162 635 256 667 nouis
273 632 386 667 tabulis
399 633 628 681 geographicis
648 630 855 673 illustratum,
876 631 1018 667 editurus
1032 640 1118 666 erat:
1143 633 1244 674 cuius,
1269 632 1393 666 interea
1408 634 1544 672 mortui,
1569 631 1668 669 editio
1680 645 1762 670 num

41 681 150 719 lucem
173 681 366 733 adspexerit,
392 683 546 733 equidem
570 681 689 719 nescio.
715 683 818 719 Harl.

245 778 304 814 IV.
353 778 540 825 Appiani
591 777 697 813 codd.
747 777 884 819 mssti,
946 777 1207 823 interpretes
1258 783 1295 812 et
1345 777 1559 815 editiones.

143 845 216 890 [De
227 843 401 888 *codicibus
426 847 531 880 msstis
552 840 620 880 iam
651 843 874 892 intelligenter
897 842 1095 893 copioseque
1118 843 1261 880 disseruit
1285 844 1544 891 Schweigbc'inser
1566 853 1597 880 et
1621 848 1656 881 in
1681 844 1764 897 disp.

42 896 84 931 11.
99 908 176 946 pag.
193 904 214 937 8
229 894 296 946 sqq.
323 905 354 931 et
374 898 409 931 in
434 894 627 944 praefation.
651 895 691 931 ad
711 893 800 930 suam
822 894 1020 932 editionem:
1046 909 1144 945 quare
1164 898 1195 931 h.
1219 895 1241 930 l.
1267 896 1370 931 breuis
1394 896 1530 932 illorum
1554 909 1763 934 commemo.

3 939 6 949 “
42 949 127 983 ratio
151 945 305 984 sufficiet.
373 949 412 983 In
437 947 511 984 bibl.
534 948 694 982 Vaticana
722 947 844 983 exstant
871 946 938 982 duo
967 947 1062 983 codd.
1080 948 1248 983 CXXXIV
1265 958 1296 982 et
1312 946 1439 982 CXLII.
1467 949 1522 996 qui
1546 948 1660 985 eadem
1685 947 1764 985 serie

5 1004 14 1007 “
43 998 180 1034 eosdem
197 1000 337 1049 Appiani
355 999 473 1041 libros,
501 1011 584 1047 quos
606 998 708 1034 latine
730 1001 892 1033 conuertit
914 997 1080 1033 Candidus
1100 1002 1182 1033 etin
1205 1000 1253 1033 his
1269 1000 1434 1044 Illyricum
1450 998 1570 1035 librum
1594 1003 1762 1048 integrum

23 1045 231 1097 continent,
265 1062 407 1099 quorum
430 1049 510 1084 alter
537 1048 614 1085 saec.
631 1050 715 1085 XIV.
738 1050 818 1084 alter
833 1051 902 1085 XV.
927 1047 1060 1096 scriptus
1084 1049 1251 1084 videbatur
1274 1049 1452 1084 Bandinio:
1490 1060 1563 1086 vtro
1586 1062 1695 1087 autem
1721 1064 1762 1088 ex

42 1101 108 1137 illis
122 1102 360 1151 exemplaribus
376 1099 446 1136 vsus
464 1100 501 1136 fit
515 1102 681 1136 Candidus
694 1104 727 1135 in
742 1100 948 1136 conficienda
965 1099 1020 1135 sua
1039 1100 1186 1136 versione
1197 1129 1206 1143 ,
1230 1100 1366 1136 definire
1383 1114 1453 1136 non
1467 1106 1576 1150 potuit
1591 1103 1763 1153 Schweig-

41 1150 165 1188 h‘ziuser.
191 1173 241 1180 —-
268 1151 453 1188 Aliuscod.
471 1153 583 1186 CXLI.
605 1153 743 1188 membr.
768 1150 849 1187 saec.
865 1154 951 1186 XIII.
977 1154 1032 1199 qui
1054 1154 1196 1201 Appiani
1219 1155 1452 1200 prooemium,
1480 1164 1511 1188 et
1535 1153 1649 1190 hissor.
1665 1156 1762 1191 Iberi.

26 1216 118 1239 ‘cam‘
134 1201 155 1238 s.
173 1203 406 1252 Hispaniam,
434 1201 685 1238 Hannibalicam
708 1212 739 1238 et
760 1203 915 1238 Punicam
941 1206 1101 1243 continet,
1125 1213 1195 1237 tum
1219 1206 1412 1238 recentiores
1434 1201 1515 1239 saec.
1535 1206 1635 1241 XVII,
1662 1206 1762 1249 codd,=

40 1255 92 1290 LI.
108 1256 191 1290 LXI.
206 1264 236 1290 et
253 1257 348 1290 LXX.
375 1267 471 1304 atque
489 1255 865 1289 Ottobono--Vaticanus
886 1267 934 1289 nr.
953 1265 1002 1297 45.
1022 1252 1101 1288 saec.
1118 1256 1203 1289 XVI.
1224 1254 1312 1289 haud
1334 1257 1376 1289 ita
1397 1255 1485 1289 male
1500 1253 1644 1303 scriptus.
1695 1259 1762 1293 De-

24 1308 142 1354 -nique
164 1306 238 1342 cod.
264 1306 305 1342 V
301 1307 466 1344 rhina-V
462 1308 574 1341 atican.
590 1307 678 1341 CIII.
701 1303 781 1340 saec.
797 1306 883 1341 XIV.
936 1304 1021 1340 Cod.
1035 1306 1279 1342 MCLXXXIX.
1308 1308 1455 1341 continet
1479 1307 1587 1341 Photis·
1609 1307 1756 1346 biblioth.

23 1367 82 1394 ‘ex
102 1370 168 1407 quo
189 1360 316 1407 accepit
337 1359 525 1407 Schweigh.
551 1360 653 1393 varias
676 1370 814 1403 eorum,
835 1369 918 1407 quae
940 1358 1074 1392 Photius
1094 1358 1191 1393 habet
1209 1355 1251 1392 ad
1272 1358 1460 1406 Appianum
1480 1361 1692 1407 pertinentia,
1717 1360 1760 1397 le-

22 1411 173 1448 -ffionea
1472 1432 1476 1433 .

143 1477 183 1511 In
203 1475 352 1511 biblioth.
371 1475 753 1516 mediceo-Florentino,
780 1474 858 1513 tesse
877 1476 1038 1511 Bandinio
1062 1477 1097 1512 in
1120 1474 1211 1511 catal.
1227 1473 1324 1512 codd.
1345 1488 1395 1524 gr.
1413 1478 1445 1511 in
1461 1476 1540 1525 plut.
1555 1491 1608 1522 70.
1628 1474 1700 1517 cod.
1717 1480 1763 1516 V.'

41 1529 140 1572 (tom.
157 1529 196 1562 ll.
217 1540 292 1576 pag.
310 1530 369 1573 659
384 1525 467 1577 sqq.)
494 1541 531 1563 ea
550 1525 619 1563 fere
640 1531 775 1570 omnia,
801 1541 882 1577 quae
905 1541 944 1563 ex
967 1529 1107 1576 Appiani
1127 1541 1215 1564 rom.
1237 1527 1307 1563 hist.
1331 1527 1420 1562 libris
1443 1526 1620 1577 supersunt.
1645 1550 1696 1556 —
1723 1533 1760 1566 In

40 1579 122 1629 plut.
138 1592 190 1623 70.
213 1580 286 1615 cod.
302 1581 421 1616 XXVI.
446 1580 567 1614 Iberica
586 1578 653 1614 flue
676 1577 852 1629 Hispanica
871 1590 903 1615 et
925 1579 1155 1616 Hannibalica.
1183 1599 1234 1607 ·—-
1261 1582 1301 1614 In
1321 1579 1397 1615 eod.
1415 1579 1499 1628 plut.
1522 1579 1596 1615 cod.
1613 1582 1761 1618 XXXIII.

17 1631 111 1679 'libri
125 1632 182 1666 111.-
199 1633 247 1666 lV
260 1641 293 1666 ct
307 1633 349 1666 V.
377 1630 417 1666 de
437 1630 527 1667 bellis
549 1632 710 1668 ciuilibus.
1610 1648 1613 1653 -

144 1699 289 1734 Venetiis
305 1701 337 1734 in
351 1698 429 1734 bibl.
448 1699 495 1734 D.
512 1700 622 1734 Marci
640 1697 714 1735 cod.
733 1699 973 1735 CCCLXXXV
976 1700 1016 1735 11.
1035 1699 1133 1734 chart.
1153 1698 1378 1747 compled'tens
1395 1697 1478 1734 bella
1494 1700 1673 1742 Punicum,
1699 1701 1761 1744 Sy-

39 1751 184 1797 riaeum,
219 1751 425 1792 Parthicum.
459 1750 742 1793 Mithridaticum,
774 1751 815 1786 de
841 1750 915 1787 bell.
940 1750 1084 1786 ciuilibus
1109 1750 1180 1786 libr.
1200 1752 1241 1785 V.
1266 1762 1297 1786 et
1317 1750 1391 1785 bell.
1415 1749 1600 1794 Illyricum,
1634 1773 1684 1778 —
1721 1753 1760 1788 In

20 1801 114 1845 ‚bibL
131 1803 404 1838 Dominicanorum
425 1803 479 1838 SS.
492 1805 623 1837 Ioannis
645 1813 677 1837 et
703 1803 824 1845 Paulli,
847 1805 988 1851 Appiani
1007 1802 1150 1837 Celticae
1170 1802 1239 1838 hist.
1262 1805 1425 1851 epitome,
1451 1804 1602 1847 Syriaca,
1628 1804 1759 1848 Punica,

19 1851 192 1898 'Illyricae
213 1852 333 1901 fragm.
361 1854 526 1894 Parthica,
551 1854 794 1898 Mithridatica,
826 1852 865 1890 de
889 1853 963 1890 bell.
987 1854 1137 1889 ciuilibus
1161 1853 1234 1889 libri
1247 1856 1290 1890 V.
1329 1851 1419 1891 conf.
1437 1854 1626 1901 Montsauc.
1648 1857 1683 1889 in
1703 1855 1761 1891 Pa-

20 1934 22 1937 .
40 1902 163 1952 laeogr.
186 1917 302 1952 graeca
323 1917 397 1952 pag.
417 1911 467 1944 82·
492 1915 497 1917 ⁴

140 1971 276 2005 Patauii
298 1973 330 2005 in
353 1971 429 2006 bibl.
451 1974 637 2007 canonicor.
661 1973 692 2006 S.
708 1972 798 2007 Ioan.
822 1973 906 2020 App.
930 1969 1104 2019 descriptio
1125 1970 1255 2019 imperii
1277 1981 1363 2005 rom.
1385 1984 1403 2006 e
1418 1969 1565 2006 versione
1583 1971 1638 2008 lat.
1656 1971 1761 2009 Leon}

40 2020 191 2062 Aretini,
217 2025 272 2070 qui
297 2023 395 2070 plagii
417 2020 594 2058 adcusatur.
649 2021 752 2058 Conf.
768 2023 933 2058 Alemanni
954 2021 1055 2070 praef.
1077 2026 1110 2057 in
1134 2020 1291 2057 anecdota
1303 2024 1454 2070 Procopii
1474 2037 1546 2071 pag.
1562 2025 1649 2059 XIII.
1699 2026 1758 2059 La-

22 2085 144 2108 -cunae
162 2083 270 2108 autem
295 2071 367 2108 sunt
388 2087 427 2109 ex
449 2084 536 2109 msto
563 2084 623 2108 vet.
647 2074 783 2122 collegii
803 2073 1008 2110 Ambrosiam
1033 2077 1068 2108 in
1089 2073 1203 2121 Belgio
1225 2070 1389 2120 suppletae
1411 2087 1512 2123 opera
1532 2075 1663 2110 Offauii
1679 2077 1757 2111 Fer-

42 2127 132 2160 rarii.
159 2124 222 2162 vid.
240 2127 306 2160 lac.
324 2126 407 2160 Phil.
429 2126 586 2174 Tomqfini
610 2126 816 2161 bibliothecas
839 2127 1006 2160 Patauinas
1033 2136 1138 2166 mist„
1164 2126 1253 2159 Vtini
1275 2127 1362 2171 1639.
1390 2139 1464 2175 pag.
1482 2138 1530 2172 19.

141 2195 179 2227 In
197 2193 383 2239 Hispaniis,
415 2195 449 2227 in
473 2192 547 2228 bibl.
563 2193 719 2239 Efiorial.
739 2193 879 2241 Appiani
897 2206 983 2228 rom.
1001 2191 1154 2227 historiae
1172 2191 1245 2226 libri
1260 2193 1301 2228 V.
1326 2205 1461 2240 graece,
1492 2193 1620 2229 testibus
1636 2194 1754 2230 Pliiero

44 2244 78 2279 in
100 2244 235 2279 itinerar.
253 2258 310 2294 per
328 2241 464 2292 Hispan.
482 2258 512 2293 p.
529 2257 592 2290 157.
615 2254 646 2280 et
666 2245 795 2282 Clau-kin
817 2246 849 2279 in
870 2244 960 2292 epist.
980 2242 1020 2279 dc
1039 2257 1143 2292 regno
1160 2240 1285 2290 hispan.
1303 2256 1336 2292 p.
1352 2256 1418 2290 395.
1444 2265 1496 2272 —-
1523 2248 1558 2280 In
1575 2245 1650 2280 bibl.
1666 2249 1754 2293 regia

42 2296 178 2331 Matrit.
201 2299 332 2333 auctore
353 2298 478 2331 Iriarto
502 2300 535 2332 in
556 2297 647 2332 catal.
671 2296 766 2332 codd.
790 2310 838 2345 gr.
858 2309 932 2344 pag.
953 2308 1011 2332 121.
1035 2296 1110 2332 cod.
1127 2296 1269 2330 XXXIX.
1287 2294 1419 2343 praefat.
1445 2299 1478 2331 in
1501 2309 1585 2332 rom.
1605 2295 1752 2331 historias

29 2355 116 2391 ⁴tum
136 2358 340 2396 excerptum,
365 2347 468 2397 (quod
491 2351 525 2384 in
552 2349 702 2383 omnibus
726 2346 795 2383 fere
818 2351 955 2397 Appiani
976 2347 1063 2385 editt.
1082 2346 1194 2385 subiici
1215 2345 1297 2384 solet
1318 2346 1543 2397 praefationi,)
1568 2360 1608 2383 ex
1628 2350 1752 2384 incerto

42 2405 105 2441 yet.
127 2399 278 2445 auctore,
300 2399 438 2450 denique
456 2399 497 2436 de
518 2399 607 2438 bellis
630 2401 770 2446 Syriacis
791 2399 872 2437 liber
893 2402 1043 2447 Appiani.

15 2467 21 2472 ·
87 2456 206 2499 Kal-bs.
916 2452 956 2485 li
1617 2449 1702 2486 Pari
1726 2453 1753 2486 is·
