2049 2720
642 152 767 190 FLAV.
800 151 986 188 ARRIANI
1019 151 1266 189 EDITIONES
1416 153 1575 208 -Liij
1588 155 1674 190 c.X.
1779 169 1820 203 95

99 256 250 295 excerpta
262 245 440 283 nonnulla:
468 243 505 283 at⁴
516 245 624 282 titulus
639 257 734 295 atque
749 248 948 296 principium
966 245 1052 282 deest
1072 249 1106 281 in
1126 245 1197 282 edit.
1214 245 1303 282 Bafil.
1326 258 1403 292 ¹533-
1426 248 1565 284 Froben.
1584 259 1616 284 et
1637 252 1671 285 in
1693 251 1815 285 Stuckii

98 298 172 334 edit.
189 301 312 335 Geneu.
326 310 412 343 1577.
438 298 621 340 Kollarius,
645 300 716 347 (qui
738 301 874 334 remittit
895 299 1055 334 lediorem
1083 297 1123 333 ad
1144 297 1298 334 Analedia
1323 308 1404 333 tom.
1423 302 1445 333 1.
1470 314 1544 348 pag.
1560 314 1640 346 1092
1657 299 1724 350 sqq.
1759 302 1815 337 vbi

95 349 155 391 ille
173 349 334 386 Holssenii
349 349 437 386 dedit
452 350 621 399 epistolam
639 351 712 393 etc.)
729 358 838 390 notat,
865 347 1091 398 fragmentum
1111 347 1211 391 istud,
1239 350 1278 384 ab
1298 348 1462 385 Hudsono
1482 365 1611 399 quoque
1634 356 1666 387 in
1689 356 1813 400 Geogr.

96 411 158 437 vet.
171 399 319 449 scriptor.
335 404 415 437 min.
433 412 493 439 etc.
520 401 585 437 vol.
601 403 624 435 Ι.
644 400 761 450 peripli
778 403 923 436 Arrianei
948 415 1020 450 pag.
1037 414 1079 437 12.
1089 402 1295 449 negledum,
1319 400 1456 437 totidem
1475 400 1652 444 sententiis,
1678 417 1714 437 ac
1730 405 1814 439 mul·

94 460 130 488 to
145 454 319 489 corrediius
332 453 399 501 legi
416 454 449 488 in
467 456 638 499 Anonymi
653 452 782 503 periplo
796 455 891 503 ponti
908 454 1051 497 Euxini,
1075 453 1122 502 ab*
1138 451 1301 495 Hudsono
1319 453 1394 503 post
1412 455 1621 500 Marcianum
1635 455 1813 492 Heracleo-

95 513 165 541 tam
185 503 271 541 edito
291 516 368 554 pag.
384 506 441 552 69.

0 607 52 641 ’μ
765 600 1138 646 Editione's.

193 681 306 718 Latine
321 683 426 731 prius,
453 694 553 732 quam
571 693 706 731 graece,
732 680 807 717 editi
824 679 896 716 sunt
911 680 984 716 libri
1001 679 1040 716 de
1059 678 1269 729 expeditione
1286 680 1376 717 Alex.
1393 681 1445 717 M.
1473 680 1712 731 Antiquiffima,
1730 694 1812 731 quae

90 732 250 776 innotuit,
277 733 322 769 est
344 732 461 775 editio,
488 736 664 783 interprete
692 734 808 770 Carolo
825 733 1000 779 Valgulio,
1028 733 1203 783 Brixienst,
1232 734 1350 781 absque
1374 732 1439 768 vlla
1461 743 1560 773 nota,
1588 736 1620 768 in
1642 732 1705 769 fol.
1731 733 1811 772 saec.

91 783 179 819 xvi.
204 783 368 833 inscriptio
392 784 436 820 est
463 785 595 823 vltimae
619 788 759 834 paginae
787 783 950 831 adpofita3
977 786 1132 827 „Arriani
1147 783 1292 819 historici
1316 798 1353 819 ac
1376 782 1565 834 philosophi
1593 784 1754 820 clarislimi
1775 787 1813 821 ti.

89 834 136 869 bri
153 837 231 871 οόὶο
249 835 288 871 de
303 837 394 871 rebus
408 835 504 885 gestis
521 837 696 872 Alexandri
715 835 908 871 Macedonis
920 864 929 878 ,
956 849 973 870 e
987 848 1108 883 graeco
1125 837 1159 870 in
1178 834 1315 870 latinum
1332 833 1517 871 sermonem
1536 851 1553 871 a
1569 837 1707 871 Charolo
1727 837 1812 872 Val-

86 887 179 932 guliu
201 886 373 923 nouissime
399 886 553 923 traducti:
580 888 619 923 ad
644 888 938 923 Bartholomaeum
960 889 1135 921 Liuianum
1159 886 1289 921 Buclani
1312 886 1430 922 ducem
1458 885 1631 923 felieissimi
1655 891 1811 924 exercitus

87 938 289 976 Venetorum
308 940 570 977 Gubernatorem
586 939 784 990 generalem.
796 945 812 960 ‘⁴
838 938 901 975 vid.
916 937 1006 974 catal.
1024 937 1099 974 bibl.
1118 938 1243 989 Pinell„
1259 948 1340 978 tom.
1357 940 1395 974 11.
1415 951 1491 988 pag.
1509 950 1552 985 31.
1565 952 1620 986 ·nr.
1638 952 1728 984 2473.
1755 941 1811 975 ibi·

87 1000 150 1037 que
164 1000 235 1026 not.
249 990 289 1027 cl.
304 990 453 1028 Metelli.

188 1074 310 1109 Petrus
332 1073 464 1123 quidem
492 1073 631 1110 Paullus
648 1074 690 1110 V
686 1076 848 1122 ergerius,
888 1071 1194 1120 lustinopolitanuS,
1233 1074 1288 1120 qui
1322 1084 1457 1118 a.1404.
1487 1071 1631 1110 doctoris
1661 1072 1808 1111 lauream

83 1120 300 1172 consequutus
323 1125 383 1166 est,
411 1128 444 1160 in
466 1127 635 1173 Hungaria
656 1136 762 1161 autem
786 1136 936 1173 tempore
958 1124 1089 1159 concilii
1115 1122 1297 1158 Bafileenfis
1319 1127 1395 1160 circ.
1417 1139 1444 1159 a.
1463 1132 1552 1166 1428.
1577 1126 1674 1172 obiit,
1706 1126 1808 1162 latine

82 1178 177 1210 vertit
194 1179 243 1217 ')‚
277 1175 392 1225 idque,
421 1186 456 1211 vt
476 1180 519 1212 ait
541 1177 720 1214 Fabricius,
757 1174 798 1211 de
820 1176 973 1210 indussria
995 1175 1119 1209 inculto
1142 1172 1311 1216 sermone,
1341 1186 1374 1210 vt
1396 1189 1414 1210 a
1434 1176 1645 1223 sigismundo
1667 1180 1807 1224 impera-

83 1235 154 1261 tore
176 1227 313 1276 intelligi
335 1225 457 1275 posset,
488 1226 620 1271 testante
642 1228 790 1262 Barthol.
807 1228 925 1268 Facio,
961 1224 1142 1266 Genuenfi,
1168 1227 1224 1273 qui
1246 1239 1338 1268 eam,
1371 1236 1406 1261 vt
1423 1226 1607 1267 barbaram,
1630 1229 1805 1263 Germanis

81 1277 304 1316 incultioribus
336 1278 521 1326 relinquere
547 1276 580 1314 se
607 1277 777 1326 praedicat.
849 1277 1029 1320 Fabricius,
1068 1289 1167 1325 quem
1189 1276 1343 1312 Clement
1373 1277 1491 1325 aliique
1513 1280 1655 1314 omnino
1677 1276 1805 1327 sequuti

81 1326 173 1371 sunt,
196 1328 335 1372 dubitat,
359 1344 401 1365 au
426 1330 536 1366 lucem
559 1329 674 1366 viderit
692 1331 748 1365 illa
770 1329 812 1365 V
809 1332 927 1376 ergerii
948 1327 1136 1371 translatio,
1163 1328 1253 1374 (non
1277 1330 1405 1369 minus,
1429 1341 1530 1378 quam
1551 1328 1651 1365 altera
1673 1330 1806 1365 Nicolas·

0 1375 1 1425 i
62 1381 280 1428 ‘'Sagundini‚
308 1380 494 1418 Thaddaeo
513 1381 678 1430 Vgoleto‚
706 1380 890 1424 Parmensi,
917 1379 1133 1426 memorata)
1168 1382 1243 1427 quia
1272 1393 1335 1415 nee
1364 1379 1634 1416 bibliothecarum
1662 1380 1804 1418 editores

80 1443 367 1473 commemorant,
405 1446 513 1482 neque
539 1434 633 1469 illam
663 1431 696 1469 se
724 1446 861 1481 vsqunm
885 1434 1028 1481 reperire
1050 1427 1185 1479 potuiffe
1207 1430 1379 1471 testentur,
1418 1434 1471 1481 qui
1494 1434 1668 1468 Arrianum
1691 1433 1803 1481 postea

80 1482 226 1527 edidere,
251 1484 446 1524 Vulcanius,
471 1484 685 1527 Blancardus,
711 1486 910 1519 Gronouius.
967 1485 1147 1518 Enimuero
1169 1481 1281 1528 qust.
1298 1484 1409 1518 Zenur
1428 1486 1463 1518 in
1486 1481 1578 1520 Voss.
1599 1482 1756 1520 differtaz.
1775 1487 1801 1520 1.

78 1547 153 1583 pag.
169 1547 202 1581 53
217 1533 285 1586 sqq.
310 1537 434 1572 multus
456 1535 496 1572 de
520 1536 577 1571 illa
601 1536 766 1578 versione,
792 1535 907 1574 docet,
934 1547 1007 1570 eam
1025 1534 1064 1569 ab
1077 1536 1187 1569 Aenea
1201 1534 1304 1570 Siluio
1324 1533 1364 1569 de
1380 1533 1596 1570 Piccolomini
1618 1533 1713 1571 fuisse
1731 1537 1804 1584 regi

79 1585 249 1635 Alphonso
263 1587 542 1631 commendatam,
563 1588 684 1624 exstare
700 1588 809 1628 illam,
837 1586 985 1622 nondum
1007 1589 1092 1635 typis
1115 1583 1283 1626 excusam,
1311 1588 1344 1621 in
1360 1584 1434 1621 cod.
1454 1588 1632 1628 Vaticano,
1657 1600 1718 1623 nee
1740 1585 1802 1623 esse

78 1640 262 1674 incomtam
286 1650 381 1689 atque
402 1641 643 1688 inelegantem3
684 1642 774 1674 cuius
797 1638 905 1673 iudicii
930 1640 1097 1673 veritatem
1121 1638 1317 1687 comprobat
1337 1634 1539 1687 praefatione
1558 1638 1597 1673 ad
1620 1641 1803 1687 Sigismum

78 1688 178 1733 dum,
210 1693 465 1738 imperatorem,
493 1701 592 1740 quam
619 1690 775 1727 formulis
801 1691 1048 1738 typographicis
1080 1686 1322 1724 describendam
1349 1692 1483 1725 curauit.
1517 1709 1569 1717 -—·
1599 1688 1669 1739 lpse
1689 1692 1801 1726 Facius

78 1741 204 1777 Arriani
224 1741 392 1778 historiam
417 1746 451 1777 in
469 1740 659 1778 sermonem
683 1741 841 1778 transtulit
864 1742 1022 1783 latinum,
1058 1750 1088 1775 et
1110 1743 1142 1775 in
1166 1739 1367 1776 dedicatione
1392 1739 1432 1775 ad
1454 1738 1661 1789 Alphonsum
1687 1755 1801 1791 regem

71 1794 278 1842 ‚Arragoniae
297 1793 503 1844 de2Vergerii
519 1797 783 1843 interpretatione
802 1796 911 1829 minus
935 1792 1075 1841 benigne
1094 1789 1198 1827 senfit.
1251 1789 1423 1841 Inscriptio
1448 1804 1557 1828 autem
1579 1794 1659 1828 haee
1685 1792 1748 1828 est:

176 1861 345 1897 Arrianus
367 1863 403 1897 de
421 1863 515 1896 rebus
533 1861 631 1909 gestis·
645 1861 849 1900 Alexandri,
875 1861 987 1899 latine,
1013 1859 1260 1895 Bartholomaeo
1275 1860 1372 1894 Facio
1389 1861 1574 1905 interprete.
1627 1859 1799 1909 Impreffus

76 1910 119 1947 est
142 1924 241 1960 opera
261 1923 292 1947 et
306 1912 452 1962 impensa
469 1915 673 1958 Hieronym.
690 1911 729 1948 de
745 1914 901 1948 Soncino.
927 1908 1047 1946 Pisauri
1064 1917 1156 1956 1508.
1174 1908 1234 1946 fol.
1525 1916 1530 1918 “

178 1977 253 2013 Vid.
272 1980 445 2014 Maittaire
461 1983 498 2014 A.
513 1980 558 2012 Τ.
577 1982 615 2014 ΙΙ.
638 1991 710 2026 pag.
726 1986 795 2019 188.
821 1981 878 2025 qui
902 1980 998 2012 trium
1015 1980 1056 2012 V.
1074 1979 1116 2011 D.
1133 1976 1293 2023 epistolas,
1312 1975 1358 2011 illi
1378 1975 1513 2013 editioni
1528 1975 1679 2022 insertas,
1704 1988 1734 2013 et
1756 1977 1798 2025 ad

75 2028 281 2076 diligentiam
301 2040 396 2080 atque
411 2029 635 2065 dexteritatem
653 2032 735 2064 Facii
752 2027 948 2064 laudandam
968 2026 1119 2076 scriptas,
1146 2029 1179 2062 in
1194 2037 1274 2063 nota
1291 2030 1474 2064 maximam
1491 2039 1616 2076 partem
1632 2024 1796 2078 excerptae

10 2086 52 2102 ¹·
76 2082 228 2117 exhibuit.
297 2083 346 2116 Ex
370 2080 509 2130 Golphi,
541 2082 731 2128 Pergulani,
772 2081 885 2116 litteris
915 2079 1147 2126 intelligimus,
1185 2080 1268 2114 Facii
1292 2078 1474 2115 verfionem
1496 2079 1559 2116 effe
1581 2095 1599 2115 a
1622 2080 1796 2117 Ludouico

76 2131 206 2168 Odaxio
233 2132 461 2177 emendatam3
488 2132 632 2167 Curulus
655 2141 762 2166 narrat
786 2134 820 2165 in
842 2129 977 2177 epistola
1000 2129 1040 2165 ad
1062 2128 1246 2166 Arnaldum
1269 2130 1487 2176 Fenoledam,
1513 2134 1654 2180 equitem
1676 2130 1795 2179 Hispa-

75 2196 175 2232 num,
197 2183 229 2221 se
249 2197 312 2220 vna
334 2182 458 2232 saepius
478 2181 632 2227 adfuisse,
664 2197 765 2233 quum
787 2184 896 2218 Pacius
919 2181 1097 2219 Nicolaum
1122 2181 1350 2231 Sagondinum
1371 2192 1402 2218 et
1416 2182 1641 2271 Theodorlum
1656 2182 1794 2269 Thleffa-

1590 2247 1708 2269 onicen
1725 2248 1789 2277 em,

112 2341 146 2378 r)
172 2318 241 2371 Vid.
261 2338 388 2380 Voffium
409 2339 445 2368 de
469 2339 569 2368 histor.
591 2337 670 2368 latin.
692 2336 743 2367 lib.
758 2337 809 2367 ΙΙΙ.
841 2347 904 2378 pag.
959 2344 986 2367 et
1005 2334 1057 2368 inf.
1072 2343 1126 2368 aet.
1143 2338 1280 2367 tom.V1.
1298 2346 1361 2378 pag.
1382 2342 1435 2373 289
1453 2336 1492 2378 sq.
1521 2335 1652 2378 Fabric.
1661 2334 1738 2368 infra
1754 2336 1790 2367 d·

75 2391 128 2419 552
143 2383 182 2423 sq.
205 2382 268 2413 coll.
282 2382 363 2412 Zem·
385 2380 445 2411 diss.
463 2382 596 2410 Vossiane
622 2389 693 2409 tom.
711 2383 732 2411 1.
755 2392 782 2421 p.
800 2389 827 2415 5¹
845 2380 904 2420 sqq.
959 2381 1085 2419 Photio,
1107 2382 1139 2411 in
1151 2380 1211 2413 vol.
1228 2382 1277 2412 IX.
1303 2390 1368 2422 pag.
1385 2388 1458 2417 403.

75 2431 105 2455 et
124 2426 168 2457 Io.
184 2425 334 2469 Donzizzic.
351 2423 502 2465 Man-sium
522 2423 558 2454 ad
580 2424 706 2455 Fabricii
727 2425 757 2454 Β.
774 2425 805 2453 L.
828 2425 905 2453 med.
1017 2434 1019 2436 ·
