2013 2725
211 183 278 206 200
384 168 454 202 Lib.
468 165 535 202 IV.
554 162 701 200 c.XIII.
805 158 1070 195 PLVTARCHI
1104 159 1244 196 CODD.
1277 160 1375 196 MSS.

317 262 472 299 Patauii,
498 258 573 294 teste
595 258 757 306 Tomafino
775 258 809 291 in
826 255 901 290 bibl.
921 257 1061 290 Patauin.
1080 255 1188 290 MSSt.
1206 267 1281 303 pag.
1298 267 1344 302 19.
1363 256 1658 305 apophthegmata.
1685 272 1703 293 a
1725 260 1839 297 Franc.
1858 262 1930 298 Phi·
1991 246 1995 248 .

213 318 327 366 lelpho
344 311 443 349 versa.
479 330 528 339 --
561 311 654 344 Vitae
677 323 695 345 a
720 306 852 343 diuersis
874 310 906 341 in
927 305 1020 341 serm.
1037 306 1090 341 lat.
1107 306 1278 341 translatae
1298 320 1372 355 pag.
1389 319 1441 342 20.
1461 318 1493 342 et
1508 321 1579 357 pag.
1599 322 1644 344 22.
1662 322 1802 358 quatuor
1822 311 1931 360 opusc.

213 366 450 418 philosophica.
473 383 523 389 ——
550 362 669 396 Rornae
683 363 716 395 in
733 359 805 394 bibl.
821 360 954 393 Barher.
974 357 1014 393 de
1032 356 1150 393 musica
1173 369 1204 393 et
1224 360 1286 393 alia
1311 372 1387 406 opp.
1414 358 1640 409 philosophica
1656 361 1750 397 codd.
1768 365 1931 400 CXXXV.

213 419 395 457 CXXXVII
410 428 439 451 et
457 415 610 448 CCLXX.
638 411 720 458 (vid.
738 410 861 446 Introd.
878 424 924 446 m.
942 413 975 445 in
991 410 1059 445 hist.
1077 412 1112 445 L.
1129 412 1183 445 Gr.
1201 411 1224 444 1.
1246 423 1319 458 pag.
1337 412 1404 455 64.)
1438 431 1487 437 —
1525 415 1559 446 in
1582 412 1657 448 bibl.
1672 413 1826 460 Angelica
1848 418 1932 451 vitae

214 471 325 521 parall.
343 467 420 514 (yid.
437 465 510 499 ibid.
526 477 599 513 pag.
617 463 692 512 66.)
717 484 766 490 —
793 466 830 497 In
845 462 920 498 bibl.
938 463 1096 508 Magliclae.
1112 462 1295 497 Florentiae
1312 460 1498 497 adseruatur
1512 463 1564 500 lib.
1583 463 1675 501 Plut.v
1691 466 1844 512 quomodo
1861 468 1931 514 quis

210 524 302 570 pqffit
321 524 357 556 ab
373 519 502 554 inimicis
520 519 647 557 iuuari,
674 530 692 551 a
705 517 755 551 10.
775 514 883 563 Cotfio
904 528 922 549 e
936 527 1055 562 graeco
1077 516 1109 548 in
1131 513 1218 548 latin.
1235 511 1426 560 conuersus,
1450 526 1480 557 4.

320 614 361 649 V
359 613 466 648 enetils
481 613 513 645 in
529 610 604 646 bibl.
621 610 664 645 D.
680 610 805 651 Marci,
832 606 907 643 teste
926 606 1018 642 catal.
1041 605 1146 651 codd.⁴
1162 619 1268 655 grace.
1289 619 1364 657 pag.
1380 620 1433 651 123
1450 605 1494 656 sq.
1529 607 1601 644 cod.
1619 609 1827 646 CCXLVIII.
1851 607 1933 649 saec.

212 670 284 704 XV.
300 665 480 701 membran.
495 664 663 697 continens
679 674 780 711 opera
795 662 880 695 varia
891 687 900 702 ‚
923 661 1116 706 cumprimis
1133 660 1272 694 moralia
1285 688 1294 701 ‚
1320 659 1468 708 praefixo
1482 660 1633 708 catalogo
1649 660 1884 708 parallelorum
1899 671 1935 698 et·

212 731 352 768 operum
370 714 628 764 deperditorum.
655 733 704 740 —
731 725 803 761 pag.
822 723 884 755 125.
901 710 975 747 cod.
994 712 1165 747 CCXLlX.
1180 708 1257 747 saec,
1267 712 1321 746 XI.
1337 713 1370 746 in
1387 718 1416 752 8.
1435 712 1618 747 membran.
1642 731 1690 739 —
1718 711 1794 748 ibid.
1810 715 1844 748 in
1857 712 1932 749 cod.

213 773 310 806 CCL.
338 767 483 805 eiusdem
510 764 588 801 saec.
609 769 642 800 in
664 762 725 799 fol.
746 765 928 799 membran.
952 761 1023 797 sunt
1044 763 1217 812 complura
1241 761 1357 812 scripta
1384 764 1531 798 moralia.
1570 783 1621 790 —
1662 776 1738 812 pag.
1762 771 1827 806 128.
1857 764 1933 800 cod.

212 822 354 858 CCLIX.
370 818 446 855 saec.
464 819 551 852 XIV.
574 819 673 852 chart.
695 818 730 851 in
749 828 779 860 4.
803 814 967 851 Plutarchi
989 814 1172 862 platonicae
1192 814 1393 863 quaestiones
1417 817 1509 850 initio
1525 813 1671 850 mutilae.
1698 836 1749 842 --
1776 828 1849 864 pag.
1867 814 1933 860 ¹47·

212 873 287 910 cod.
309 871 501 908 CCCXXII.
529 868 568 903 de
591 868 722 904 musica.
760 887 812 894 —
852 873 1005 914 pag.183.
1029 864 1102 901 cod.
1119 867 1385 901 CCCLXXXIV.
1411 867 1548 902 membr.
1572 864 1652 902 saec.
1669 867 1740 901 XV.
1763 864 1824 903 fol.
1846 870 1933 904 vitae

213 923 406 976 parallelae..
434 931 465 956 et
492 919 565 956 cod.
582 920 832 955 CCCLXXXV.
855 916 934 953 sace.
953 920 1024 953 XV.
1050 920 1083 952 in
1101 930 1131 961 4.
1165 928 1263 965 atque
1286 917 1359 953 cod.
1376 919 1643 953 CCCLXXXVI.
1665 914 1745 953 saec.
1767 919 1825 953 XI.
1848 921 1933 954 vitae

212 978 329 1012 XXIV.
340 989 378 1008 ac
394 974 465 1008 XII.
491 993 544 999 —-
568 985 643 1019 pag.
660 977 734 1010 208.
749 968 822 1004 cod.
838 970 1092 1003 CCCCXXVII.
1119 971 1257 1003 chartac.
1280 971 1314 1003 in
1332 976 1362 1007 8.
1386 966 1466 1003 saec.
1484 970 1568 1002 XIV.
1593 982 1653 1003 nec
1667 982 1737 1003 non
1763 982 1840 1017 pag.
1857 971 1936 1013 274.·'

211 1028 286 1065 cod.
306 1027 394 1062 DXI.
410 1025 512 1059 chart.
531 1025 564 1057 in
577 1021 638 1057 fol.
655 1023 737 1056 min.
762 1018 841 1054 saec.
858 1020 924 1054 XII.
954 1018 1093 1054 moralia
1116 1018 1288 1067 quaedam.
1313 1039 1365 1046 -—
1390 1032 1465 1068 pag.
1481 1031 1548 1053 210.
1569 1018 1644 1054 cod.
1662 1021 1933 1056 CCCCXXVIII.

211 1083 311 1116 chart.
329 1080 362 1111 in
380 1088 410 1119 4.
430 1073 508 1109 saec.
524 1075 610 1109 XIV.
628 1071 667 1108 de
684 1069 910 1107 consolatione
926 1070 964 1105 ad
980 1070 1209 1118 Apollonium.
1239 1091 1288 1097 —
1314 1083 1386 1118 pag.
1402 1082 1473 1115 279.
1490 1069 1563 1105 cod.
1579 1071 1699 1106 DXXI.
1722 1073 1820 1107 chart.
1845 1075 1878 1107 in
1900 1083 1933 1116 4.

184 1146 186 1148 ·
211 1130 290 1168 saeC.
309 1131 395 1163 XIV.
419 1125 458 1162 de
482 1125 604 1175 placitis
629 1122 918 1173 philosophorum.
945 1143 995 1148 —
1021 1135 1096 1170 pag.
1114 1130 1183 1163 282.
1205 1121 1279 1157 cod.
1296 1123 1444 1156 DXXIII.
1469 1120 1547 1156 saee.
1565 1123 1634 1156 XV.
1659 1121 1699 1156 de
1712 1126 1842 1158 animae
1857 1136 1934 1171 pro-

212 1185 393 1222 efflatione7
419 1191 500 1227 quae
516 1179 548 1212 in
567 1179 712 1212 Timaeo
731 1175 871 1209 Platonis
890 1171 1087 1209 describitur.
1116 1193 1163 1199 —
1191 1186 1266 1222 pag.
1286 1182 1356 1216 287.
1372 1171 1446 1208 cod.
1465 1174 1613 1207 DXXXI.
1636 1174 1736 1209 chart.
1759 1177 1791 1209 in
1807 1186 1835 1217 4.
1853 1172 1941 1211 saecg

211 1237 282 1270 XV.
304 1236 369 1269 vita
385 1232 536 1266 Homeri.
568 1248 618 1254 —
646 1229 683 1261 In
700 1226 848 1261 biblioth.
866 1227 1182 1267 Domfflicauorum,
1209 1228 1306 1268 vitae,
1332 1238 1350 1260 a
1366 1225 1539 1261 Demetrio
1554 1226 1756 1273 incipientes,
1781 1235 1933 1263 narrante

211 1283 396 1324 Montfauc.
421 1285 453 1316 in
477 1280 579 1316 diario
596 1278 660 1313 ital.
680 1291 752 1326 pag.
768 1290 819 1323 47.

315 1355 352 1387 In
367 1348 514 1384 biblioth.
530 1345 644 1392 synod.
659 1345 846 1393 lIIosquensl
859 1342 932 1380 sunt
948 1346 1072 1395 aliquot
1087 1345 1183 1382 codd.

315 1421 352 1452 In
368 1416 514 1451 biblioth.
533 1415 571 1449 V
571 1414 767 1461 indoliouenst
773 1443 782 1458 ‚
810 1412 886 1448 teste
902 1414 1083 1454 Lamhesio,
1109 1413 1181 1449 cod.
1199 1414 1468 1448 CCLXXXXVI.
1490 1427 1540 1449 nr.
1557 1425 1587 1456 4.
1607 1423 1688 1449 tom.
1705 1414 1747 1448 V.
1769 1425 1851 1461 pag.
1863 1410 1936 1458 543.

211 1469 294 1520 apud
311 1468 425 1516 Neffil.
442 1466 534 1501 catal.
551 1467 575 1500 I.
593 1478 667 1514 pag.
684 1476 753 1509 392.
771 1463 844 1499 cod.
864 1466 1111 1500 CCLXXXVII.
1129 1479 1177 1500 nr.
1194 1467 1239 1509 4.)
1267 1463 1385 1513 fragm.
1410 1465 1569 1514 quaedam
1594 1464 1633 1500 de
1660 1475 1768 1500 metro
1786 1466 1933 1506 heroico,

210 1524 342 1571 aliisque
359 1517 524 1555 nonnullis
541 1520 651 1552 metris
669 1519 813 1563 poeticis.
840 1535 888 1542 --
914 1527 994 1553 tom.
1010 1518 1064 1551 VI.
1084 1529 1157 1564 pag.
1174 1519 1248 1551 266.
1266 1517 1338 1551 cod.
1356 1519 1456 1552 XXV.
1471 1531 1520 1552 nr.
1537 1529 1566 1552 2.
1594 1511 1783 1563 (Neffi'lJII.
1797 1528 1872 1564 pag.
1882 1526 1935 1559 37.

211 1573 286 1609 cod.
308 1572 440 1606 XXVII.
461 1571 501 1614 3.)
518 1568 715 1609 Aristotelis,
744 1568 915 1602 Plutarchi
940 1567 1147 1616 aliorumque
1169 1565 1362 1614 scriptorum
1383 1581 1489 1616 graec.
1516 1569 1722 1603 ethnicorum
1745 1567 1936 1616 praedictio-

211 1639 267 1662 nes
290 1634 320 1661 et
345 1622 531 1659 testimonia
552 1619 592 1655 de
616 1618 747 1654 Christo
770 1628 801 1653 et
825 1618 997 1655 christiana
1019 1620 1197 1667 religione·⁷
1225 1618 1275 1654 sed
1297 1619 1368 1654 vide
1385 1630 1497 1655 notam
1515 1618 1660 1655 Kollarii.
1687 1639 1730 1645 ——
1761 1628 1843 1654 tom.
1862 1619 1934 1653 VII.

211 1690 284 1727 pag.
302 1686 354 1721 255
372 1673 439 1724 sqq.
468 1671 540 1708 cod.
563 1672 690 1706 LXXII.
734 1667 869 1716 (Nessel.
887 1671 942 1705 IV.
972 1683 1044 1719 pag.
1064 1679 1112 1713 83.
1147 1669 1219 1706 cod.
1236 1672 1433 1717 CXLVIII.)
1464 1669 1750 1718 sytnpofiacorum
1776 1669 1855 1704 libri
1877 1670 1935 1706 IX.
1970 1704 1973 1705 ⁷
2004 1674 2005 1678 ’

211 1741 312 1780 quem
327 1726 399 1762 cod.
416 1721 671 1773 antiquissimum
688 1735 763 1757 curn
781 1720 867 1757 editt.
886 1719 1036 1757 conferre
1053 1724 1139 1757 iubet
1156 1722 1357 1758 Lambecius.
1384 1743 1436 1750 -—
1462 1722 1534 1761 cod,
1553 1724 1698 1757 LXXIII.
1725 1721 1859 1769 (Neffel.
1877 1723 1935 1757 IV.

212 1794 284 1829 pag.
302 1782 353 1822 76.
377 1776 449 1812 cod.
470 1776 637 1820 CXXIX.)
661 1777 759 1821 antiq.
781 1773 919 1808 membr.
946 1775 1031 1809 XXI.
1054 1772 1165 1821 opusc.
1189 1774 1339 1808 moralia.
1373 1795 1426 1801 —
1459 1773 1532 1809 cod.
1549 1776 1691 1809 LXXIV.
1717 1776 1780 1808 anti
1808 1773 1935 1808 ,bonae

210 1841 318 1867 notae.
345 1828 471 1875 (Neffel.
496 1829 551 1862 IV.
575 1838 648 1874 pag.
664 1837 697 1870 31
717 1822 760 1873 sq.
784 1823 857 1859 cod.
881 1825 1012 1870 XLVI.)
1036 1826 1134 1860 XLV.
1151 1823 1261 1872 opusc.
1284 1828 1430 1860 maxime
1455 1822 1704 1873 philosophica,
1739 1834 1771 1858 et
1784 1787 1933 1858 cIavnbec.

211 1881 374 1921 obseruat,
401 1883 434 1914 in
451 1888 529 1913 nota
544 1891 568 1912 1.
585 1890 658 1925 pag.
676 1878 746 1911 261.
767 1874 866 1910 libell.
885 1872 1028 1925 πέτερον
1051 1873 1102 1914 τοὶ
1125 1873 1286 1925 Ῥωμαίων
1309 1874 1520 1926 πράγματα
1540 1873 1634 1922 τύχῃ
1657 1872 1676 1919 ἢ
1700 1873 1809 1925 oles-57⁵7*
1831 1873 1935 1923 vulgo

211 1933 336 1971 inscribi
353 1931 429 1981 ’περὶ
445 1931 509 1968 τῶν
523 1925 686 1976 Ῥωμαίων
702 1925 821 1972 τύχης.
848 1929 882 1960 in
897 1937 966 1962 not.
984 1940 1011 1962 2.
1028 1927 1104 1976 ote-4⁷2
1118 1929 1182 1969 τέ,
1209 1929 1282 1965 πῶς
1306 1924 1376 1977 χρὴ
1396 1925 1452 1965 τὸν
1476 1923 1668 1976 φιλὲσοφον
1688 1922 1935 1973 πολιτεύεσθαι]

211 1990 256 2033 (et
275 1983 361 2033 apud
377 1981 497 2018 Kollar.
514 1983 547 2014 in
565 1978 724 2028 supplem.
741 1991 814 2026 pag.
834 1981 904 2023 564.
921 1978 997 2029 περὶ
1013 1979 1060 2017 Tg
1073 1992 1111 2016 π.
1128 1994 1169 2025 χ.
1186 1994 1217 2015 τ.
1232 1987 1310 2026 φιλ,
1327 1975 1597 2028 πομπεύεσθαω
1624 1979 1727 2026 vulgo
1744 1977 1934 2026 simplicitet

211 2036 340 2073 inscribi
359 2030 526 2073 πολιτικοὶ
543 2032 868 2081 παραγγέλματα·
890 2040 921 2065 et
938 2040 1008 2066 not.
1021 2042 1049 2073 4.
1064 2029 1314 2081 ’προβλήματα
1329 2030 1501 2080 Ῥωμαϊκὰ)
1518 2041 1548 2066 et
1564 2029 1746 2074 Ἑλληνικαὶ
1763 2042 1934 2078 perperam
1974 2037 1983 2045 ‘

212 2092 245 2124 in
269 2088 342 2123 edit.
369 2099 417 2135 gr.
439 2085 492 2120 lat.
516 2087 666 2132 Operum
689 2082 774 2117 Plut.
806 2079 958 2116 Francos.
980 2079 1126 2124 inscribi,
1154 2084 1359 2130 κεφαλαίων
1385 2079 1630 2132 καταγραφὴ,
1657 2081 1867 2128 capitulorum
1885 2081 1936 2116 de-

201 2142 353 2188 firiptiO,
381 2140 412 2173 h.
431 2149 456 2171 e.
481 2135 708 2184 quaestionum
731 2130 850 2169 solutio
878 2131 944 2168 slue
965 2132 1227 2181 problematum:
1252 2147 1354 2182 quum
1379 2148 1418 2169 ex
1441 2135 1507 2169 hoc
1524 2133 1638 2168 codice
1652 2129 1822 2168 manifeste
1837 2131 1935 2182 adpa-

211 2202 294 2233 reat,
321 2202 378 2239 per
392 2188 599 2236 κεφαλαίων
614 2181 857 2234 καταγραφὴν
871 2183 955 2219 nihil
970 2183 1058 2220 aliud
1080 2184 1272 2233 significari,
1299 2199 1337 2220 ae
1357 2185 1499 2221 indicem
1520 2188 1669 2234 capitum
1689 2182 1756 2219 fiue
1777 2183 1936 2232 quaestio-

211 2257 315 2284 num,
342 2244 396 2290 qui
410 2239 468 2289 ipsi
490 2238 732 2287 problematum
756 2236 840 2271 libro
864 2233 1034 2282 separatim
1057 2236 1217 2284 praefixus
1243 2236 1306 2272 est:
1333 2239 1377 2271 vti
1400 2248 1531 2286 quoque
1554 2238 1586 2272 in
1611 2236 1684 2271 cod.
1710 2235 1795 2284 apud
1811 2235 1934 2272 Kollar.

211 2295 232 2330 l.
256 2309 282 2330 c.
310 2305 383 2342 pag.
406 2296 476 2336 563.
505 2303 552 2325 nr.
567 2291 620 2324 111.
662 2287 740 2333 [vid.
760 2287 971 2332 lVerns-dorf.
994 2289 1187 2324 Comment.
1208 2290 1232 2322 Ι.
1261 2287 1301 2323 ad
1326 2287 1410 2324 Plut.
1432 2287 1561 2336 Qaest.
1589 2289 1645 2322 Gr.
1668 2299 1744 2336 pag.
1761 2284 1856 2335 7sq-]
1881 2307 1933 2314 —-

213 2357 285 2395 pag.
305 2348 372 2385 263.
409 2342 482 2380 cod.
500 2342 626 2378 LXXV.
664 2336 798 2384 (Neffel-
823 2338 879 2372 IV·
912 2351 986 2386 pag.
1012 2340 1074 2384 25.)
1115 2342 1199 2375 vitae
1229 2339 1349 2376 Galbae
1382 2349 1414 2375 et
1445 2340 1587 2374 Othonis
1622 2352 1698 2375 cum
1724 2337 1794 2374 aliis
1822 2334 1932 2386 opusc.

213 2398 298 2434 XIX.
328 2391 572 2443 philosophici&
614 2410 663 2418 -
707 2400 789 2426 tom.
809 2390 881 2423 VII.
909 2402 982 2437 pag.
998 2393 1075 2433 464.
1105 2390 1180 2427 cod.
1208 2392 1321 2426 CXIX.
1349 2404 1400 2427 nr.
1417 2402 1446 2426 2.
1469 2389 1510 2425 de
1531 2388 1672 2431 mufica,
1714 2389 1764 2423 vbi
1791 2388 1854 2423 vid.
1874 2402 1934 2425 no-

212 2460 279 2485 tam
300 2444 457 2491 Kollarii5
483 2456 523 2480 ex
539 2443 700 2478 Meibomii
724 2438 856 2492 praefat.
872 2442 1023 2490 antiquae
1043 2440 1184 2489 musicae
1203 2443 1388 2490 audior-ibus
1407 2438 1590 2492 praemissa.
1623 2461 1674 2472 —
1707 2441 1876 2528 Ksollnrius
1899 2443 1934 2477 in

1747 2490 1889 2541 upplem.
1907 2494 1932 2526 1.
