<?xml version="1.0" encoding="UTF-8"?>
<!DOCTYPE html PUBLIC "-//W3C//DTD XHTML 1.0 Transitional//EN"
    "http://www.w3.org/TR/xhtml1/DTD/xhtml1-transitional.dtd">
<html xmlns="http://www.w3.org/1999/xhtml" xml:lang="en" lang="en">
 <head>
  <title>
</title>
<meta http-equiv="Content-Type" content="text/html;charset=utf-8" />
  <meta name='ocr-system' content='tesseract 3.04.00' />
  <meta name='ocr-capabilities' content='ocr_page ocr_carea ocr_par ocr_line ocrx_word'/>
</head>
<body>
  <div class='ocr_page' id='page_1' title='image "./bibliothecagraec05fabruoft_1282.png"; bbox 0 0 2013 2725; ppageno 0'>
   <div class='ocr_carea' id='block_1_1' title="bbox 149 83 1869 134">
    <p class='ocr_par' dir='ltr' id='par_1_1' title="bbox 149 83 1869 134">
     <span class='ocr_line' id='line_1_1' title="bbox 149 83 1869 134; baseline -0.008 -7"><span class='ocrx_word' id='word_1_1' title='bbox 149 94 215 134; x_wconf 77' lang='lat'>&#39;⁴4²</span> <span class='ocrx_word' id='word_1_2' title='bbox 265 89 334 126; x_wconf 79' lang='lat' dir='ltr'>Lib.</span> <span class='ocrx_word' id='word_1_3' title='bbox 353 88 400 127; x_wconf 88' lang='lat' dir='ltr'>V.</span> <span class='ocrx_word' id='word_1_4' title='bbox 424 99 447 123; x_wconf 80' lang='lat' dir='ltr'>c.</span> <span class='ocrx_word' id='word_1_5' title='bbox 463 86 543 123; x_wconf 83' lang='lat' dir='ltr'>XL.</span> <span class='ocrx_word' id='word_1_6' title='bbox 752 83 892 122; x_wconf 82' lang='lat' dir='ltr'>INDEX</span> <span class='ocrx_word' id='word_1_7' title='bbox 927 83 1229 123; x_wconf 79' lang='lat' dir='ltr'>SCRIPTORVM</span> <span class='ocrx_word' id='word_1_8' title='bbox 1540 87 1609 134; x_wconf 60' lang='lat' dir='ltr'>Q</span> <span class='ocrx_word' id='word_1_9' title='bbox 1619 88 1668 115; x_wconf 75' lang='lat' dir='ltr'>xx.</span> <span class='ocrx_word' id='word_1_10' title='bbox 1683 96 1710 121; x_wconf 75' lang='lat' dir='ltr'>p.</span> <span class='ocrx_word' id='word_1_11' title='bbox 1726 88 1869 123; x_wconf 64' lang='lat' dir='ltr'>⁶7grsgo</span> 
     </span>
    </p>
   </div>
   <div class='ocr_carea' id='block_1_2' title="bbox 162 176 1887 1715">
    <p class='ocr_par' dir='ltr' id='par_1_2' title="bbox 257 176 1874 334">
     <span class='ocr_line' id='line_1_2' title="bbox 257 176 1872 231; baseline -0.002 -10"><span class='ocrx_word' id='word_1_12' title='bbox 257 183 358 220; x_wconf 64' lang='lat' dir='ltr'>epol.</span> <span class='ocrx_word' id='word_1_13' title='bbox 382 192 413 218; x_wconf 88' lang='lat' dir='ltr'>et</span> <span class='ocrx_word' id='word_1_14' title='bbox 431 180 549 216; x_wconf 78' lang='lat' dir='ltr'>Iuliani</span> <span class='ocrx_word' id='word_1_15' title='bbox 576 181 659 228; x_wconf 82' lang='lat' dir='ltr'>Aug.</span> <span class='ocrx_word' id='word_1_16' title='bbox 682 192 700 214; x_wconf 89' lang='lat' dir='ltr'>a</span> <span class='ocrx_word' id='word_1_17' title='bbox 715 191 771 215; x_wconf 89' lang='lat' dir='ltr'>me</span> <span class='ocrx_word' id='word_1_18' title='bbox 793 179 930 222; x_wconf 78' lang='lat' dir='ltr'>editam,</span> <span class='ocrx_word' id='word_1_19' title='bbox 957 179 1120 230; x_wconf 81' lang='lat' dir='ltr'>Erlangae</span> <span class='ocrx_word' id='word_1_20' title='bbox 1145 186 1231 224; x_wconf 82' lang='lat'>1785.</span> <span class='ocrx_word' id='word_1_21' title='bbox 1254 186 1285 220; x_wconf 82' lang='lat'>8.</span> <span class='ocrx_word' id='word_1_22' title='bbox 1303 176 1381 228; x_wconf 62' lang='lat' dir='ltr'>pag}</span> <span class='ocrx_word' id='word_1_23' title='bbox 1401 181 1455 215; x_wconf 90' lang='lat'>60.</span> <span class='ocrx_word' id='word_1_24' title='bbox 1471 176 1540 229; x_wconf 89' lang='lat' dir='ltr'>sqq.</span> <span class='ocrx_word' id='word_1_25' title='bbox 1567 194 1736 231; x_wconf 84' lang='lat' dir='ltr'>nuperque</span> <span class='ocrx_word' id='word_1_26' title='bbox 1757 183 1797 218; x_wconf 90' lang='lat' dir='ltr'>de</span> <span class='ocrx_word' id='word_1_27' title='bbox 1812 185 1872 218; x_wconf 76' lang='lat' dir='ltr'>hac</span> 
     </span>
     <span class='ocr_line' id='line_1_3' title="bbox 260 229 1874 282; baseline -0.001 -11"><span class='ocrx_word' id='word_1_28' title='bbox 260 249 296 271; x_wconf 84' lang='lat' dir='ltr'>re</span> <span class='ocrx_word' id='word_1_29' title='bbox 319 232 514 282; x_wconf 79' lang='lat' dir='ltr'>disputatum</span> <span class='ocrx_word' id='word_1_30' title='bbox 535 229 579 266; x_wconf 83' lang='lat' dir='ltr'>est</span> <span class='ocrx_word' id='word_1_31' title='bbox 604 245 622 265; x_wconf 89' lang='lat' dir='ltr'>a</span> <span class='ocrx_word' id='word_1_32' title='bbox 647 231 787 266; x_wconf 79' lang='lat' dir='ltr'>Bredow</span> <span class='ocrx_word' id='word_1_33' title='bbox 809 234 843 267; x_wconf 82' lang='lat' dir='ltr'>in</span> <span class='ocrx_word' id='word_1_34' title='bbox 864 233 1038 279; x_wconf 79' lang='lat' dir='ltr'>Hemiingii</span> <span class='ocrx_word' id='word_1_35' title='bbox 1069 232 1143 268; x_wconf 87' lang='lat' dir='ltr'>libr.</span> <span class='ocrx_word' id='word_1_36' title='bbox 1169 230 1354 266; x_wconf 76' lang='lat' dir='ltr'>menstruo:</span> <span class='ocrx_word' id='word_1_37' title='bbox 1392 233 1516 268; x_wconf 83' lang='lat' dir='ltr'>Genius</span> <span class='ocrx_word' id='word_1_38' title='bbox 1539 230 1595 267; x_wconf 87' lang='lat' dir='ltr'>der</span> <span class='ocrx_word' id='word_1_39' title='bbox 1616 235 1696 270; x_wconf 84' lang='lat' dir='ltr'>Zeit.</span> <span class='ocrx_word' id='word_1_40' title='bbox 1728 236 1779 271; x_wconf 87' lang='grc' dir='ltr'>Μ.</span> <span class='ocrx_word' id='word_1_41' title='bbox 1802 235 1874 270; x_wconf 90' lang='lat' dir='ltr'>Iun.</span> 
     </span>
     <span class='ocr_line' id='line_1_4' title="bbox 258 281 1384 334; baseline -0.003 -14"><span class='ocrx_word' id='word_1_42' title='bbox 258 299 348 332; x_wconf 81' lang='lat'><strong>1797.</strong></span> <span class='ocrx_word' id='word_1_43' title='bbox 369 297 442 334; x_wconf 86' lang='lat' dir='ltr'>pag.</span> <span class='ocrx_word' id='word_1_44' title='bbox 459 286 526 318; x_wconf 86' lang='lat'>162.</span> <span class='ocrx_word' id='word_1_45' title='bbox 549 281 615 331; x_wconf 89' lang='lat' dir='ltr'>sqq.</span> <span class='ocrx_word' id='word_1_46' title='bbox 651 281 690 318; x_wconf 87' lang='lat' dir='ltr'>de</span> <span class='ocrx_word' id='word_1_47' title='bbox 710 282 935 332; x_wconf 87' lang='lat' dir='ltr'>Telegraphia</span> <span class='ocrx_word' id='word_1_48' title='bbox 959 286 1113 319; x_wconf 86' lang='lat' dir='ltr'>Graecor.</span> <span class='ocrx_word' id='word_1_49' title='bbox 1134 292 1168 318; x_wconf 85' lang='lat' dir='ltr'>et</span> <span class='ocrx_word' id='word_1_50' title='bbox 1185 282 1384 326; x_wconf 66' lang='lat' dir='ltr'>Romanor]</span> 
     </span>
    </p>

    <p class='ocr_par' dir='ltr' id='par_1_3' title="bbox 162 331 1877 486">
     <span class='ocr_line' id='line_1_5' title="bbox 162 331 1873 387; baseline -0.002 -14"><span class='ocrx_word' id='word_1_51' title='bbox 162 335 269 380; x_wconf 69' lang='grc' dir='ltr'>Κωγόν</span> <span class='ocrx_word' id='word_1_52' title='bbox 291 336 534 387; x_wconf 73' lang='grc' dir='ltr'><strong><em>γραμματέἱον</em></strong></span> <span class='ocrx_word' id='word_1_53' title='bbox 556 350 613 381; x_wconf 60' lang='lat' dir='ltr'>neq</span> <span class='ocrx_word' id='word_1_54' title='bbox 636 331 871 385; x_wconf 73' lang='grc' dir='ltr'>ληξιαρχικὸν.</span> <span class='ocrx_word' id='word_1_55' title='bbox 920 335 1054 370; x_wconf 27' lang='lat' dir='ltr'>Tabula*</span> <span class='ocrx_word' id='word_1_56' title='bbox 1072 336 1258 370; x_wconf 85' lang='lat' dir='ltr'>communis</span> <span class='ocrx_word' id='word_1_57' title='bbox 1283 333 1445 369; x_wconf 73' lang='lat' dir='ltr'>dicebatur</span> <span class='ocrx_word' id='word_1_58' title='bbox 1460 346 1515 377; x_wconf 74' lang='lat' dir='ltr'>ea,</span> <span class='ocrx_word' id='word_1_59' title='bbox 1536 337 1570 370; x_wconf 84' lang='lat' dir='ltr'>in</span> <span class='ocrx_word' id='word_1_60' title='bbox 1584 348 1647 384; x_wconf 90' lang='lat' dir='ltr'>qua</span> <span class='ocrx_word' id='word_1_61' title='bbox 1660 333 1873 371; x_wconf 75' lang='lat' dir='ltr'>scribebantur</span> 
     </span>
     <span class='ocr_line' id='line_1_6' title="bbox 260 384 1877 434; baseline 0 -10"><span class='ocrx_word' id='word_1_62' title='bbox 260 392 397 425; x_wconf 79' lang='lat' dir='ltr'>nomina</span> <span class='ocrx_word' id='word_1_63' title='bbox 414 386 569 427; x_wconf 75' lang='lat' dir='ltr'>illorum,</span> <span class='ocrx_word' id='word_1_64' title='bbox 595 388 651 434; x_wconf 84' lang='lat' dir='ltr'>qui</span> <span class='ocrx_word' id='word_1_65' title='bbox 673 388 706 420; x_wconf 89' lang='lat' dir='ltr'>in</span> <span class='ocrx_word' id='word_1_66' title='bbox 727 387 899 422; x_wconf 87' lang='lat' dir='ltr'>curialium</span> <span class='ocrx_word' id='word_1_67' title='bbox 923 395 954 421; x_wconf 82' lang='lat' dir='ltr'>et</span> <span class='ocrx_word' id='word_1_68' title='bbox 971 384 1173 421; x_wconf 71' lang='lat' dir='ltr'>familiarum</span> <span class='ocrx_word' id='word_1_69' title='bbox 1195 385 1358 421; x_wconf 82' lang='lat' dir='ltr'>nobilium</span> <span class='ocrx_word' id='word_1_70' title='bbox 1377 385 1432 432; x_wconf 66' lang='lat' dir='ltr'>Ur}</span> <span class='ocrx_word' id='word_1_71' title='bbox 1456 399 1631 422; x_wconf 86' lang='lat' dir='ltr'>numerum</span> <span class='ocrx_word' id='word_1_72' title='bbox 1646 385 1877 424; x_wconf 85' lang='lat' dir='ltr'>reserebantur.</span> 
     </span>
     <span class='ocr_line' id='line_1_7' title="bbox 265 434 1638 486; baseline 0 -12"><span class='ocrx_word' id='word_1_73' title='bbox 265 440 474 474; x_wconf 83' lang='lat' dir='ltr'>Lexiarchica</span> <span class='ocrx_word' id='word_1_74' title='bbox 497 449 594 479; x_wconf 81' lang='lat' dir='ltr'>vero,</span> <span class='ocrx_word' id='word_1_75' title='bbox 622 440 673 472; x_wconf 90' lang='lat' dir='ltr'>cui</span> <span class='ocrx_word' id='word_1_76' title='bbox 694 434 945 473; x_wconf 75' lang='lat' dir='ltr'>inscribebantur</span> <span class='ocrx_word' id='word_1_77' title='bbox 967 437 1034 479; x_wconf 74' lang='lat' dir='ltr'>illi,</span> <span class='ocrx_word' id='word_1_78' title='bbox 1063 440 1118 486; x_wconf 91' lang='lat' dir='ltr'>qui</span> <span class='ocrx_word' id='word_1_79' title='bbox 1139 441 1222 472; x_wconf 85' lang='lat' dir='ltr'>inter</span> <span class='ocrx_word' id='word_1_80' title='bbox 1244 437 1385 485; x_wconf 83' lang='lat' dir='ltr'>plebeios</span> <span class='ocrx_word' id='word_1_81' title='bbox 1408 435 1638 474; x_wconf 78' lang='lat' dir='ltr'>referebantur.</span> 
     </span>
    </p>

    <p class='ocr_par' dir='ltr' id='par_1_4' title="bbox 164 486 1878 577">
     <span class='ocr_line' id='line_1_8' title="bbox 164 486 1878 538; baseline -0.003 -11"><span class='ocrx_word' id='word_1_82' title='bbox 164 490 347 533; x_wconf 82' lang='lat' dir='ltr'>Colnthus‚</span> <span class='ocrx_word' id='word_1_83' title='bbox 373 488 590 536; x_wconf 84' lang='lat' dir='ltr'>Lycopolita‚</span> <span class='ocrx_word' id='word_1_84' title='bbox 623 489 822 531; x_wconf 76' lang='lat' dir='ltr'>Thebanus,</span> <span class='ocrx_word' id='word_1_85' title='bbox 844 499 941 537; x_wconf 86' lang='lat' dir='ltr'>poeta</span> <span class='ocrx_word' id='word_1_86' title='bbox 963 492 1083 537; x_wconf 83' lang='lat' dir='ltr'>epicus,</span> <span class='ocrx_word' id='word_1_87' title='bbox 1104 491 1302 536; x_wconf 81' lang='lat' dir='ltr'>temporibus</span> <span class='ocrx_word' id='word_1_88' title='bbox 1319 486 1473 523; x_wconf 80' lang='lat' dir='ltr'>Anastasii</span> <span class='ocrx_word' id='word_1_89' title='bbox 1495 491 1575 538; x_wconf 87' lang='lat' dir='ltr'>imp.</span> <span class='ocrx_word' id='word_1_90' title='bbox 1605 488 1735 538; x_wconf 82' lang='lat' dir='ltr'>Scripsit</span> <span class='ocrx_word' id='word_1_91' title='bbox 1756 487 1878 533; x_wconf 87' lang='lat' dir='ltr'>Chaly-</span> 
     </span>
     <span class='ocr_line' id='line_1_9' title="bbox 266 537 1280 577; baseline -0.003 0"><span class='ocrx_word' id='word_1_92' title='bbox 266 541 383 577; x_wconf 86' lang='lat' dir='ltr'>donica</span> <span class='ocrx_word' id='word_1_93' title='bbox 406 540 493 575; x_wconf 82' lang='lat' dir='ltr'>libris</span> <span class='ocrx_word' id='word_1_94' title='bbox 509 542 566 576; x_wconf 88' lang='lat' dir='ltr'>V1.</span> <span class='ocrx_word' id='word_1_95' title='bbox 595 541 756 575; x_wconf 86' lang='lat' dir='ltr'>Encomia</span> <span class='ocrx_word' id='word_1_96' title='bbox 777 540 913 576; x_wconf 83' lang='lat' dir='ltr'>verfibus</span> <span class='ocrx_word' id='word_1_97' title='bbox 938 541 1076 575; x_wconf 82' lang='lat' dir='ltr'>heroicis</span> <span class='ocrx_word' id='word_1_98' title='bbox 1099 550 1129 575; x_wconf 89' lang='lat' dir='ltr'>et</span> <span class='ocrx_word' id='word_1_99' title='bbox 1148 537 1280 576; x_wconf 83' lang='lat' dir='ltr'>Perfica.</span> 
     </span>
    </p>

    <p class='ocr_par' dir='ltr' id='par_1_5' title="bbox 165 588 1878 692">
     <span class='ocr_line' id='line_1_10' title="bbox 165 588 1878 640; baseline -0.002 -11"><span class='ocrx_word' id='word_1_100' title='bbox 165 595 296 634; x_wconf 70' lang='lat' dir='ltr'>Corax,</span> <span class='ocrx_word' id='word_1_101' title='bbox 322 589 555 637; x_wconf 82' lang='lat' dir='ltr'>Syracusanus,</span> <span class='ocrx_word' id='word_1_102' title='bbox 581 592 758 627; x_wconf 68' lang='lat' dir='ltr'>rhetorices</span> <span class='ocrx_word' id='word_1_103' title='bbox 773 595 946 627; x_wconf 84' lang='lat' dir='ltr'>inuentor:</span> <span class='ocrx_word' id='word_1_104' title='bbox 972 594 1004 626; x_wconf 88' lang='lat' dir='ltr'>in</span> <span class='ocrx_word' id='word_1_105' title='bbox 1020 593 1108 626; x_wconf 88' lang='lat' dir='ltr'>hunc</span> <span class='ocrx_word' id='word_1_106' title='bbox 1123 594 1234 627; x_wconf 87' lang='lat' dir='ltr'>eteius</span> <span class='ocrx_word' id='word_1_107' title='bbox 1249 589 1457 640; x_wconf 83' lang='lat' dir='ltr'>discipulum,</span> <span class='ocrx_word' id='word_1_108' title='bbox 1482 590 1629 632; x_wconf 85' lang='lat' dir='ltr'>Tifiam,</span> <span class='ocrx_word' id='word_1_109' title='bbox 1653 589 1778 626; x_wconf 72' lang='lat' dir='ltr'>ditstum</span> <span class='ocrx_word' id='word_1_110' title='bbox 1792 588 1878 626; x_wconf 83' lang='lat' dir='ltr'>fuit:</span> 
     </span>
     <span class='ocr_line' id='line_1_11' title="bbox 270 641 1407 692; baseline -0.002 -13"><span class='ocrx_word' id='word_1_111' title='bbox 270 644 346 679; x_wconf 70' lang='lat' dir='ltr'>nauli</span> <span class='ocrx_word' id='word_1_112' title='bbox 365 646 454 678; x_wconf 79' lang='lat' dir='ltr'>corui</span> <span class='ocrx_word' id='word_1_113' title='bbox 462 669 472 684; x_wconf 72' lang='grc'>,</span> <span class='ocrx_word' id='word_1_114' title='bbox 497 643 613 678; x_wconf 69' lang='lat' dir='ltr'>malum</span> <span class='ocrx_word' id='word_1_115' title='bbox 639 655 741 678; x_wconf 74' lang='lat' dir='ltr'>ouum.</span> <span class='ocrx_word' id='word_1_116' title='bbox 793 641 921 679; x_wconf 84' lang='lat' dir='ltr'>Confer</span> <span class='ocrx_word' id='word_1_117' title='bbox 936 642 1069 678; x_wconf 86' lang='lat' dir='ltr'>Suidam</span> <span class='ocrx_word' id='word_1_118' title='bbox 1085 646 1118 678; x_wconf 85' lang='lat' dir='ltr'>in</span> <span class='ocrx_word' id='word_1_119' title='bbox 1134 643 1233 682; x_wconf 76' lang='grc' dir='ltr'>Κοικέ</span> <span class='ocrx_word' id='word_1_120' title='bbox 1255 642 1407 692; x_wconf 71' lang='grc' dir='ltr'><strong><em>κόρακος.</em></strong></span> 
     </span>
    </p>

    <p class='ocr_par' dir='ltr' id='par_1_6' title="bbox 166 691 1882 744">
     <span class='ocr_line' id='line_1_12' title="bbox 166 691 1882 744; baseline 0 -15"><span class='ocrx_word' id='word_1_121' title='bbox 166 696 334 737; x_wconf 78' lang='lat' dir='ltr'>Corinna,</span> <span class='ocrx_word' id='word_1_122' title='bbox 361 692 527 743; x_wconf 67' lang='lat' dir='ltr'>Thespia,</span> <span class='ocrx_word' id='word_1_123' title='bbox 563 694 686 737; x_wconf 82' lang='lat' dir='ltr'>lyrica,</span> <span class='ocrx_word' id='word_1_124' title='bbox 722 708 821 744; x_wconf 82' lang='lat' dir='ltr'>quam</span> <span class='ocrx_word' id='word_1_125' title='bbox 846 695 898 729; x_wconf 84' lang='lat' dir='ltr'>alii</span> <span class='ocrx_word' id='word_1_126' title='bbox 923 696 1132 729; x_wconf 78' lang='lat' dir='ltr'>Corinthiam</span> <span class='ocrx_word' id='word_1_127' title='bbox 1154 692 1248 729; x_wconf 78' lang='lat' dir='ltr'>fuisse</span> <span class='ocrx_word' id='word_1_128' title='bbox 1270 693 1439 734; x_wconf 84' lang='lat' dir='ltr'>dixerunt,</span> <span class='ocrx_word' id='word_1_129' title='bbox 1466 692 1589 742; x_wconf 79' lang='lat' dir='ltr'>scripsit</span> <span class='ocrx_word' id='word_1_130' title='bbox 1607 691 1882 738; x_wconf 68' lang='lat' dir='ltr'>nomoslyricosl</span> 
     </span>
    </p>

    <p class='ocr_par' dir='ltr' id='par_1_7' title="bbox 167 742 1881 896">
     <span class='ocr_line' id='line_1_13' title="bbox 167 742 1881 793; baseline -0.002 -11"><span class='ocrx_word' id='word_1_131' title='bbox 167 748 334 786; x_wconf 80' lang='lat' dir='ltr'>Corinna,</span> <span class='ocrx_word' id='word_1_132' title='bbox 360 748 488 788; x_wconf 88' lang='lat' dir='ltr'>iunior,</span> <span class='ocrx_word' id='word_1_133' title='bbox 516 745 713 781; x_wconf 82' lang='lat' dir='ltr'>Achelodori</span> <span class='ocrx_word' id='word_1_134' title='bbox 738 756 769 780; x_wconf 85' lang='lat' dir='ltr'>et</span> <span class='ocrx_word' id='word_1_135' title='bbox 792 748 972 781; x_wconf 79' lang='lat' dir='ltr'>Procratiae</span> <span class='ocrx_word' id='word_1_136' title='bbox 997 745 1083 788; x_wconf 81' lang='lat' dir='ltr'>filia,</span> <span class='ocrx_word' id='word_1_137' title='bbox 1109 746 1289 788; x_wconf 85' lang='lat' dir='ltr'>Thebana,</span> <span class='ocrx_word' id='word_1_138' title='bbox 1311 746 1363 781; x_wconf 90' lang='lat' dir='ltr'>vel</span> <span class='ocrx_word' id='word_1_139' title='bbox 1378 747 1593 793; x_wconf 79' lang='lat' dir='ltr'>Tanagraea,</span> <span class='ocrx_word' id='word_1_140' title='bbox 1619 742 1771 793; x_wconf 88' lang='lat' dir='ltr'>discipula</span> <span class='ocrx_word' id='word_1_141' title='bbox 1785 749 1881 789; x_wconf 88' lang='lat' dir='ltr'>Myr-</span> 
     </span>
     <span class='ocr_line' id='line_1_14' title="bbox 269 795 1881 845; baseline -0.002 -12"><span class='ocrx_word' id='word_1_142' title='bbox 269 797 359 840; x_wconf 69' lang='lat' dir='ltr'>adis,</span> <span class='ocrx_word' id='word_1_143' title='bbox 386 800 481 841; x_wconf 88' lang='lat' dir='ltr'>Myia</span> <span class='ocrx_word' id='word_1_144' title='bbox 504 801 759 845; x_wconf 74' lang='lat' dir='ltr'>cognominata,</span> <span class='ocrx_word' id='word_1_145' title='bbox 793 797 917 842; x_wconf 78' lang='lat' dir='ltr'>lyrica,</span> <span class='ocrx_word' id='word_1_146' title='bbox 952 809 1033 845; x_wconf 87' lang='lat' dir='ltr'>quae</span> <span class='ocrx_word' id='word_1_147' title='bbox 1056 799 1248 844; x_wconf 71' lang='lat' dir='ltr'>quinquies,</span> <span class='ocrx_word' id='word_1_148' title='bbox 1268 807 1303 832; x_wconf 91' lang='lat' dir='ltr'>vt</span> <span class='ocrx_word' id='word_1_149' title='bbox 1325 795 1452 839; x_wconf 81' lang='lat' dir='ltr'>serunt,</span> <span class='ocrx_word' id='word_1_150' title='bbox 1479 796 1654 832; x_wconf 78' lang='lat' dir='ltr'>Pindarum</span> <span class='ocrx_word' id='word_1_151' title='bbox 1677 799 1761 832; x_wconf 85' lang='lat' dir='ltr'>vicit.</span> <span class='ocrx_word' id='word_1_152' title='bbox 1796 797 1881 838; x_wconf 66' lang='lat' dir='ltr'>Scri·⁴</span> 
     </span>
     <span class='ocr_line' id='line_1_15' title="bbox 270 848 1515 896; baseline 0.001 -14"><span class='ocrx_word' id='word_1_153' title='bbox 270 848 330 896; x_wconf 75' lang='lat' dir='ltr'>psit</span> <span class='ocrx_word' id='word_1_154' title='bbox 358 851 577 893; x_wconf 78' lang='lat' dir='ltr'>(carminum)</span> <span class='ocrx_word' id='word_1_155' title='bbox 604 849 703 883; x_wconf 81' lang='lat' dir='ltr'>libros</span> <span class='ocrx_word' id='word_1_156' title='bbox 718 849 757 883; x_wconf 88' lang='lat' dir='ltr'>V.</span> <span class='ocrx_word' id='word_1_157' title='bbox 781 850 929 895; x_wconf 81' lang='lat' dir='ltr'>itemque</span> <span class='ocrx_word' id='word_1_158' title='bbox 950 851 1185 894; x_wconf 82' lang='lat' dir='ltr'>epigrammata</span> <span class='ocrx_word' id='word_1_159' title='bbox 1207 858 1237 883; x_wconf 87' lang='lat' dir='ltr'>et</span> <span class='ocrx_word' id='word_1_160' title='bbox 1257 851 1378 883; x_wconf 83' lang='lat' dir='ltr'>cantica</span> <span class='ocrx_word' id='word_1_161' title='bbox 1400 848 1515 892; x_wconf 88' lang='lat' dir='ltr'>lyrica.</span> 
     </span>
    </p>

    <p class='ocr_par' dir='ltr' id='par_1_8' title="bbox 166 896 1883 1101">
     <span class='ocr_line' id='line_1_16' title="bbox 166 896 1881 947; baseline -0.001 -13"><span class='ocrx_word' id='word_1_162' title='bbox 166 900 354 941; x_wconf 69' lang='lat' dir='ltr'>emimus,</span> <span class='ocrx_word' id='word_1_163' title='bbox 381 896 521 939; x_wconf 68' lang='lat' dir='ltr'>Iliensis,</span> <span class='ocrx_word' id='word_1_164' title='bbox 547 909 643 945; x_wconf 85' lang='lat' dir='ltr'>poeta</span> <span class='ocrx_word' id='word_1_165' title='bbox 664 901 831 940; x_wconf 77' lang='lat' dir='ltr'>heroicus,</span> <span class='ocrx_word' id='word_1_166' title='bbox 860 900 1051 942; x_wconf 80' lang='lat' dir='ltr'>(Homero,</span> <span class='ocrx_word' id='word_1_167' title='bbox 1077 907 1110 932; x_wconf 93' lang='lat' dir='ltr'>vt</span> <span class='ocrx_word' id='word_1_168' title='bbox 1133 898 1265 946; x_wconf 86' lang='lat' dir='ltr'>quidam</span> <span class='ocrx_word' id='word_1_169' title='bbox 1290 909 1420 947; x_wconf 78' lang='lat' dir='ltr'>putant,</span> <span class='ocrx_word' id='word_1_170' title='bbox 1450 900 1614 946; x_wconf 87' lang='lat' dir='ltr'>antiquior</span> <span class='ocrx_word' id='word_1_171' title='bbox 1624 898 1651 942; x_wconf 80' lang='lat'>‚)</span> <span class='ocrx_word' id='word_1_172' title='bbox 1683 901 1738 946; x_wconf 88' lang='lat' dir='ltr'>qui</span> <span class='ocrx_word' id='word_1_173' title='bbox 1757 899 1881 946; x_wconf 87' lang='lat' dir='ltr'>primus</span> 
     </span>
     <span class='ocr_line' id='line_1_17' title="bbox 270 947 1883 997; baseline -0.002 -11"><span class='ocrx_word' id='word_1_174' title='bbox 270 950 398 987; x_wconf 82' lang='lat' dir='ltr'>Iliadem</span> <span class='ocrx_word' id='word_1_175' title='bbox 424 947 560 997; x_wconf 68' lang='lat' dir='ltr'>scripfit‚</span> <span class='ocrx_word' id='word_1_176' title='bbox 586 947 722 984; x_wconf 84' lang='lat' dir='ltr'>durante</span> <span class='ocrx_word' id='word_1_177' title='bbox 749 948 855 984; x_wconf 82' lang='lat' dir='ltr'>adhuc</span> <span class='ocrx_word' id='word_1_178' title='bbox 878 950 965 984; x_wconf 81' lang='lat' dir='ltr'>bello</span> <span class='ocrx_word' id='word_1_179' title='bbox 989 949 1152 985; x_wconf 89' lang='lat' dir='ltr'>Troiano.</span> <span class='ocrx_word' id='word_1_180' title='bbox 1204 949 1382 985; x_wconf 84' lang='lat' dir='ltr'>Palamedis</span> <span class='ocrx_word' id='word_1_181' title='bbox 1404 947 1598 997; x_wconf 83' lang='lat' dir='ltr'>discipulus,</span> <span class='ocrx_word' id='word_1_182' title='bbox 1630 948 1748 983; x_wconf 83' lang='lat' dir='ltr'>doricis</span> <span class='ocrx_word' id='word_1_183' title='bbox 1771 948 1883 984; x_wconf 81' lang='lat' dir='ltr'>litteris</span> 
     </span>
     <span class='ocr_line' id='line_1_18' title="bbox 270 998 1883 1049; baseline 0 -14"><span class='ocrx_word' id='word_1_184' title='bbox 270 1015 288 1035; x_wconf 86' lang='lat' dir='ltr'>a</span> <span class='ocrx_word' id='word_1_185' title='bbox 309 999 480 1035; x_wconf 86' lang='lat' dir='ltr'>Palamede</span> <span class='ocrx_word' id='word_1_186' title='bbox 501 1002 660 1041; x_wconf 82' lang='lat' dir='ltr'>inuentis,</span> <span class='ocrx_word' id='word_1_187' title='bbox 686 1004 782 1048; x_wconf 90' lang='lat' dir='ltr'>(opus</span> <span class='ocrx_word' id='word_1_188' title='bbox 804 998 934 1045; x_wconf 89' lang='lat' dir='ltr'>suurn),</span> <span class='ocrx_word' id='word_1_189' title='bbox 969 1003 1120 1037; x_wconf 79' lang='lat' dir='ltr'>exarauit.</span> <span class='ocrx_word' id='word_1_190' title='bbox 1174 999 1305 1049; x_wconf 86' lang='lat' dir='ltr'>Scripfit</span> <span class='ocrx_word' id='word_1_191' title='bbox 1328 1004 1425 1036; x_wconf 85' lang='lat' dir='ltr'>etiam</span> <span class='ocrx_word' id='word_1_192' title='bbox 1447 1001 1568 1036; x_wconf 86' lang='lat' dir='ltr'>bellum</span> <span class='ocrx_word' id='word_1_193' title='bbox 1596 998 1739 1035; x_wconf 84' lang='lat' dir='ltr'>Dardani</span> <span class='ocrx_word' id='word_1_194' title='bbox 1767 999 1883 1035; x_wconf 85' lang='lat' dir='ltr'>aduer-</span> 
     </span>
     <span class='ocr_line' id='line_1_19' title="bbox 269 1049 1781 1101; baseline 0.001 -15"><span class='ocrx_word' id='word_1_195' title='bbox 269 1049 320 1087; x_wconf 83' lang='lat' dir='ltr'>sus</span> <span class='ocrx_word' id='word_1_196' title='bbox 346 1052 585 1100; x_wconf 82' lang='lat' dir='ltr'>Paphlagonas:</span> <span class='ocrx_word' id='word_1_197' title='bbox 613 1062 647 1086; x_wconf 79' lang='lat' dir='ltr'>vt</span> <span class='ocrx_word' id='word_1_198' title='bbox 672 1054 839 1087; x_wconf 83' lang='lat' dir='ltr'>Homerus</span> <span class='ocrx_word' id='word_1_199' title='bbox 862 1062 969 1087; x_wconf 88' lang='lat' dir='ltr'>totum</span> <span class='ocrx_word' id='word_1_200' title='bbox 994 1055 1156 1101; x_wconf 86' lang='lat' dir='ltr'>poematis</span> <span class='ocrx_word' id='word_1_201' title='bbox 1180 1050 1227 1087; x_wconf 91' lang='lat' dir='ltr'>sui</span> <span class='ocrx_word' id='word_1_202' title='bbox 1254 1062 1486 1101; x_wconf 81' lang='lat' dir='ltr'>argumentum</span> <span class='ocrx_word' id='word_1_203' title='bbox 1504 1053 1543 1088; x_wconf 89' lang='lat' dir='ltr'>ab</span> <span class='ocrx_word' id='word_1_204' title='bbox 1564 1065 1605 1088; x_wconf 90' lang='lat' dir='ltr'>eo</span> <span class='ocrx_word' id='word_1_205' title='bbox 1627 1049 1781 1088; x_wconf 82' lang='lat' dir='ltr'>sumserit.</span> 
     </span>
    </p>

    <p class='ocr_par' dir='ltr' id='par_1_9' title="bbox 164 1101 1260 1151">
     <span class='ocr_line' id='line_1_20' title="bbox 164 1101 1260 1151; baseline 0 -13"><span class='ocrx_word' id='word_1_206' title='bbox 164 1103 361 1145; x_wconf 75' lang='lat' dir='ltr'>Cornelius,</span> <span class='ocrx_word' id='word_1_207' title='bbox 389 1101 577 1151; x_wconf 75' lang='lat' dir='ltr'>episcopus,</span> <span class='ocrx_word' id='word_1_208' title='bbox 605 1106 658 1151; x_wconf 89' lang='lat' dir='ltr'>qui</span> <span class='ocrx_word' id='word_1_209' title='bbox 682 1118 700 1139; x_wconf 84' lang='lat' dir='ltr'>a</span> <span class='ocrx_word' id='word_1_210' title='bbox 723 1106 842 1139; x_wconf 80' lang='lat' dir='ltr'>Nouati</span> <span class='ocrx_word' id='word_1_211' title='bbox 868 1106 1107 1139; x_wconf 81' lang='lat' dir='ltr'>communione</span> <span class='ocrx_word' id='word_1_212' title='bbox 1128 1102 1260 1138; x_wconf 81' lang='lat' dir='ltr'>receffit.</span> 
     </span>
    </p>

    <p class='ocr_par' dir='ltr' id='par_1_10' title="bbox 166 1152 1886 1344">
     <span class='ocr_line' id='line_1_21' title="bbox 166 1152 1885 1198; baseline -0.001 -7"><span class='ocrx_word' id='word_1_213' title='bbox 166 1157 334 1191; x_wconf 88' lang='lat' dir='ltr'>Cornutus</span> <span class='ocrx_word' id='word_1_214' title='bbox 353 1156 411 1198; x_wconf 55' lang='grc' dir='ltr'>ἒς).</span> <span class='ocrx_word' id='word_1_215' title='bbox 465 1155 545 1189; x_wconf 92' lang='lat' dir='ltr'>Duo</span> <span class='ocrx_word' id='word_1_216' title='bbox 567 1156 712 1190; x_wconf 84' lang='lat' dir='ltr'>Romani</span> <span class='ocrx_word' id='word_1_217' title='bbox 734 1155 876 1190; x_wconf 80' lang='lat' dir='ltr'>historici</span> <span class='ocrx_word' id='word_1_218' title='bbox 899 1153 1049 1193; x_wconf 78' lang='lat' dir='ltr'>fuerunt,</span> <span class='ocrx_word' id='word_1_219' title='bbox 1085 1156 1186 1189; x_wconf 87' lang='lat' dir='ltr'>Titus</span> <span class='ocrx_word' id='word_1_220' title='bbox 1209 1158 1336 1197; x_wconf 71' lang='lat' dir='ltr'>Liuius,</span> <span class='ocrx_word' id='word_1_221' title='bbox 1376 1158 1463 1190; x_wconf 81' lang='lat' dir='ltr'>cuius</span> <span class='ocrx_word' id='word_1_222' title='bbox 1492 1153 1616 1190; x_wconf 87' lang='lat' dir='ltr'>celebre</span> <span class='ocrx_word' id='word_1_223' title='bbox 1636 1162 1667 1188; x_wconf 86' lang='lat' dir='ltr'>et</span> <span class='ocrx_word' id='word_1_224' title='bbox 1692 1152 1814 1189; x_wconf 81' lang='lat' dir='ltr'>illustre</span> <span class='ocrx_word' id='word_1_225' title='bbox 1840 1153 1885 1190; x_wconf 88' lang='lat' dir='ltr'>est</span> 
     </span>
     <span class='ocr_line' id='line_1_22' title="bbox 270 1202 1886 1242; baseline -0.001 -1"><span class='ocrx_word' id='word_1_226' title='bbox 270 1219 413 1241; x_wconf 85' lang='lat' dir='ltr'>nomen:</span> <span class='ocrx_word' id='word_1_227' title='bbox 449 1216 480 1241; x_wconf 86' lang='lat' dir='ltr'>et</span> <span class='ocrx_word' id='word_1_228' title='bbox 512 1206 690 1241; x_wconf 87' lang='lat' dir='ltr'>Cornutus.</span> <span class='ocrx_word' id='word_1_229' title='bbox 750 1209 939 1242; x_wconf 85' lang='lat' dir='ltr'>Cornutum</span> <span class='ocrx_word' id='word_1_230' title='bbox 968 1206 1104 1241; x_wconf 85' lang='lat' dir='ltr'>diuitem</span> <span class='ocrx_word' id='word_1_231' title='bbox 1134 1207 1230 1241; x_wconf 87' lang='lat' dir='ltr'>multi</span> <span class='ocrx_word' id='word_1_232' title='bbox 1262 1205 1453 1242; x_wconf 86' lang='lat' dir='ltr'>audiuerunt</span> <span class='ocrx_word' id='word_1_233' title='bbox 1477 1203 1703 1241; x_wconf 84' lang='lat' dir='ltr'>adsentationis</span> <span class='ocrx_word' id='word_1_234' title='bbox 1726 1202 1830 1240; x_wconf 73' lang='lat' dir='ltr'>caussa</span> <span class='ocrx_word' id='word_1_235' title='bbox 1854 1214 1886 1240; x_wconf 84' lang='lat' dir='ltr'>et</span> 
     </span>
     <span class='ocr_line' id='line_1_23' title="bbox 271 1256 1885 1308; baseline 0.001 -17"><span class='ocrx_word' id='word_1_236' title='bbox 271 1270 406 1305; x_wconf 78' lang='lat' dir='ltr'>propter</span> <span class='ocrx_word' id='word_1_237' title='bbox 428 1256 629 1292; x_wconf 79' lang='lat' dir='ltr'>haereditatis</span> <span class='ocrx_word' id='word_1_238' title='bbox 651 1256 760 1307; x_wconf 80' lang='lat' dir='ltr'>spem3</span> <span class='ocrx_word' id='word_1_239' title='bbox 788 1260 920 1293; x_wconf 87' lang='lat' dir='ltr'>Liuium</span> <span class='ocrx_word' id='word_1_240' title='bbox 943 1260 1059 1306; x_wconf 78' lang='lat' dir='ltr'>pauci,</span> <span class='ocrx_word' id='word_1_241' title='bbox 1085 1256 1138 1293; x_wconf 85' lang='lat' dir='ltr'>sed</span> <span class='ocrx_word' id='word_1_242' title='bbox 1163 1257 1333 1308; x_wconf 79' lang='lat' dir='ltr'>praeclari.</span> <span class='ocrx_word' id='word_1_243' title='bbox 1384 1261 1513 1294; x_wconf 88' lang='lat' dir='ltr'>Liuium</span> <span class='ocrx_word' id='word_1_244' title='bbox 1536 1269 1651 1293; x_wconf 84' lang='lat' dir='ltr'>omnes</span> <span class='ocrx_word' id='word_1_245' title='bbox 1671 1258 1736 1292; x_wconf 83' lang='lat' dir='ltr'>iam</span> <span class='ocrx_word' id='word_1_246' title='bbox 1751 1266 1885 1299; x_wconf 82' lang='lat' dir='ltr'>norunt,</span> 
     </span>
     <span class='ocr_line' id='line_1_24' title="bbox 270 1306 685 1344; baseline 0.002 -1"><span class='ocrx_word' id='word_1_247' title='bbox 270 1311 457 1343; x_wconf 82' lang='lat' dir='ltr'>Cornutum</span> <span class='ocrx_word' id='word_1_248' title='bbox 482 1322 583 1344; x_wconf 85' lang='lat' dir='ltr'>nemo</span> <span class='ocrx_word' id='word_1_249' title='bbox 607 1306 685 1344; x_wconf 83' lang='lat' dir='ltr'>fere.</span> 
     </span>
    </p>

    <p class='ocr_par' dir='ltr' id='par_1_11' title="bbox 167 1358 1886 1497">
     <span class='ocr_line' id='line_1_25' title="bbox 167 1358 1884 1409; baseline -0.001 -14"><span class='ocrx_word' id='word_1_250' title='bbox 167 1361 352 1398; x_wconf 80' lang='lat' dir='ltr'>Cornutus,</span> <span class='ocrx_word' id='word_1_251' title='bbox 378 1373 417 1394; x_wconf 85' lang='lat' dir='ltr'>ex</span> <span class='ocrx_word' id='word_1_252' title='bbox 435 1362 546 1408; x_wconf 71' lang='lat' dir='ltr'>Lepti,</span> <span class='ocrx_word' id='word_1_253' title='bbox 568 1358 697 1396; x_wconf 82' lang='lat' dir='ltr'>Africae</span> <span class='ocrx_word' id='word_1_254' title='bbox 713 1359 856 1409; x_wconf 77' lang='lat' dir='ltr'>oppido,</span> <span class='ocrx_word' id='word_1_255' title='bbox 883 1358 1100 1408; x_wconf 79' lang='lat' dir='ltr'>philosophus</span> <span class='ocrx_word' id='word_1_256' title='bbox 1114 1360 1242 1395; x_wconf 87' lang='lat' dir='ltr'>Romae</span> <span class='ocrx_word' id='word_1_257' title='bbox 1267 1362 1347 1394; x_wconf 84' lang='lat' dir='ltr'>vixit</span> <span class='ocrx_word' id='word_1_258' title='bbox 1366 1360 1568 1409; x_wconf 83' lang='lat' dir='ltr'>temporibus</span> <span class='ocrx_word' id='word_1_259' title='bbox 1591 1360 1732 1394; x_wconf 75' lang='lat' dir='ltr'>Neronis</span> <span class='ocrx_word' id='word_1_260' title='bbox 1757 1367 1787 1394; x_wconf 86' lang='lat' dir='ltr'>et</span> <span class='ocrx_word' id='word_1_261' title='bbox 1811 1368 1884 1394; x_wconf 77' lang='lat' dir='ltr'>ante</span> 
     </span>
     <span class='ocr_line' id='line_1_26' title="bbox 268 1409 1886 1462; baseline 0 -18"><span class='ocrx_word' id='word_1_262' title='bbox 268 1424 363 1445; x_wconf 85' lang='lat' dir='ltr'>eum:</span> <span class='ocrx_word' id='word_1_263' title='bbox 398 1409 584 1447; x_wconf 63' lang='lat' dir='ltr'>intersedius</span> <span class='ocrx_word' id='word_1_264' title='bbox 614 1424 692 1447; x_wconf 90' lang='lat' dir='ltr'>cum</span> <span class='ocrx_word' id='word_1_265' title='bbox 721 1410 893 1448; x_wconf 78' lang='lat' dir='ltr'>Musonio.</span> <span class='ocrx_word' id='word_1_266' title='bbox 952 1411 1083 1460; x_wconf 78' lang='lat' dir='ltr'>Scripsit</span> <span class='ocrx_word' id='word_1_267' title='bbox 1110 1412 1213 1447; x_wconf 82' lang='lat' dir='ltr'>multa</span> <span class='ocrx_word' id='word_1_268' title='bbox 1240 1409 1467 1462; x_wconf 84' lang='lat' dir='ltr'>philosophica</span> <span class='ocrx_word' id='word_1_269' title='bbox 1503 1421 1534 1447; x_wconf 89' lang='lat' dir='ltr'>et</span> <span class='ocrx_word' id='word_1_270' title='bbox 1563 1413 1712 1447; x_wconf 82' lang='lat' dir='ltr'>oratoria.</span> <span class='ocrx_word' id='word_1_271' title='bbox 1763 1424 1792 1446; x_wconf 84' lang='lat' dir='ltr'>v.</span> <span class='ocrx_word' id='word_1_272' title='bbox 1821 1411 1886 1445; x_wconf 63' lang='lat' dir='ltr'>Kti-</span> 
     </span>
     <span class='ocr_line' id='line_1_27' title="bbox 272 1460 442 1497; baseline 0.012 -2"><span class='ocrx_word' id='word_1_273' title='bbox 272 1460 348 1496; x_wconf 81' lang='lat' dir='ltr'>sseri</span> <span class='ocrx_word' id='word_1_274' title='bbox 373 1472 442 1497; x_wconf 83' lang='lat' dir='ltr'>not.</span> 
     </span>
    </p>

    <p class='ocr_par' dir='ltr' id='par_1_12' title="bbox 169 1510 1887 1664">
     <span class='ocr_line' id='line_1_28' title="bbox 169 1510 1887 1562; baseline -0.001 -13"><span class='ocrx_word' id='word_1_275' title='bbox 169 1512 356 1549; x_wconf 55' lang='lat' dir='ltr'>cothurnus</span> <span class='ocrx_word' id='word_1_276' title='bbox 372 1514 544 1548; x_wconf 70' lang='lat' dir='ltr'>vocabatur</span> <span class='ocrx_word' id='word_1_277' title='bbox 566 1514 795 1549; x_wconf 86' lang='lat' dir='ltr'>Theramenes</span> <span class='ocrx_word' id='word_1_278' title='bbox 825 1512 1028 1549; x_wconf 79' lang='lat' dir='ltr'>Atheniensis</span> <span class='ocrx_word' id='word_1_279' title='bbox 1058 1523 1188 1554; x_wconf 84' lang='lat' dir='ltr'>orator,</span> <span class='ocrx_word' id='word_1_280' title='bbox 1225 1513 1373 1555; x_wconf 87' lang='lat' dir='ltr'>Prodici,</span> <span class='ocrx_word' id='word_1_281' title='bbox 1405 1515 1496 1556; x_wconf 73' lang='lat' dir='ltr'>ccii,</span> <span class='ocrx_word' id='word_1_282' title='bbox 1517 1510 1701 1562; x_wconf 83' lang='lat' dir='ltr'>discipulus.</span> <span class='ocrx_word' id='word_1_283' title='bbox 1757 1515 1887 1548; x_wconf 84' lang='lat' dir='ltr'>Dicitur</span> 
     </span>
     <span class='ocr_line' id='line_1_29' title="bbox 270 1562 1887 1614; baseline 0.001 -16"><span class='ocrx_word' id='word_1_284' title='bbox 270 1573 379 1598; x_wconf 84' lang='lat' dir='ltr'>autem</span> <span class='ocrx_word' id='word_1_285' title='bbox 410 1564 450 1599; x_wconf 87' lang='lat' dir='ltr'>de</span> <span class='ocrx_word' id='word_1_286' title='bbox 477 1567 614 1600; x_wconf 80' lang='lat' dir='ltr'>homine</span> <span class='ocrx_word' id='word_1_287' title='bbox 642 1564 778 1601; x_wconf 79' lang='lat' dir='ltr'>versatili</span> <span class='ocrx_word' id='word_1_288' title='bbox 810 1574 841 1600; x_wconf 81' lang='lat' dir='ltr'>et</span> <span class='ocrx_word' id='word_1_289' title='bbox 868 1565 943 1601; x_wconf 85' lang='lat' dir='ltr'>leui.</span> <span class='ocrx_word' id='word_1_290' title='bbox 1001 1566 1067 1599; x_wconf 87' lang='lat' dir='ltr'>Hic</span> <span class='ocrx_word' id='word_1_291' title='bbox 1090 1567 1180 1600; x_wconf 87' lang='lat' dir='ltr'>enim</span> <span class='ocrx_word' id='word_1_292' title='bbox 1202 1574 1233 1600; x_wconf 84' lang='lat' dir='ltr'>et</span> <span class='ocrx_word' id='word_1_293' title='bbox 1253 1566 1350 1602; x_wconf 83' lang='lat' dir='ltr'>XXX.</span> <span class='ocrx_word' id='word_1_294' title='bbox 1374 1568 1519 1610; x_wconf 83' lang='lat' dir='ltr'>tyrannis</span> <span class='ocrx_word' id='word_1_295' title='bbox 1540 1575 1571 1601; x_wconf 90' lang='lat' dir='ltr'>et</span> <span class='ocrx_word' id='word_1_296' title='bbox 1593 1565 1723 1614; x_wconf 87' lang='lat' dir='ltr'>populo</span> <span class='ocrx_word' id='word_1_297' title='bbox 1742 1562 1887 1601; x_wconf 80' lang='lat' dir='ltr'>fauebat.-</span> 
     </span>
     <span class='ocr_line' id='line_1_30' title="bbox 268 1613 553 1664; baseline 0 -15"><span class='ocrx_word' id='word_1_298' title='bbox 268 1613 357 1650; x_wconf 86' lang='lat' dir='ltr'>Infra</span> <span class='ocrx_word' id='word_1_299' title='bbox 378 1617 409 1649; x_wconf 87' lang='lat' dir='ltr'>in</span> <span class='ocrx_word' id='word_1_300' title='bbox 427 1613 553 1664; x_wconf 70' lang='grc' dir='ltr'>Δεξιὸς.</span> 
     </span>
    </p>

    <p class='ocr_par' dir='ltr' id='par_1_13' title="bbox 165 1664 1884 1715">
     <span class='ocr_line' id='line_1_31' title="bbox 165 1664 1884 1715; baseline 0.001 -14"><span class='ocrx_word' id='word_1_301' title='bbox 165 1668 292 1707; x_wconf 77' lang='lat' dir='ltr'>Crates,</span> <span class='ocrx_word' id='word_1_302' title='bbox 322 1667 534 1708; x_wconf 72' lang='lat' dir='ltr'>Athenienlis‚</span> <span class='ocrx_word' id='word_1_303' title='bbox 562 1668 690 1712; x_wconf 85' lang='lat' dir='ltr'>(veteris</span> <span class='ocrx_word' id='word_1_304' title='bbox 706 1664 920 1714; x_wconf 86' lang='lat' dir='ltr'>comoediae)</span> <span class='ocrx_word' id='word_1_305' title='bbox 947 1667 1112 1707; x_wconf 78' lang='lat' dir='ltr'>comicus,</span> <span class='ocrx_word' id='word_1_306' title='bbox 1155 1664 1298 1714; x_wconf 86' lang='lat' dir='ltr'>Epilyci,</span> <span class='ocrx_word' id='word_1_307' title='bbox 1321 1675 1436 1715; x_wconf 89' lang='lat' dir='ltr'>poetae</span> <span class='ocrx_word' id='word_1_308' title='bbox 1455 1669 1554 1715; x_wconf 75' lang='lat' dir='ltr'>epici,</span> <span class='ocrx_word' id='word_1_309' title='bbox 1577 1665 1686 1703; x_wconf 85' lang='lat' dir='ltr'>frater.</span> <span class='ocrx_word' id='word_1_310' title='bbox 1738 1668 1884 1703; x_wconf 79' lang='lat' dir='ltr'>comoe-</span> 
     </span>
    </p>
   </div>
   <div class='ocr_carea' id='block_1_3' title="bbox 268 1714 1884 1804">
    <p class='ocr_par' dir='ltr' id='par_1_14' title="bbox 268 1714 1884 1804">
     <span class='ocr_line' id='line_1_32' title="bbox 268 1714 1884 1804; baseline 0.003 -54"><span class='ocrx_word' id='word_1_311' title='bbox 268 1716 470 1801; x_wconf 52' lang='lat' dir='ltr'>1dipeipfius:</span> <span class='ocrx_word' id='word_1_312' title='bbox 494 1716 659 1804; x_wconf 60' lang='grc' dir='ltr'>Γῖἱτονες,</span> <span class='ocrx_word' id='word_1_313' title='bbox 677 1714 826 1765; x_wconf 47' lang='grc' dir='ltr'>υΗρωες,</span> <span class='ocrx_word' id='word_1_314' title='bbox 855 1720 976 1767; x_wconf 64' lang='grc' dir='ltr'><strong><em>Θηρίοι,</em></strong></span> <span class='ocrx_word' id='word_1_315' title='bbox 1003 1720 1145 1766; x_wconf 53' lang='lat' dir='ltr'>Axylon,</span> <span class='ocrx_word' id='word_1_316' title='bbox 1171 1714 1336 1766; x_wconf 50' lang='lat' dir='ltr'>Halia-oq,</span> <span class='ocrx_word' id='word_1_317' title='bbox 1363 1715 1495 1767; x_wconf 65' lang='grc' dir='ltr'><em>Σάμιοι.</em></span> <span class='ocrx_word' id='word_1_318' title='bbox 1545 1718 1675 1768; x_wconf 79' lang='lat' dir='ltr'>Scripsi-t</span> <span class='ocrx_word' id='word_1_319' title='bbox 1690 1729 1721 1755; x_wconf 85' lang='lat' dir='ltr'>et</span> <span class='ocrx_word' id='word_1_320' title='bbox 1735 1723 1884 1755; x_wconf 78' lang='lat' dir='ltr'>oratione</span> 
     </span>
     <span class='ocr_line' id='line_1_33' title="bbox 278 1771 570 1804; baseline 0.007 -2"><span class='ocrx_word' id='word_1_321' title='bbox 278 1779 372 1802; x_wconf 78' lang='lat' dir='ltr'>outa</span> <span class='ocrx_word' id='word_1_322' title='bbox 397 1771 523 1803; x_wconf 87' lang='lat' dir='ltr'>nonnul</span> <span class='ocrx_word' id='word_1_323' title='bbox 541 1783 570 1804; x_wconf 84' lang='lat' dir='ltr'>a.</span> 
     </span>
    </p>
   </div>
   <div class='ocr_carea' id='block_1_4' title="bbox 165 1816 1883 2076">
    <p class='ocr_par' dir='ltr' id='par_1_15' title="bbox 165 1816 1883 1920">
     <span class='ocr_line' id='line_1_34' title="bbox 165 1816 1883 1866; baseline 0.001 -11"><span class='ocrx_word' id='word_1_324' title='bbox 165 1820 297 1860; x_wconf 65' lang='lat' dir='ltr'>eram,</span> <span class='ocrx_word' id='word_1_325' title='bbox 326 1818 545 1861; x_wconf 80' lang='lat' dir='ltr'>Atheniensis,</span> <span class='ocrx_word' id='word_1_326' title='bbox 575 1822 721 1854; x_wconf 86' lang='lat' dir='ltr'>comicus</span> <span class='ocrx_word' id='word_1_327' title='bbox 745 1819 844 1861; x_wconf 77' lang='lat' dir='ltr'>alter,</span> <span class='ocrx_word' id='word_1_328' title='bbox 882 1820 979 1853; x_wconf 85' lang='lat' dir='ltr'>etiam</span> <span class='ocrx_word' id='word_1_329' title='bbox 1002 1816 1067 1866; x_wconf 87' lang='lat' dir='ltr'>ipse</span> <span class='ocrx_word' id='word_1_330' title='bbox 1093 1831 1132 1853; x_wconf 87' lang='lat' dir='ltr'>ex</span> <span class='ocrx_word' id='word_1_331' title='bbox 1158 1822 1258 1855; x_wconf 85' lang='lat' dir='ltr'>veteri</span> <span class='ocrx_word' id='word_1_332' title='bbox 1281 1819 1475 1864; x_wconf 74' lang='lat' dir='ltr'>comoedia,</span> <span class='ocrx_word' id='word_1_333' title='bbox 1514 1823 1605 1857; x_wconf 79' lang='lat' dir='ltr'>cuius</span> <span class='ocrx_word' id='word_1_334' title='bbox 1626 1830 1689 1856; x_wconf 86' lang='lat' dir='ltr'>tres</span> <span class='ocrx_word' id='word_1_335' title='bbox 1712 1819 1883 1857; x_wconf 80' lang='lat' dir='ltr'>circumse-</span> 
     </span>
     <span class='ocr_line' id='line_1_35' title="bbox 262 1867 1232 1920; baseline 0.004 -17"><span class='ocrx_word' id='word_1_336' title='bbox 262 1880 375 1904; x_wconf 83' lang='lat' dir='ltr'>runtur</span> <span class='ocrx_word' id='word_1_337' title='bbox 395 1867 540 1906; x_wconf 88' lang='lat' dir='ltr'>fabulae:</span> <span class='ocrx_word' id='word_1_338' title='bbox 566 1867 760 1919; x_wconf 71' lang='grc' dir='ltr'>Θησαυρός,</span> <span class='ocrx_word' id='word_1_339' title='bbox 786 1867 968 1919; x_wconf 76' lang='grc' dir='ltr'>”Ορνι.9ες,</span> <span class='ocrx_word' id='word_1_340' title='bbox 1003 1867 1232 1920; x_wconf 67' lang='grc' dir='ltr'><strong><em>Φιλάργυρος.</em></strong></span> 
     </span>
    </p>

    <p class='ocr_par' dir='ltr' id='par_1_16' title="bbox 165 1919 1882 2076">
     <span class='ocr_line' id='line_1_36' title="bbox 165 1919 1881 1970; baseline 0.002 -15"><span class='ocrx_word' id='word_1_341' title='bbox 165 1921 291 1961; x_wconf 75' lang='lat' dir='ltr'>Crates,</span> <span class='ocrx_word' id='word_1_342' title='bbox 317 1919 486 1957; x_wconf 82' lang='lat' dir='ltr'>Ascondae</span> <span class='ocrx_word' id='word_1_343' title='bbox 497 1923 530 1956; x_wconf 83' lang='lat' dir='ltr'>F.</span> <span class='ocrx_word' id='word_1_344' title='bbox 547 1923 739 1964; x_wconf 79' lang='lat' dir='ltr'>Thebanus,</span> <span class='ocrx_word' id='word_1_345' title='bbox 767 1920 982 1969; x_wconf 83' lang='lat' dir='ltr'>philosophus</span> <span class='ocrx_word' id='word_1_346' title='bbox 997 1924 1140 1966; x_wconf 82' lang='lat' dir='ltr'>cynicus,</span> <span class='ocrx_word' id='word_1_347' title='bbox 1160 1921 1333 1970; x_wconf 87' lang='lat' dir='ltr'>discipulus</span> <span class='ocrx_word' id='word_1_348' title='bbox 1349 1922 1509 1970; x_wconf 80' lang='lat' dir='ltr'>Diogenis</span> <span class='ocrx_word' id='word_1_349' title='bbox 1524 1933 1555 1959; x_wconf 91' lang='lat' dir='ltr'>et</span> <span class='ocrx_word' id='word_1_350' title='bbox 1570 1921 1736 1968; x_wconf 78' lang='lat' dir='ltr'>Brysonis‚</span> <span class='ocrx_word' id='word_1_351' title='bbox 1749 1925 1881 1960; x_wconf 83' lang='lat' dir='ltr'>Achaei.</span> 
     </span>
     <span class='ocr_line' id='line_1_37' title="bbox 262 1970 1880 2023; baseline 0.002 -16"><span class='ocrx_word' id='word_1_352' title='bbox 262 1973 398 2021; x_wconf 84' lang='lat' dir='ltr'>Nuptias</span> <span class='ocrx_word' id='word_1_353' title='bbox 421 1970 489 2007; x_wconf 87' lang='lat' dir='ltr'>suas</span> <span class='ocrx_word' id='word_1_354' title='bbox 514 1986 590 2008; x_wconf 83' lang='lat' dir='ltr'>cum</span> <span class='ocrx_word' id='word_1_355' title='bbox 614 1975 818 2021; x_wconf 84' lang='lat' dir='ltr'>Hipparchia</span> <span class='ocrx_word' id='word_1_356' title='bbox 842 1973 1044 2008; x_wconf 87' lang='lat' dir='ltr'>Maronitide</span> <span class='ocrx_word' id='word_1_357' title='bbox 1068 1976 1302 2021; x_wconf 67' lang='grc' dir='ltr'>κυνογωμίοιν,</span> <span class='ocrx_word' id='word_1_358' title='bbox 1339 1987 1448 2010; x_wconf 82' lang='lat' dir='ltr'>canum</span> <span class='ocrx_word' id='word_1_359' title='bbox 1478 1977 1710 2010; x_wconf 79' lang='lat' dir='ltr'>matrimonium</span> <span class='ocrx_word' id='word_1_360' title='bbox 1740 1974 1880 2023; x_wconf 87' lang='lat' dir='ltr'>adpella-</span> 
     </span>
     <span class='ocr_line' id='line_1_38' title="bbox 260 2022 1882 2076; baseline 0.002 -20"><span class='ocrx_word' id='word_1_361' title='bbox 260 2025 322 2065; x_wconf 65' lang='grc' dir='ltr'>νὴ,</span> <span class='ocrx_word' id='word_1_362' title='bbox 349 2036 388 2058; x_wconf 83' lang='lat' dir='ltr'>ex</span> <span class='ocrx_word' id='word_1_363' title='bbox 412 2037 478 2072; x_wconf 89' lang='lat' dir='ltr'>quo</span> <span class='ocrx_word' id='word_1_364' title='bbox 502 2022 635 2072; x_wconf 87' lang='lat' dir='ltr'>suscepit</span> <span class='ocrx_word' id='word_1_365' title='bbox 657 2024 821 2059; x_wconf 79' lang='lat' dir='ltr'>Pasiclem.</span> <span class='ocrx_word' id='word_1_366' title='bbox 860 2027 947 2058; x_wconf 82' lang='lat' dir='ltr'>Vixit</span> <span class='ocrx_word' id='word_1_367' title='bbox 964 2024 1167 2073; x_wconf 85' lang='lat' dir='ltr'>Olympiade</span> <span class='ocrx_word' id='word_1_368' title='bbox 1185 2027 1304 2061; x_wconf 78' lang='lat' dir='ltr'>exul.</span> <span class='ocrx_word' id='word_1_369' title='bbox 1318 2029 1570 2074; x_wconf 80' lang='lat' dir='ltr'>cognominatus</span> <span class='ocrx_word' id='word_1_370' title='bbox 1595 2027 1882 2076; x_wconf 68' lang='grc' dir='ltr'><strong><em>θυρεπανοίκτης,</em></strong></span> 
     </span>
    </p>
   </div>
   <div class='ocr_carea' id='block_1_5' title="bbox 159 2074 1878 2176">
    <p class='ocr_par' dir='ltr' id='par_1_17' title="bbox 159 2074 1878 2176">
     <span class='ocr_line' id='line_1_39' title="bbox 264 2074 1764 2126; baseline 0.004 -18"><span class='ocrx_word' id='word_1_371' title='bbox 264 2074 353 2121; x_wconf 88' lang='lat' dir='ltr'>quod</span> <span class='ocrx_word' id='word_1_372' title='bbox 376 2077 408 2109; x_wconf 88' lang='lat' dir='ltr'>in</span> <span class='ocrx_word' id='word_1_373' title='bbox 439 2075 499 2121; x_wconf 71' lang='lat' dir='ltr'>[If]</span> <span class='ocrx_word' id='word_1_374' title='bbox 523 2078 660 2110; x_wconf 90' lang='lat' dir='ltr'>cuiusuis</span> <span class='ocrx_word' id='word_1_375' title='bbox 683 2075 823 2111; x_wconf 87' lang='lat' dir='ltr'>domum</span> <span class='ocrx_word' id='word_1_376' title='bbox 846 2075 997 2111; x_wconf 61' lang='lat' dir='ltr'>audaster</span> <span class='ocrx_word' id='word_1_377' title='bbox 1024 2075 1255 2124; x_wconf 81' lang='lat' dir='ltr'>ingrederetur.</span> <span class='ocrx_word' id='word_1_378' title='bbox 1308 2076 1438 2126; x_wconf 87' lang='lat' dir='ltr'>Scripfit</span> <span class='ocrx_word' id='word_1_379' title='bbox 1462 2076 1689 2126; x_wconf 84' lang='lat' dir='ltr'>philosophica</span> <span class='ocrx_word' id='word_1_380' title='bbox 1704 2088 1764 2114; x_wconf 84' lang='lat' dir='ltr'>etc.</span> 
     </span>
     <span class='ocr_line' id='line_1_40' title="bbox 159 2124 1878 2176; baseline 0.002 -16"><span class='ocrx_word' id='word_1_381' title='bbox 159 2125 291 2167; x_wconf 82' lang='lat' dir='ltr'>Crates,</span> <span class='ocrx_word' id='word_1_382' title='bbox 329 2126 531 2161; x_wconf 88' lang='lat' dir='ltr'>Timocratis</span> <span class='ocrx_word' id='word_1_383' title='bbox 559 2129 592 2162; x_wconf 86' lang='lat' dir='ltr'>F.</span> <span class='ocrx_word' id='word_1_384' title='bbox 614 2127 790 2169; x_wconf 81' lang='lat' dir='ltr'>Mallotes,</span> <span class='ocrx_word' id='word_1_385' title='bbox 828 2124 1042 2175; x_wconf 88' lang='lat' dir='ltr'>philosophus</span> <span class='ocrx_word' id='word_1_386' title='bbox 1066 2127 1201 2168; x_wconf 81' lang='lat' dir='ltr'>stoicus,</span> <span class='ocrx_word' id='word_1_387' title='bbox 1217 2132 1490 2176; x_wconf 21' lang='lat' dir='ltr'>«cognominatus</span> <span class='ocrx_word' id='word_1_388' title='bbox 1515 2131 1714 2165; x_wconf 83' lang='lat' dir='ltr'>Homericus</span> <span class='ocrx_word' id='word_1_389' title='bbox 1739 2141 1770 2166; x_wconf 86' lang='lat' dir='ltr'>et</span> <span class='ocrx_word' id='word_1_390' title='bbox 1792 2131 1878 2164; x_wconf 81' lang='lat' dir='ltr'>criti-</span> 
     </span>
    </p>
   </div>
   <div class='ocr_carea' id='block_1_6' title="bbox 256 2176 1876 2281">
    <p class='ocr_par' dir='ltr' id='par_1_18' title="bbox 256 2176 1876 2281">
     <span class='ocr_line' id='line_1_41' title="bbox 256 2176 1876 2230; baseline 0.003 -20"><span class='ocrx_word' id='word_1_391' title='bbox 256 2188 312 2211; x_wconf 74' lang='lat' dir='ltr'>cus</span> <span class='ocrx_word' id='word_1_392' title='bbox 332 2176 375 2212; x_wconf 89' lang='lat' dir='ltr'>ob</span> <span class='ocrx_word' id='word_1_393' title='bbox 396 2176 538 2215; x_wconf 64' lang='lat' dir='ltr'>studium</span> <span class='ocrx_word' id='word_1_394' title='bbox 559 2180 605 2214; x_wconf 86' lang='lat' dir='ltr'>rei</span> <span class='ocrx_word' id='word_1_395' title='bbox 624 2180 860 2226; x_wconf 78' lang='lat' dir='ltr'>grammati-eae</span> <span class='ocrx_word' id='word_1_396' title='bbox 881 2188 912 2214; x_wconf 85' lang='lat' dir='ltr'>et</span> <span class='ocrx_word' id='word_1_397' title='bbox 932 2181 1100 2227; x_wconf 80' lang='lat' dir='ltr'>poeticae:</span> <span class='ocrx_word' id='word_1_398' title='bbox 1142 2179 1283 2228; x_wconf 78' lang='lat' dir='ltr'>aequalis</span> <span class='ocrx_word' id='word_1_399' title='bbox 1306 2179 1498 2225; x_wconf 84' lang='lat' dir='ltr'>Aristarchi,</span> <span class='ocrx_word' id='word_1_400' title='bbox 1527 2183 1754 2230; x_wconf 80' lang='lat' dir='ltr'>grammatici,</span> <span class='ocrx_word' id='word_1_401' title='bbox 1795 2190 1876 2216; x_wconf 91' lang='lat' dir='ltr'>tem-</span> 
     </span>
     <span class='ocr_line' id='line_1_42' title="bbox 1791 2244 1876 2281; baseline 0.012 -14"><span class='ocrx_word' id='word_1_402' title='bbox 1791 2244 1876 2281; x_wconf 72' lang='lat' dir='ltr'>pore</span> 
     </span>
    </p>
   </div>
   <div class='ocr_carea' id='block_1_7' title="bbox 195 2301 1872 2392">
    <p class='ocr_par' dir='ltr' id='par_1_19' title="bbox 195 2301 1872 2392">
     <span class='ocr_line' id='line_1_43' title="bbox 195 2301 1872 2349; baseline 0.004 -17"><span class='ocrx_word' id='word_1_403' title='bbox 195 2301 260 2343; x_wconf 79' lang='lat' dir='ltr'>gg)</span> <span class='ocrx_word' id='word_1_404' title='bbox 281 2305 396 2338; x_wconf 79' lang='lat' dir='ltr'>Miror,</span> <span class='ocrx_word' id='word_1_405' title='bbox 418 2306 459 2335; x_wconf 77' lang='lat' dir='ltr'>ait</span> <span class='ocrx_word' id='word_1_406' title='bbox 478 2304 581 2336; x_wconf 74' lang='lat' dir='ltr'>Kiifler</span> <span class='ocrx_word' id='word_1_407' title='bbox 598 2312 659 2335; x_wconf 78' lang='lat' dir='ltr'>not.</span> <span class='ocrx_word' id='word_1_408' title='bbox 682 2312 752 2336; x_wconf 72' lang='lat' dir='ltr'>tom,</span> <span class='ocrx_word' id='word_1_409' title='bbox 770 2307 806 2336; x_wconf 81' lang='grc' dir='ltr'>Π.</span> <span class='ocrx_word' id='word_1_410' title='bbox 833 2316 898 2346; x_wconf 83' lang='lat' dir='ltr'>pag.</span> <span class='ocrx_word' id='word_1_411' title='bbox 915 2315 979 2342; x_wconf 70' lang='lat'>350.</span> <span class='ocrx_word' id='word_1_412' title='bbox 1003 2307 1081 2337; x_wconf 82' lang='lat' dir='ltr'>vnde</span> <span class='ocrx_word' id='word_1_413' title='bbox 1103 2307 1174 2338; x_wconf 82' lang='lat' dir='ltr'>haec</span> <span class='ocrx_word' id='word_1_414' title='bbox 1197 2308 1312 2340; x_wconf 59' lang='lat' dir='ltr'>Saldae.</span> <span class='ocrx_word' id='word_1_415' title='bbox 1357 2309 1443 2339; x_wconf 73' lang='lat' dir='ltr'>Certe</span> <span class='ocrx_word' id='word_1_416' title='bbox 1463 2319 1499 2339; x_wconf 82' lang='lat' dir='ltr'>ex</span> <span class='ocrx_word' id='word_1_417' title='bbox 1524 2306 1625 2344; x_wconf 79' lang='lat' dir='ltr'>nulIo,</span> <span class='ocrx_word' id='word_1_418' title='bbox 1653 2314 1683 2338; x_wconf 82' lang='lat' dir='ltr'>vt</span> <span class='ocrx_word' id='word_1_419' title='bbox 1697 2315 1785 2349; x_wconf 76' lang='lat' dir='ltr'>puto,</span> <span class='ocrx_word' id='word_1_420' title='bbox 1806 2307 1872 2339; x_wconf 82' lang='lat' dir='ltr'>scri-</span> 
     </span>
     <span class='ocr_line' id='line_1_44' title="bbox 324 2348 1133 2392; baseline 0.006 -15"><span class='ocrx_word' id='word_1_421' title='bbox 324 2354 442 2388; x_wconf 73' lang='lat' dir='ltr'>ptorum</span> <span class='ocrx_word' id='word_1_422' title='bbox 450 2370 460 2386; x_wconf 88' lang='lat'><em>‚</em></span> <span class='ocrx_word' id='word_1_423' title='bbox 481 2351 532 2390; x_wconf 88' lang='lat' dir='ltr'>qui</span> <span class='ocrx_word' id='word_1_424' title='bbox 546 2349 665 2392; x_wconf 70' lang='lat' dir='ltr'>quidem</span> <span class='ocrx_word' id='word_1_425' title='bbox 681 2348 771 2380; x_wconf 71' lang='lat' dir='ltr'>hodic</span> <span class='ocrx_word' id='word_1_426' title='bbox 786 2349 881 2379; x_wconf 75' lang='lat' dir='ltr'>adhuc</span> <span class='ocrx_word' id='word_1_427' title='bbox 895 2352 1015 2381; x_wconf 65' lang='lat' dir='ltr'>exstans·</span> <span class='ocrx_word' id='word_1_428' title='bbox 1037 2350 1133 2382; x_wconf 73' lang='lat' dir='ltr'>Harl.</span> 
     </span>
    </p>
   </div>
  </div>
 </body>
</html>
