2049 2720
0 2317 2 2352 l

72 125 400 160 Vot.1x.p·7‘›12702
738 123 798 160 DE
826 124 983 173 Qfmvs
1015 126 1179 165 SVIDAS.
1409 129 1482 165 Lib.
1502 129 1549 166 V.
1564 143 1588 170 c.
1604 133 1689 172 XL.
1737 148 1788 183 531

170 234 230 272 per
251 234 365 258 canem
388 229 420 254 et
441 219 609 268 platanum
629 219 755 254 iuraret.
810 217 922 254 Postea
946 221 1076 266 Anytus
1099 232 1130 257 et
1160 223 1296 260 Melitus
1323 236 1398 260 euni
1420 223 1605 262 accusarunt
1633 238 1666 264 et
1693 242 1787 266 reum

173 285 338 322 peregere.
392 273 428 306 In
448 271 668 306 aestimatione
693 282 771 305 vero
794 283 920 318 poenae
944 273 1090 308 Socrates
1111 272 1141 309 se
1165 275 1313 311 meruisse
1333 275 1428 319 dixit,
1455 287 1487 312 vt
1516 279 1615 312 vielus
1644 282 1677 314 in
1707 294 1785 329 pry-

168 335 265 360 taneo
289 320 415 372 publice
434 321 490 358 fibi
515 322 729 371 praeberetur.
766 321 815 356 llli
840 335 917 357 vero
940 326 1051 371 capitis
1071 337 1147 360 eum
1180 327 1449 364 condemnarunt.
1501 331 1537 363 ln
1567 330 1701 365 vinculis
1728 331 1784 367 diu

168 375 249 418 fuit,
273 375 380 411 donec
401 377 491 410 nauis
511 372 592 409 sacra
624 373 747 423 Θεωξὶς
770 372 856 407 Delo
882 372 1009 412 redii-et.
1064 377 1200 412 Critone
1229 376 1378 414 suadente
1400 378 1514 428 fugam
1529 380 1634 416 noluit
1655 380 1782 430 fugere,

167 427 329 475 dixitque,
357 426 445 474 leges
467 439 537 461 non
563 436 716 473 oportere
738 423 861 459 violari.
912 424 1034 461 Hausta
1058 428 1132 463 hinc
1157 430 1256 464 cicuta
1280 433 1344 465 voti
1375 430 1579 472 recordatus,
1613 436 1782 476 immolate,

166 480 286 527 inquit,
313 477 515 524 Aefiui'opi'o.
569 475 727 524 Qidam,
759 473 880 520 Cyrsas
897 479 1051 518 nomine,
1076 490 1197 526 genere
1211 482 1328 527 Chius,
1355 484 1496 518 Athenas
1514 486 1600 518 venit
1628 498 1704 519 cuni
1724 487 1783 521 So-

165 541 249 565 crate
271 527 533 570 conuersaturus,
561 531 611 563 cui
633 527 807 563 dormienti
828 529 912 562 iuxta
937 525 1120 577 sepulcrum
1147 531 1304 572 Socratis,
1336 533 1369 567 in
1396 533 1518 569 somnis
1549 534 1602 570 ille
1631 535 1712 571 visus
1735 536 1781 572 est

165 591 197 617 et
224 593 298 615 cuin
326 593 366 615 eo
396 580 587 616 collocutus.
619 599 670 629 -ή
719 580 865 614 Socrates
893 580 931 613 ab
960 579 1174 629 Aristophane
1204 583 1326 619 Melius
1358 582 1508 625 vocatur,
1533 584 1564 619 id
1592 586 1635 620 est
1656 589 1780 633 atheus,

165 635 240 682 quia
259 634 434 680 Diagoras,
459 632 602 672 Melius,
640 629 770 666 infamis
785 641 851 665 erat
871 640 905 664 vt
929 631 1078 666 Deorum
1100 632 1189 668 osor'
1205 643 1236 668 et
1264 634 1376 671 hossis.
1422 637 1581 685 Diagoras
1609 637 1662 672 ille
1688 641 1780 674 initio

162 687 234 733 pius
255 694 338 724 erat,
364 682 492 730 postea,
517 680 664 730 deposito
679 680 858 720 fraudatus,
883 680 922 716 ad
939 684 1137 730 impietatem
1154 683 1323 733 prolapsus
1344 685 1389 722 est
1412 697 1444 722 et
1465 687 1546 723 deos
1562 686 1624 722 esse
1637 693 1779 736 negauit.

161 736 270 783 Qare
290 732 497 769 Athenienses
520 733 676 780 indignati
701 732 841 767 Meliuin
862 732 954 767 maiis
975 732 1172 773 adfecerunt.
1199 756 1249 762 —-
1274 739 1346 772 Fuit
1365 748 1394 773 et
1414 738 1622 785 Aristagoras,
1644 740 1777 783 Melius,

185 796 257 821 oeta
278 784 548 829 dithyrainbicus‚
576 787 630 832 qui
654 781 742 832 quod
767 782 919 828 mysteria
949 783 1108 820 Eleusinia
1134 786 1332 835 euulgasset,
1370 788 1461 825 valde
1480 790 1600 838 impius
1620 788 1777 828 iudicatus

160 836 214 874 est.
262 837 317 872 Ab
338 836 395 871 illo
419 847 569 884 tempore
593 838 711 870 comici
735 834 858 870 Melios
882 847 914 871 vt
934 837 1054 884 impios
1084 837 1309 886 perstrinxere.

59 890 184 930 Solon,
213 886 416 923 Execestidae
438 889 472 921 F.
494 885 717 926 Atheniensis,
753 884 983 934 philosophus,
1009 888 1175 936 legislator
1189 890 1456 940 etdeniagogus,
1481 898 1537 942 qui
1560 901 1636 934 vixit
1658 899 1774 945 Olym,

161 938 255 990 piade
273 940 414 974 XLVII..
430 938 480 973 vel
495 939 577 973 LVI.
599 936 721 973 Insidiis
736 940 853 986 petitus
868 952 884 971 a
905 936 1081 979 Pisistrato,
1105 950 1265 985 tyranno,
1287 944 1320 976 i'n
1345 943 1492 979 Ciciliani
1508 945 1645 992 secessit,
1674 962 1708 986 et
1727 965 1773 987 vr.

157 992 232 1026 bem
255 989 419 1031 condidit,
446 1002 544 1038 quain
568 989 608 1024 de
633 987 691 1024 suo
714 991 850 1024 nomine
874 989 970 1025 Solos
994 993 1131 1025 vocauit.
1188 995 1251 1027 Alii
1277 994 1373 1029 Solos
1397 997 1495 1032 etiarn
1515 1002 1549 1034 in
1569 1003 1685 1050 Cypro
1711 1015 1771 1037 no.

159 1055 236 1078 nien
258 1041 297 1076 ab
319 1040 380 1076 illo·
399 1039 550 1089 accepisse
573 1043 677 1082 aiunt,
704 1051 735 1075 et
757 1039 860 1088 ipsum
883 1043 915 1075 in
938 1045 1055 1089 Cypro
1080 1041 1248 1079 deceffiffe.
1298 1045 1431 1094 Scripsit
1458 1049 1541 1096 leges
1570 1053 1770 1089 Atheniensi.

157 1095 234 1136 bus,
262 1105 338 1143 quas
354 1103 468 1128 vocant
484 1104 612 1131 axonas,
638 1090 726 1141 quod
740 1094 772 1126 in
786 1094 901 1126 axibus
914 1091 1028 1139 ligneis
1043 1091 1141 1130 essent
1155 1093 1306 1143 scriptae:
1347 1099 1428 1132 Item
1441 1112 1560 1147 poema
1575 1104 1766 1152 elegiacum,

159 1146 248 1196 quod
276 1145 409 1180 Salamis
436 1142 633 1179 inscribitur:
668 1151 837 1190 praecepta
867 1156 1008 1190 morum,
1044 1144 1155 1181 itidem
1186 1146 1324 1183 versibus
1350 1148 1499 1198 elegiacis
1521 1163 1551 1187 et
1579 1154 1650 1190 alia.
1694 1158 1772 1194 Fuit*

152 1210 235 1232 vnus
255 1196 407 1238 illorum,
451 1198 505 1245 qui
530 1197 609 1232 Vna
643 1197 806 1244 Sapientes
833 1194 994 1232 dicuntur.
1056 1198 1133 1233 Eius
1155 1197 1202 1233 est
1225 1198 1279 1233 Nc
1304 1202 1384 1246 quid
1398 1205 1507 1245 nimis,
1547 1215 1579 1240 et
1605 1207 1707 1254 Nosce
1732 1214 1766 1242 tc

153 1250 266 1297 ipsum,
319 1249 465 1284 Precibus
479 1249 672 1288 amicornm,
692 1260 766 1282 aere
780 1245 1020 1295 opprefforum‚
1039 1249 1161 1289 νῐέίυε,
1189 1250 1310 1286 tabulas
1326 1262 1470 1288 veterum
1486 1254 1672 1294 debitorum
1689 1260 1767 1296 abo-

154 1299 244 1336 leuit.
296 1302 372 1335 Eius
393 1297 564 1335 consilium
586 1309 617 1334 et
637 1298 720 1333 astus
739 1295 888 1333 aduersus
904 1300 1088 1335 Cirrhaeos.
1117 1302 1172 1345 (ex
1192 1300 1358 1338 Pausaniae
1380 1305 1524 1341 Phocicis
1549 1322 1580 1355 p.
1595 1311 1693 1353 684.)

51 1354 204 1403 Sopater,
231 1349 438 1401 Apamenfis,
464 1347 604 1398 sophissa
618 1358 648 1385 et
663 1347 888 1399 philosophus,
915 1348 1086 1399 discipulus
1104 1352 1284 1399 Iamblichi',
1296 1354 1483 1392 interfectus
1502 1358 1558 1404 [ff]
1574 1375 1592 1396 a
1607 1361 1765 1397 Constan-

153 1407 241 1446 tino,
267 1403 368 1438 fidem
387 1400 515 1437 facturo
539 1401 710 1443 omnibus,
742 1399 774 1437 se
792 1414 862 1436 non
884 1402 1022 1449 amplius
1043 1402 1193 1450 religioni
1213 1404 1388 1452 gentilium
1403 1406 1570 1446 addietum
1582 1409 1664 1454 effe3
1688 1424 1765 1448 ame

151 1458 238 1491 enim
260 1453 458 1489 familiariter
481 1466 520 1488 eo
546 1451 615 1488 vsus
636 1449 748 1488 fuerat.
803 1451 931 1500 Scripsit
952 1454 988 1488 de
1001 1455 1205 1498 prouidentia
1226 1458 1370 1505 itemque
1391 1460 1427 1493 de
1447 1461 1505 1502 iis,
1531 1464 1586 1506 qui
1609 1465 1764 1499 immerito

151 1507 235 1554 sunt
257 1506 364 1552 falsu
388 1506 438 1539 vel
460 1505 616 1550 infelices..
667 1503 899 1539 Constantinus
923 1506 1100 1553 Sopatrum
1123 1505 1202 1542 dum
1227 1509 1413 1552 interemit,
1445 1524 1517 1547 non
1545 1515 1633 1550 rec'te
1666 1513 1760 1558 secit3

152 1571 254 1596 nemo
277 1559 365 1592 enim
387 1556 518 1591 coafflu‘s
543 1554 579 1591 fit
600 1557 724 1600 bonus,
750 1554 802 1590 sed
822 1568 863 1590 ex
887 1569 1012 1591 amore.

47 1610 202 1658 Sopater,
224 1611 379 1644 comicus.
406 1610 454 1642 Ex
476 1606 590 1642 fabulis
605 1609 672 1641 eius
687 1605 758 1642 sunt
778 1604 1001 1648 Ἱππᾶλυτος,
1028 1606 1256 1654 (marouwa,
1279 1613 1417 1660 Σιλφιάι
1432 1608 1450 1657 ἢ
1465 1610 1595 1658 Kindia,
1622 1620 1764 1661 Nexum,

147 1658 278 1709 Πύλῃ,
305 1657 464 1706 ’Opb-7²79,
490 1659 610 1700 Φακῆ,
639 1667 672 1692 vt
694 1659 876 1693 Athenaeus
907 1661 940 1693 in
962 1656 1233 1708 Dipnosophistis.

47 1712 205 1762 Sopater,
233 1711 391 1754 Parodus,
419 1717 533 1758 (quein
559 1724 576 1745 a
597 1711 726 1745 comico
747 1708 831 1744 male
854 1708 1020 1758 distinguit
1036 1710 1178 1757 Suidas‚)
1205 1714 1294 1749 euius
1312 1712 1422 1751 drama
1434 1710 1576 1765 Βακχὶς
1592 1719 1763 1755 Athenaeo

149 1774 362 1800 memoratur.
389 1776 417 1796 v.
440 1763 562 1796 Stanlei.
588 1759 629 1796 ad
650 1759 800 1805 Aeschyli
827 1763 956 1809 Coeph.
979 1776 1007 1796 v.
1029 1773 1106 1807 294.

48 1816 203 1865 Sopater,
233 1811 439 1863 Apamenfis,
465 1813 516 1848 vel
538 1814 646 1861 potius
669 1810 923 1853 Alexandrinu2‚
950 1811 1101 1861 sophista.
1125 1812 1257 1862 Scripsit
1282 1814 1501 1863 plurimorum
1517 1819 1678 1854 librorum
1697 1822 1761 1868 epi.

148 1876 262 1901 tomas.
288 1863 430 1913 Qdam
450 1867 545 1898 etiam
562 1865 724 1907 ἔκλογίαν
745 1863 810 1900 τῶν
827 1864 951 1911 ἱςοςιῶν
968 1874 1116 1912 excerpta
1131 1862 1302 1908 historica,
1323 1866 1381 1912 (de
1397 1869 1512 1917 quibus
1535 1870 1672 1906 Photius
1687 1870 1763 1907 cod.

148 1918 279 1961 CLXt.)
312 1918 407 1950 huius
437 1913 498 1950 esse
524 1917 624 1948 aiunt.

48 1968 201 2019 Sophilus
224 1969 397 2012 Sicyonius
420 1976 474 2001 aut
491 1966 691 2007 Thebanus,
717 1967 862 2001 comicus
885 1964 1010 2001 mediae
1026 1965 1228 2003 comoediae.
1267 1968 1345 2004 Eius
1369 1967 1496 2006 fabulae
1519 1970 1592 2009 sunt
1607 1975 1764 2022 Κιθαιρω-

147 2015 222 2062 ὃός,
249 2016 457 2066 Φύλαρχος,
490 2013 689 2066 Τυνδάρεως
709 2013 726 2061 ἢ
753 2013 866 2057 Anides,
898 2027 932 2052 et
960 2018 1094 2061 Δηλίοι,
1129 2030 1159 2054 vt
1182 2021 1224 2054 ait
1249 2021 1456 2057 Athenaeus:
1492 2025 1573 2060 item
1602 2016 1765 2075 Xcifi'dnii',

146 2067 457 2121 Παρακαταθήκῃ.
1285 2119 1295 2125 .

47 2122 210 2171 Sophistas
226 2123 382 2158 vocabant
399 2133 534 2166 omnes,
555 2131 718 2170 quotquot
744 2120 855 2156 litteris
879 2117 994 2155 eruditi
1021 2129 1128 2154 erant:
1159 2122 1259 2156 etiam
1294 2124 1422 2170 σοφίαν
1450 2123 1624 2168 musicam,
1656 2136 1690 2162 et
1712 2124 1761 2163 so·

148 2173 266 2224 phissas
281 2172 415 2209 musices
434 2175 564 2220 peritos³
585 2175 680 2208 etiam
694 2173 846 2206 tibicines.
900 2171 1003 2211 Plato,
1024 2174 1179 2213 comicus,
1196 2175 1227 2206 in
1243 2170 1386 2220 sophistis
1396 2175 1605 2219 Bachylidein
1619 2188 1763 2226 poetam,

148 2227 333 2275 Opuntiuni
348 2222 521 2271 sophistam
540 2223 689 2273 adpellat.
719 2224 946 2270 Aristophanes
961 2223 1025 2256 hoc
1039 2235 1176 2257 nomem
1189 2223 1298 2259 tribuit
1311 2229 1387 2260 artis
1400 2228 1630 2277 cuiuscumque
1645 2232 1762 2276 peritis,

149 2276 277 2312 Deinde
299 2274 437 2324 sophista
463 2273 507 2308 est
531 2274 606 2314 ille,
641 2277 695 2321 qui
717 2288 756 2309 ex
779 2273 854 2309 falsa
879 2272 1093 2308 ostentatione
1116 2272 1285 2322 sapientiae
1307 2275 1473 2324 quaestum
1496 2276 1604 2313 facere
1631 2283 1734 2315 nouit,

51 2328 248 2378 Sophocles,
269 2326 409 2376 Sophili‚
438 2325 617 2367 Colonaei,
644 2327 677 2360 F.
707 2323 928 2366 Athenieiifis,
952 2328 1108 2373 tragiCUS‚
1136 2337 1227 2361 natus
1247 2326 1385 2376 Olymp.
1407 2329 1550 2365 LXXIII.
1577 2333 1619 2365 ita
1649 2342 1679 2365 vt
1712 2345 1765 2366 an·

154 2382 202 2414 nis
226 2380 327 2414 XVll.
382 2380 513 2414 Socrate
543 2379 706 2426 antiquior
731 2374 780 2415 fit.
848 2377 912 2413 Hie
940 2378 1064 2425 primus
1101 2377 1200 2412 tribus
1229 2377 1436 2419 histrionibus
1468 2377 1537 2415 vsus
1565 2380 1610 2416 est
1639 2393 1670 2417 et
1701 2384 1765 2418 trit-

1084 2428 1176 2463 ΧΧΧ
1203 2439 1221 2462 2
1624 2432 1768 2482 agonista
