2049 2720
769 155 884 194 VITA
915 156 1079 194 GALENI

65 252 134 284 libr.
154 251 191 283 de
210 249 412 291 cognoscendis
429 246 626 292 ‘curandisque
640 252 744 281 vanimi
770 252 893 286 morbis,

64 307 139 337 quos
162 297 392 337 perturbationes
415 293 498 324 latini
522 294 683 335 adpellant3
712 297 741 323 in
767 294 833 325 libr.
858 296 893 324 dc

63 342 204 379 cuiusque
223 341 313 368 animi
333 346 515 378 peccatorum
539 340 642 367 notitia
664 346 750 377 atque
764 337 894 371 medela3

61 382 95 411 in
110 380 193 411 libris
210 384 258 412 vl.
280 381 315 410 de
328 380 398 409 locis
413 379 550 417 adfectis,
575 383 603 409 in
622 381 728 420 quibus
751 381 786 409 ad
804 383 894 410 vitam

61 423 186 461 (inimi,
211 434 299 465 quam
327 426 386 461 egit
415 424 542 453 medicus
572 424 731 463 practicus,
759 423 894 453 facientia

60 466 207 508 permulta
221 474 408 498 enarrantur-3
430 467 464 495 de
486 469 722 506 praecognitione
737 466 774 496 ad
790 469 893 507 Epige-

59 520 148 547 nem,
173 513 224 550 qui
247 509 365 551 scriptus
385 512 424 538 est
439 520 461 538 >a
481 509 593 539 Galeno
616 509 700 544 ideo,
723 517 754 539 vt
774 510 893 539 medici-

58 551 134 583 nalis
157 555 234 582 vitae
263 552 330 582 suae
350 553 471 592 posteris
494 555 639 581 rationein
669 551 821 588 redderem
862 555 912 582 in>

58 592 128 624 libr.
144 597 181 625 11.
197 594 234 624 de
248 595 387 624 antidotis
403 603 431 624 et
445 597 476 624 in
492 594 556 624 libr.
572 594 607 624 de
622 595 749 624 theriaca
764 595 800 624 ad
817 595 893 625 Piso-

58 647 143 672 nem,
163 648 215 667 nec
235 648 294 667 non
315 640 346 667 in
368 636 450 666 libris
467 636 502 667 de
520 638 799 667 medicamentorum
814 649 893 668 com-

58 681 261 721 pofitionibus.
304 682 338 710 In
359 678 480 709 consilio
499 683 603 716 etiam,
627 691 719 721 puero
735 680 893 722 epileptico

35 722 38 725 ’
59 722 145 759 dato,
169 723 311 765 quaedam
328 723 363 753 ad
378 725 440 752 eius
453 725 544 753 vitam
560 732 723 753 occurrunt.
771 725 895 767 Librum

57 767 147 796 etiam
163 766 311 807 scripserat
324 765 450 796 Galenus
464 767 524 806 περὶ
537 768 584 799 τῆς
605 765 734 801 διαβολῆς
756 768 781 795 ἓν
806 768 823 802 ᾧ
846 768 893 805 1201)

56 808 119 849 “f‘'
135 810 172 837 τί
192 806 245 837 ἰδιέ
265 811 332 844 βῖε,
356 819 442 850 quem
466 818 610 840 memorat
631 812 662 840 in
684 809 750 839 libr.
766 810 802 839 de
825 810 893 840 libr.

54 854 185 892 propriis
201 863 260 893 cap.
279 861 321 886 ¹3·
337 855 389 893 qui
405 862 477 882 vero
495 855 616 882 interiit.
653 855 685 882 In
699 852 775 882 libro
789 856 893 886 ctiam:

54 896 143 934 μέχρι
165 891 236 923 oro'ne
264 896 311 928 τῆς
337 892 412 935 παραὶ
434 899 488 924 τοῖς
509 900 623 924 πολλοῖς
644 898 724 931 τιμῆς
752 896 798 934 ια)
818 894 892 932 δόξης

56 939 207 977 φρονῇς-ἔον
238 938 297 973 ὶςὶ,
327 938 363 967 de
390 949 450 978 quo
478 938 609 979 loquitur
637 939 672 967 de
697 938 764 970 libr.
791 951 891 980 propr.

55 990 118 1021 cap.
139 990 177 1016 13.
194 979 336 1021 quaedam
353 979 446 1010 saltim
462 981 575 1011 fuerant
590 989 724 1011 contenta
745 982 781 1011 ad
799 984 889 1012 vitam

54 1022 176 1056 Galeni;
200 1034 302 1053 verum
325 1032 353 1052 et
376 1025 398 1052 is
414 1023 487 1053 liber
506 1026 628 1054 interiit.
674 1023 767 1054 Multa
789 1027 888 1061 etiam,

54 1075 130 1107 quae
148 1065 184 1095 ad
206 1068 296 1095 vitam
311 1066 412 1095 Galeni
433 1068 597 1106 pertinent,
619 1066 756 1104 leguntur
773 1070 801 1097 in
826 1070 888 1097 eius

52 1107 136 1139 libris
151 1109 212 1148 nefa*
224 1110 274 1136 τῶν
286 1106 352 1136 ἰδίων
368 1111 503 1145 βιβλίων,
528 1118 556 1139 et
576 1111 636 1150 περί
655 1112 700 1141 τῆς
720 1107 818 1145 τάξεως
839 1113 888 1139 τῶν

49 1148 122 1180 ἰδίων
135 1153 253 1186 βιβλίων
269 1150 332 1191 κρδς
349 1150 514 1186 Εὑγενιανόν,
538 1155 588 1193 qui
611 1161 735 1192 vterque
756 1153 830 1182 liber
846 1153 884 1183 le-

51 1197 131 1232 gitur
160 1196 191 1224 in
219 1195 348 1225 editione
369 1205 492 1235 operum
522 1197 708 1235 Hippocratis
735 1204 763 1225 et
783 1195 886 1225 Galerii

51 1239 244 1267 Charteriana
261 1245 333 1268 tom.
348 1239 370 1266 I.
387 1247 452 1278 pag.
470 1247 502 1273 35
521 1246 548 1267 et
563 1249 610 1273 49.
635 1237 778 1268 Galerium
797 1241 885 1268 etiam

49 1288 251 1310 memorarunt
280 1282 356 1310 inter
386 1282 510 1310 Graecos
532 1280 705 1320 Stephanus
729 1281 765 1310 de
789 1281 885 1311 vrbib.

50 1322 97 1355 Io.
118 1325 265 1360 Tzetzes,
294 1322 446 1353 chil.X11.
477 1325 576 1353 histor.
604 1332 668 1361 397-
704 1331 732 1353 et
759 1324 886 1355 Suidas.

49 1366 227 1408 scripserunt
256 1368 343 1396 etiam
369 1368 460 1395 vitam
487 1365 610 1402 Galeni,
646 1373 695 1395 aut
724 1370 822 1408 potius
847 1367 882 1397 de

49 1411 112 1439 eius
136 1411 196 1439 vita
217 1408 315 1450 aliqua
341 1411 502 1438 memoriae
532 1409 715 1439 tradiderunt
734 1409 881 1449 Sympho-

45 1451 158 1483 «ianus
175 1451 390 1492 Champerius‚
419 1454 450 1481 in
470 1451 536 1483 libr.
557 1452 594 1482 de
617 1452 778 1482 medicinae
799 1453 881 1482 elaris

48 1493 256 1536 scriptoribus,
277 1497 328 1535 qui
349 1505 415 1524 curu
436 1494 499 1524 aliis
519 1495 613 1524 lucem
636 1495 711 1525 vidit
731 1498 760 1525 in
776 1507 804 1531 4.
823 1497 881 1525 siue

48 1537 103 1567 loc.
126 1544 154 1572 et
175 1547 268 1573 anno,
287 1548 340 1567 nec
360 1548 418 1567 non
439 1539 469 1567 in
491 1540 550 1568 vita
570 1537 691 1574 Galeni,
715 1548 789 1579 quae
813 1550 882 1579 pro-

43 1579 136 1610 lixius
157 1579 305 1610 elaborata
327 1581 363 1609 ab
385 1580 488 1610 eodem
510 1583 629 1611 aridiore
643 1581 748 1619 legitur
763 1584 793 1611 in
810 1588 878 1622 ope-

46 1633 114 1654 rum
136 1623 238 1653 Galeni
257 1623 386 1653 editione
406 1632 508 1664 quarta
524 1625 662 1665 Papienfi‚
687 1635 754 1654 cura
772 1626 879 1655 Rustici

46 1665 222 1701 Placentini,
258 1669 340 1702 1516.
374 1665 425 1697 fol.
443 1677 548 1703 2—4.
581 1668 645 1698 Iac.
662 1666 818 1697 Matthias
849 1670 878 1698 in

47 1717 120 1739 orat.
135 1708 169 1738 de
185 1711 244 1739 vita
259 1709 362 1740 Gale-ni
377 1712 407 1739 in
425 1709 497 1740 Phil.
515 1709 735 1740 Melancbthon.
756 1710 878 1751 praefat.

45 1760 76 1782 et
97 1761 168 1783 orat.
191 1760 262 1782 tom.
278 1755 316 1783 11.
337 1763 402 1792 pag.
421 1761 485 1788 395.
510 1752 664 1783 Antonius
679 1753 883 1790 ananellus,

41 1797 77 1833 jn
98 1795 236 1836 operibus
258 1795 355 1825 multis
377 1805 405 1825 et
425 1797 534 1831 variis,
557 1807 621 1825 cum
637 1795 673 1824 ad
691 1796 825 1826 tuendam
842 1795 883 1825 sa·

38 1838 184 1873 ''uitatem‚
220 1846 282 1868 tum
302 1839 337 1867 ad
359 1838 557 1878 profligandos
579 1839 699 1868 morbos
721 1838 881 1879 plurimum

47 1880 285 1910 conducentibus.
303 1882 412 1918 Tigur.
436 1891 512 1918 1557.
531 1881 583 1910 fol.
607 1881 686 1912 Alar.
703 1881 880 1916 lVern-erns,

45 1925 78 1954 in
99 1932 172 1952 orat.
194 1922 229 1952 de
252 1925 310 1952 vita
335 1922 457 1958 Galeni,
480 1925 579 1953 Viteb.
600 1932 684 1960 1570.
714 1925 763 1954 lo.
781 1924 880 1954 Mart.

10 1993 16 1996 .
33 1963 226 2005 ‘Eifiasi'tius
248 1964 528 2003 (Ganibatensanus‚
563 1967 595 1996 in
623 1976 714 2004 regno
736 1965 879 2007 Neapoli-

46 2012 129 2046 tano)
146 2009 181 2038 de
198 2011 256 2038 vita
274 2008 388 2038 Galeni.
410 2008 538 2048 Neapol.
558 2008 635 2049 apud
651 2010 808 2038 Horatium
823 2008 878 2038 Sal-

45 2053 182 2088 vianum,
207 2061 283 2089 ¹577·
298 2062 327 2086 4·
351 2052 385 2081 E.
402 2051 436 2081 de
456 2052 547 2087 l'ilsa,
569 2053 598 2081 in
614 2051 707 2081 libro:
730 2051 776 2082 las
792 2051 881 2081 vidus

44 2093 81 2126 de
97 2096 173 2125 duze
189 2095 343 2134 principes
357 2095 392 2124 de
411 2095 439 2123 la
454 2095 611 2124 medicina.
631 2093 774 2134 Bmgos,
799 2098 879 2131 1547.

39 2133 73 2170 ’8.
94 2148 153 2178 cap.
169 2148 195 2176 7.
211 2149 274 2178 pag.
295 2143 353 2173 ¹48·
397 2138 522 2166 Praefixa
537 2140 624 2167 etiam
641 2140 679 2166 est
694 2140 753 2166 vita
767 2137 881 2173 Caleni,

43 2190 113 2219 v(tum
127 2180 201 2216 aliis,
226 2181 301 2210 lechi
319 2180 499 2217 digniffinfis,
516 2180 550 2208 ad
569 2181 718 2209 historiam
736 2179 880 2209 librorum

45 2222 150 2253 Galeni
171 2224 400 2264 pertinentibus,
424 2224 542 2252 aqure
566 2224 655 2252 Conr.
671 2225 800 2252 Gesnero
817 2223 877 2253 edi-

47 2265 123 2295 tioni
150 2277 271 2306 operum
297 2265 399 2295 Galeni
423 2267 622 2294 Frobmianae
651 2268 764 2296 tertiae.
796 2265 877 2295 Bafil.

48 2310 132 2343 1562.
146 2307 188 2337 fol
241 2309 293 2338 Sed
314 2310 347 2338 hi
371 2319 472 2338 onmes
496 2319 598 2348 parum
618 2318 748 2338 accurate
772 2311 801 2337 in
820 2309 878 2338 hoc

47 2358 218 2387 argumento
237 2350 300 2380 sunt
321 2350 445 2384 tersuri,
468 2358 498 2381 vt
520 2353 596 2381 recte
620 2351 774 2380 Mentclius
798 2353 877 2381 testa-

49 2398 114 2427 tur,
143 2396 172 2422 in
193 2393 311 2433 epistola
334 2394 369 2423 ad
393 2394 559 2425 Lubbeum.
589 2404 658 2423 mox
681 2395 811 2429 citanda,
836 2395 876 2423 di-

48 2443 130 2466 cens:
157 2436 250 2467 aliam
272 2437 386 2474 vitam,
415 2437 492 2472 alios
503 2436 671 2480 scriptores
692 2447 757 2468 eum
778 2435 878 2468 ακὲἳσ-

1301 160 1374 197 Lib.
1385 160 1455 198 IV.
1471 175 1494 198 c.
1508 162 1613 199 XIX.
1715 173 1777 213 379

935 261 998 282 rem
1011 249 1179 293 postulaffl,
1203 261 1288 293 quam
1305 256 1402 286 aetati
1423 257 1485 287 eius
1500 261 1619 288 tantum
1634 258 1775 300 sionfitp-

933 305 995 334 par
1008 294 1154 334 Eusebius
1176 296 1206 325 in
1229 296 1295 326 libr.
1310 299 1346 329 V.
1365 297 1464 339 histor.
1483 310 1546 339 cap.
1567 302 1618 329 vlt.
1634 302 1772 342 testatur,

937 338 1030 367 etiam
1051 348 1069 367 a
1091 339 1239 368 nonnullis
1263 340 1426 371 adoratum
1439 341 1550 383 fiuſjb,
1581 347 1609 372 et
1634 344 1772 375 Alsxan-

937 381 992 410 der
1018 380 1191 410 Trallianus
1212 380 1352 411 θειότατον
1374 386 1512 424 appellat.
1562 385 1693 423 Elogium
1717 389 1774 417 Ga.

937 423 995 453 leni
1011 423 1250 461 chronologicum
1267 425 1426 466 Philippus
1442 427 1593 463 hibbam,
1616 429 1696 459 velut
1714 430 1773 471 spe-

938 469 1031 495 cimen
1056 466 1250 496 bibliothecae
1278 467 1343 497 suae
1372 470 1542 500 vniuersalis
1564 471 1639 500 milit
1662 474 1771 504 strenae

936 508 1002 538 loco
1022 509 1057 538 ad
1079 510 1218 538 Iacobum
1234 511 1424 547 Mentelium‚
1446 522 1472 542 et
1494 515 1621 554 praefixa
1639 516 1773 546 Mente-lii

937 551 1057 592 epistola
1076 552 1170 582 edidit
1186 553 1272 583 Paris.
1290 557 1369 585 1660.
1392 566 1425 584 ex
1448 558 1641 596 typographia
1658 558 1773 589 Claudii

937 595 1108 629 Cramoisy,
1131 597 1162 624 in
1179 602 1202 628 8.
1219 598 1234 612 ’¹‘
1277 596 1374 626 Alium
1398 607 1547 638 praeterea
1570 600 1701 629 libellum
1723 612 1772 632 eo-

935 637 1003 667 dem
1023 649 1099 667 anno
1122 643 1204 670 1660.
1227 639 1360 669 Labbeus
1383 642 1459 669 misit
1480 641 1515 669 ad
1536 642 1701 672 Guidonem
1723 646 1774 673 Pa-

936 683 1030 711 tinum
1050 689 1079 711 et
1102 682 1230 717 Parisiis,
1252 683 1329 722 apud
1353 682 1430 712 Guil.
1448 683 1558 713 Benard
1580 685 1682 714 excudi
1706 685 1776 716 fecit

936 726 966 754 in
984 730 1008 757 8.
1022 725 1076 754 hoc
1091 724 1195 754 titulo:
1223 724 1298 755 Vita
1311 724 1433 756 Claudii
1450 725 1558 756 Galeni
1574 727 1772 767 Pergameni,

935 767 1118 797 medicorum
1137 767 1304 807 principis,
1335 778 1373 798 ex
1386 770 1526 808 propriis
1553 771 1694 810 operibus
1715 772 1772 802 col-

933 809 1017 840 leffa.
1042 812 1106 840 Hoc
1123 813 1294 851 paginarum
1311 817 1356 846 83.
1373 811 1544 852 opusculum
1560 814 1667 843 constat
1683 817 1772 845 meris

934 853 1038 883 Galeni
1054 852 1135 887 locis,
1158 864 1192 883 ex
1208 854 1337 884 editione
1351 857 1502 885 Iuntarum
1517 854 1606 885 latine
1622 856 1771 898 descriptis

935 903 1021 936 atque
1045 907 1096 937 per
1124 896 1276 926 interualla
1304 906 1430 938 quatuor
1457 898 1493 926 ab
1518 905 1585 928 ortu
1607 898 1708 929 Galeni
1734 901 1770 930 ad

934 949 1040 968 annum
1066 942 1168 968 aetatis
1184 950 1223 969 21.
1240 950 1284 975 29.
1301 951 1350 975 40.
1374 949 1402 969 et
1424 941 1538 969 obitum
1560 952 1651 981 vsque
1671 942 1770 972 distin-

934 982 985 1010 &is
996 1004 1005 1017 ‚
1027 981 1171 1021 adscripto
1188 981 1308 1011 subinde
1330 985 1359 1011 in
1374 985 1504 1020 margine
1527 994 1604 1013 anno
1620 985 1726 1014 Christi
1738 992 1769 1015 et

932 1026 1034 1053 aetatis
1047 1024 1160 1054 Galeni.
1206 1027 1244 1053 Ea
1267 1025 1329 1054 loca
1345 1028 1443 1055 omnia
1462 1026 1503 1055 Io.
1518 1025 1590 1056 Alb.
1606 1026 1769 1059 Fabricius

930 1067 1119 1096 ednotauerat
1134 1070 1165 1096 in
1182 1066 1278 1105 elogio
1295 1068 1397 1098 Galerii
1420 1067 1630 1106 chronologico
1646 1070 1768 1109 Labbei,

931 1111 1010 1150 quod
1025 1112 1198 1150 praefixerat
1214 1113 1244 1139 in
1259 1110 1395 1141 biblioth.
1412 1113 1521 1141 Graeca
1536 1114 1625 1151 capiti
1642 1113 1678 1142 de
1699 1113 1767 1144 scri-

930 1155 985 1192 ptis
1002 1153 1119 1181 Claudii
1135 1152 1246 1181 Caleni.
1291 1154 1417 1183 Videtur
1439 1156 1526 1183 etiam
1549 1157 1668 1185 tertium
1690 1167 1766 1197 opu-

928 1194 1037 1224 sculum
1052 1195 1211 1235 promifiss‘e
1225 1195 1383 1232 Labhus,
1405 1196 1626 1235 chronologiam
1640 1209 1767 1238 operum

929 1237 1051 1273 Galerii,
1080 1237 1179 1268 saltem
1201 1248 1322 1273 eorum,
1363 1248 1437 1279 quae
1464 1240 1573 1269 exstare
1595 1240 1765 1276 noscuntur,

928 1291 1002 1320 quae
1028 1279 1133 1310 scilic-:t
1154 1282 1250 1322 primo
1272 1280 1358 1318 loco,
1379 1292 1453 1322 quae
1466 1281 1571 1311 deinde
1592 1284 1622 1312 sn
1644 1283 1765 1314 decursu

928 1325 1044 1359 aetatis,
1069 1334 1143 1364 quae
1165 1323 1281 1353 tandem
1302 1326 1333 1354 in
1353 1323 1500 1354 senee'moe
1520 1325 1680 1368 conscripta
1700 1326 1763 1357 fue-

925 1367 994 1396 rint.
1039 1366 1092 1396 Sed
1113 1365 1162 1396 illa
1184 1377 1342 1408 numquam
1357 1368 1432 1397 vidit
1453 1366 1563 1404 lucem,
1586 1379 1681 1410 neque
1700 1369 1764 1400 edi-

925 1416 1003 1438 tores
1016 1420 1140 1450 operum
1152 1408 1254 1440 Galeni
1269 1410 1303 1439 de
1313 1409 1394 1440 libris
1410 1411 1472 1440 eius
1489 1412 1615 1441 auctoris
1632 1412 1667 1441 ad
1684 1413 1762 1442 hune

926 1451 1060 1481 ordinem
1089 1452 1254 1490 digerendis
1281 1455 1454 1491 cogitarunt.
1510 1454 1616 1485 Vitam
1641 1453 1762 1487 Claudii

927 1494 1038 1525 Galeni
1053 1495 1256 1535 Pergameni,
1277 1496 1461 1526 medicorum
1476 1497 1608 1527 omnium
1626 1496 1665 1528 ab
1681 1498 1762 1538 Hip-

923 1542 1053 1576 pocrate
1072 1539 1239 1578 principis,
1264 1548 1302 1568 ex
1324 1537 1385 1579 ipso
1408 1542 1436 1569 et
1454 1539 1599 1578 probatis
1621 1540 1762 1572 authori-

925 1579 980 1610 bus
994 1580 1141 1612 colleffam
1163 1581 1366 1622 digestamque
1389 1581 1497 1622 scripsit
1512 1582 1648 1613 [leviatus
1664 1583 1759 1614 Char-

915 1624 1036 1660 ‚ter-ius,
1066 1635 1188 1665 eamque
1210 1627 1240 1654 in
1261 1635 1386 1665 operum
1402 1626 1590 1665 Hippocratis
1610 1634 1638 1655 et
1653 1625 1761 1658 Caleni

922 1674 993 1696 tom.
1011 1669 1033 1696 1.
1055 1678 1070 1696 a
1094 1679 1156 1707 pag.
1174 1677 1221 1702 53.
1244 1678 1336 1708 vsque
1358 1667 1394 1696 ad
1417 1678 1481 1708 pag.
1498 1674 1543 1703 98.
1563 1669 1666 1698 excudi
1682 1669 1761 1700 fecit.

922 1712 1034 1739 Verum
1050 1710 1241 1751 profufiffimo
1255 1712 1387 1740 sermone
1401 1713 1431 1739 in
1445 1711 1499 1740 hac
1517 1713 1576 1741 vim
1593 1711 1681 1750 longe
1696 1712 1763 1753 plu-

925 1754 999 1782 rima
1015 1753 1090 1782 die'ta
1109 1752 1191 1789 sunt,
1216 1755 1338 1783 minime
1352 1753 1388 1782 ad
1403 1753 1507 1784 Galeni
1523 1756 1613 1784 vitam
1631 1755 1761 1785 referen-

925 1795 975 1824 da.
1005 1806 1100 1836 neque
1123 1796 1218 1833 ordo,
1243 1807 1302 1837 quo
1325 1806 1529 1834 argumentum
1546 1797 1629 1827 suurn
1649 1807 1762 1840 pertra-

924 1838 1031 1874 tinuit,
1061 1841 1196 1878 cuiquam
1219 1839 1331 1880 placere
1353 1840 1455 1879 potest.
1501 1839 1635 1878 Elogium
1657 1841 1762 1873 Galeni

924 1881 1088 1921 conscripsit
1111 1881 1211 1911 Iulius
1226 1881 1475 1915 Alexandrinus,
1497 1882 1576 1922 quod
1598 1882 1692 1912 lucem
1715 1886 1761 1914 vi-

923 1922 966 1952 dit
982 1926 1129 1957 Venetiis,
1153 1924 1230 1964 apud
1245 1927 1360 1958 luntas,
1386 1930 1465 1960 1548.
1482 1930 1506 1956 8.
1542 1927 1637 1954 Vitam
1654 1935 1683 1956 et
1695 1925 1760 1956 lau-

924 1965 972 1994 des
986 1966 1034 1996 Io.
1050 1965 1090 1996 H.
1107 1965 1208 1996 Acker
1224 1969 1254 1996 in
1267 1966 1362 2007 opusc.
1379 1965 1525 2007 eloquent.
1550 1970 1611 1999 Ien.
1627 1978 1706 2008 1717.
1732 1976 1760 2004 8.

922 2007 987 2037 fasc.
1005 2018 1026 2043 3.
1071 2011 1168 2038 Vitam
1185 2011 1272 2039 etiam
1289 2008 1412 2045 Caleni,
1433 2017 1461 2039 at
1478 2010 1648 2041 succinctam
1660 2036 1668 2048 ‚
1693 2012 1761 2043 scri·

923 2051 1004 2092 psere
1019 2051 1172 2092 scriptores
1187 2052 1223 2082 de
1240 2052 1400 2082 medicinae
1416 2054 1536 2083 historia
1552 2055 1681 2094 quidam,
1693 2067 1758 2094 v.g.

923 2094 967 2124 Io.
982 2094 1129 2131 Berm‘er,
1159 2097 1189 2124 in
1211 2094 1277 2125 libr.
1294 2094 1403 2136 Eſjays
1423 2095 1460 2126 de
1478 2096 1643 2133 medicine,
1675 2108 1712 2129 ou
1736 2099 1761 2129 it

923 2138 962 2177 est
981 2134 1076 2167 traite'
1092 2138 1128 2167 de
1149 2137 1297 2180 l’histoire
1317 2139 1353 2168 de
1366 2138 1397 2168 la
1410 2139 1559 2170 medecine
1580 2145 1608 2171 et
1629 2142 1680 2172 des
1700 2151 1759 2172 me-

923 2180 1042 2217 decius,
1068 2179 1169 2221 Paris.
1189 2185 1265 2219 1689.
1291 2190 1320 2216 4.
1343 2189 1415 2222 part.
1431 2184 1454 2211 Ι.
1485 2193 1547 2224 cap.
1562 2194 1587 2218 4.
1613 2195 1677 2225 pag.
1697 2192 1758 2220 105.

924 2223 1008 2253 Dan.
1033 2222 1177 2259 Clericus,
1209 2226 1239 2254 in
1260 2223 1327 2254 libr.
1347 2223 1468 2265 histoire
1488 2225 1526 2255 de
1551 2227 1582 2256 la
1611 2228 1758 2258 medecina

921 2273 994 2306 part.
1010 2267 1061 2295 111.
1077 2265 1143 2295 libr.
1160 2267 1212 2296 111.
1229 2277 1294 2308 pag.
1310 2270 1368 2296 660
1383 2267 1422 2307 sq.
1446 2268 1513 2297 edit.
1530 2271 1628 2306 Hagae
1648 2272 1757 2301 Comit.

928 2318 1010 2344 1729.
1035 2318 1064 2344 4.
1092 2310 1126 2338 in
1154 2320 1214 2351 quo
1242 2308 1379 2340 vniuerso
1399 2309 1477 2339 libro
1501 2313 1535 2339 de
1558 2312 1659 2340 Galeni
1684 2316 1755 2350 vita,

922 2351 1034 2392 scriptis
1057 2359 1143 2391 atque
1164 2355 1217 2389 iis,
1240 2364 1314 2394 quae
1337 2354 1361 2381 is
1380 2353 1415 2381 ad
1436 2353 1608 2382 medicinam
1629 2355 1753 2395 amplifi.

922 2395 1041 2424 caudam
1057 2395 1197 2431 contulit,
1222 2395 1379 2425 doffissimc
1395 2403 1481 2435 atque
1495 2397 1682 2436 copiofissime
1698 2409 1754 2428 xta.

922 2438 1026 2468 &arun
1051 2437 1182 2469 Gottlc'eb
1197 2438 1308 2478 Stolle,
1328 2439 1359 2469 in
1370 2437 1425 2469 a'er
1436 2438 1603 2481 Anleitung
1619 2449 1680 2470 zur
1695 2441 1756 2471 Hi-

972 2483 997 2516 B
1009 2482 1027 2516 b
1040 2481 1058 2516 b
1085 2493 1103 2516 2
1658 2483 1756 2526 storia
