2049 2720
229 141 294 180 ET
319 139 506 190 QnDEM
532 137 860 183 ornvmoizvsr
895 139 1121 179 RacrNsm
1149 142 1219 180 Lib.
1233 141 1301 180 JV.
1315 156 1336 180 c.
1351 143 1460 180 XIX.
1478 145 1532 191 (οι.
1544 144 1691 193 XVII.)
1718 160 1777 192 401

0 232 13 236 ”
65 236 142 274 dem
163 236 254 288 quod
277 239 422 286 optimus
444 234 589 271 medicus
609 233 697 271 idem
722 233 760 270 fit
780 244 813 270 et
834 232 1057 283 philosophus.
1082 235 1271 282 Rostochii‚
1300 241 1384 286 typis
1406 240 1661 284 Myliandrinis.
1688 256 1776 279 anno

62 289 130 334 (15)
144 302 191 336 9¹·
209 301 239 333 4.
255 293 272 311 ss
324 288 381 323 Nil
405 290 531 336 proprii
556 299 666 322 tamen
692 300 730 322 ea
757 286 856 322 editio
878 290 1043 328 continet,
1077 286 1117 322 ad
1140 287 1350 325 Basileensem
1371 304 1522 339 graecam
1545 291 1698 340 expressa.
1728 313 1778 321 —-

64 341 183 376 Galcni
201 338 404 389 paraphrasis
425 341 461 374 in
478 338 654 375 Menodoti
670 339 934 373 exhortationem
951 337 991 373 ad
1011 349 1103 375 artes.
1130 352 1244 388 graece
1261 351 1292 376 et
1310 341 1427 381 latine,
1455 356 1530 378 cum
1549 345 1710 379 Frater-ici
1725 347 1780 378 Ia.

60 395 152 428 motii
166 392 441 427 annotationibus.
470 393 573 427 Lutet.
588 397 672 435 ¹583·
690 402 720 433 4.
745 410 798 417 -
823 389 933 424 Exstat
949 392 1045 425 etiam
1063 403 1112 439 gr.
1131 401 1162 426 et
1174 391 1228 426 lat.
1245 405 1322 428 cum
1337 393 1541 437 aliisGaleni‚
1554 408 1636 430 cura
1659 396 1779 431 Theca.

62 443 226 491 Goulston.
253 441 394 480 Londin.
419 445 511 485 1640.
528 455 560 485 4.
595 443 711 477 Galeni
735 439 922 477 admonitio
946 441 985 476 ad
1004 441 1127 477 litteras
1149 441 1364 482 addiscendas.
1388 449 1536 494 primum
1557 459 1673 495 graece
1694 445 1782 497 sepa.

59 497 157 530 ratim
181 494 280 530 edidit
299 496 330 531 I.
348 495 393 530 G.
413 494 503 530 Guil.
518 494 661 529 Koehler.
695 490 778 540 Lips.
804 500 893 536 1778.
918 500 948 533 3.
965 495 982 514 *
1042 492 1169 529 Glossas
1194 497 1293 530 etiam
1319 496 1362 532 ad
1391 507 1513 533 textum
1533 498 1779 548 explicandum,

59 557 193 593 graecas
213 545 319 582 editor
339 543 480 588 addidit,
506 543 578 580 vsus
600 556 746 580 ceterum
768 554 857 580 textu
873 546 1043 580 Charterii.
1096 544 1245 595 [Dehac
1269 545 1342 583 edit.
1366 547 1430 585 vid.
1446 552 1586 586 omnino
1600 551 1681 587 Bibl.
1700 553 1779 587 Crit.

57 597 166 634 Amst.
184 597 249 632 vol.
267 598 305 634 ΙΙ.
321 606 401 645 part.
417 598 458 630 11.
481 609 555 646 pag.
575 604 618 643 98
637 594 681 644 sq.
710 597 762 630 vbi
781 605 812 630 et
835 597 1041 632 coniee‘lurae
1057 599 1089 631 in
1104 610 1179 632 cum
1197 596 1316 633 librum
1332 602 1590 647 proponuntur.]

161 649 274 684 Latini
301 651 488 697 interpretes
517 646 608 684 sunt:
660 649 844 684 Ludouicus
860 648 1076 695 Belt‘isarius,
1109 648 1325 692 Mutinensis,
1356 653 1445 686 cuius
1472 651 1577 687 versio
1601 651 1722 700 legitur
1746 656 1780 689 in

60 697 150 736 editt.
173 701 292 736 Iuntin.
316 712 455 750 operum
480 699 608 736 Galeni.
634 720 685 727 —
710 701 866 734 Erasmus
883 700 1136 741 Roterodamus,
1163 704 1253 736 cuius
1273 701 1377 738 verfio
1400 701 1533 739 seorfim
1554 704 1678 753 prodiit
1698 705 1780 741 Basr-

57 749 146 794 leae,
174 753 261 796 1526.
284 758 314 796 8.
374 753 457 787 Earn
488 753 646 786 Iamotius
675 752 939 787 annotationibus
964 752 1138 801 explicauit
1160 754 1192 788 in
1216 754 1334 789 Galerii
1355 756 1545 804 paraphrasi
1563 758 1596 790 in
1616 757 1780 793 Mmodoti

57 802 308 838 exhortationem
329 803 373 837 ad
395 804 571 838 liberalium
592 805 713 838 artium
724 801 855 849 studia,
881 804 977 838 latine
997 816 1036 838 ex
1056 806 1318 850 interpretatione
1333 806 1466 841 Erasmi
1485 808 1695 843 Roterodami
1712 820 1780 844 cum

59 856 319 889 annotationibus
339 855 418 891 ch.
434 856 574 890 lametii.
601 857 704 890 Lutet.
729 861 807 899 1581.
830 855 892 898 4.*
917 875 964 882 -
994 856 1109 891 Sixtur
1127 856 1301 900 Αντενὶω,
1333 872 1362 893 c.
1385 860 1489 900 notis,
1517 861 1551 894 in
1574 859 1689 908 quibus
1711 870 1780 896 tex-

58 914 109 941 tus
136 918 272 954 graecus
293 905 486 942 emendatur
508 917 539 942 et
560 906 744 943 illustratur.
807 904 931 942 Prodiit
955 909 995 942 ei.
1022 907 1126 943 versio
1153 921 1180 942 c.
1202 907 1272 944 libr.
1296 909 1386 956 quod
1408 913 1553 958 optimus
1574 911 1719 946 medicus
1741 911 1779 947 fit

58 969 192 1006 quoque
214 955 448 1006 philosophus,
482 959 672 993 Franecker.
691 961 777 994 1516.
792 970 829 1001 Α.
859 978 913 985 -
947 959 1023 996 Ren.
1042 960 1229 996 Charterius
1243 962 1372 1009 ‘priores
1391 960 1554 997 vectiones
1576 962 1779 1006 emendauir,

56 1018 93 1055 γε
109 1007 231 1051 verfio,
251 1008 290 1043 ab
312 1006 381 1058 ipso
407 1006 511 1052 saeta,
534 1021 623 1045 noua
644 1008 745 1044 videri
767 1006 871 1056 poffit.

161 1080 192 1113 7·
217 1068 305 1117 Πςός
325 1066 551 1119 Πατρὲφιλον
574 1069 651 1118 περὶ
673 1065 847 1109 συςοῖσεως
861 1070 1030 1119 {memte
1084 1069 1139 1105 Dc
1159 1069 1379 1117 tonstitut'ione
1392 1074 1481 1109 ⁴artis
1500 1075 1630 1110 medicae
1650 1075 1695 1111 ad
1711 1074 1779 1110 Pa-

58 1121 235 1166 trophilum
255 1122 338 1156 tiber.
398 1121 508 1156 Exstat
538 1124 571 1154 in
600 1121 675 1156 edit.
697 1122 796 1168 Oper.
825 1120 940 1156 Galeni
968 1120 1086 1156 Aldina
1109 1126 1233 1158 tom.1.
1255 1121 1315 1158 fol.
1331 1133 1378 1165 18.
1404 1127 1438 1160 in
1459 1125 1534 1161 edit.
1557 1139 1664 1174 graec.
1683 1125 1778 1163 Bafil.

58 1181 141 1208 tom.
159 1172 181 1207 I.
205 1184 277 1220 pag.
296 1183 346 1215 34.
374 1173 407 1207 in
428 1171 503 1208 edit.
524 1173 566 1206 R.
583 1172 731 1206 Charter.
754 1183 837 1206 tom.
854 1172 891 1206 Π.
915 1186 988 1221 pag.
1004 1185 1072 1216 ¹70·
1100 1175 1133 1208 in
1153 1171 1289 1221 septima
1310 1177 1478 1211 Iuntarum
1498 1177 1597 1212 latina
1619 1180 1652 1213 in
1672 1175 1779 1226 isago-

49 1225 136 1272 gicis
161 1220 222 1259 fol.
241 1234 286 1268 35.
319 1222 461 1258 Galenus
480 1221 588 1258 adhuc
614 1222 734 1257 librum
752 1223 855 1258 alium
876 1220 1062 1272 scripserat,
1085 1222 1126 1258 ad
1149 1224 1305 1260 eumdem
1328 1226 1430 1261 finem
1456 1230 1694 1275 pertinentem,
1720 1230 1777 1277 qui

50 1287 136 1310 vero
160 1271 310 1309 interiisse
333 1273 471 1310 videtur.
504 1273 569 1310 vid.
593 1287 662 1323 cap.
679 1285 702 1310 1.
728 1277 794 1309 eins
818 1274 890 1309 libri
913 1288 985 1323 pag.
997 1287 1063 1319 171.
1083 1284 1173 1311 tom.
1191 1277 1231 1309 11.
1280 1278 1359 1312 Erat
1379 1276 1412 1312 id
1436 1292 1519 1326 opus
1535 1278 1664 1315 duobus
1685 1279 1775 1316 libris

49 1323 354 1374 ¹comprehensum,
372 1325 542 1375 >tituloque
559 1326 639 1376 ,περἶ
655 1327 793 1373 ’τεχνῶν
810 1323 991 1367 πυςοὶσεως
1014 1329 1047 1362 in
1069 1325 1178 1362 lucem
1196 1326 1370 1367 emissum,
1397 1340 1531 1366 notan-te
1552 1329 1624 1380 ipso
1643 1331 1776 1367 Galerio

57 1379 92 1414 in
111 1387 177 1413 arte
199 1377 286 1413 med.
302 1391 372 1426 cap.
387 1391 434 1422 37.
451 1391 526 1428 pag.
543 1389 614 1421 230.
630 1389 709 1413 tom.
724 1380 761 1414 ΙΙ.
807 1380 1037 1414 Continentur
1053 1381 1092 1412 in
1113 1392 1154 1414 eo
1174 1378 1337 1415 elementa
1360 1378 1537 1425 systematis
1558 1382 1776 1419 elaboratiora

49 1431 144 1472 iam,
171 1428 259 1478 quod
279 1430 421 1465 Galenus
442 1429 600 1465 condidit.
653 1427 790 1464 Videtur
805 1430 946 1466 Galenus
966 1431 1056 1466 hunc
1076 1429 1198 1466 librum
1220 1430 1438 1480 conscripsisse
1460 1447 1500 1470 eo
1516 1444 1686 1482 tempore,
1709 1447 1775 1483 quo

57 1482 125 1517 iam
149 1480 323 1516 confilium
348 1484 455 1531 operis
482 1481 522 1516 de
544 1479 600 1516 vsu
622 1483 764 1530 partium
786 1479 944 1517 scribendi
967 1492 1115 1532 ceperat:
1146 1496 1215 1531 cap.
1238 1486 1326 1519 enirn
1345 1497 1373 1520 2.
1395 1498 1470 1533 pag.
1488 1498 1544 1529 ¹72
1560 1496 1590 1521 et
1608 1497 1672 1531 173.
1695 1485 1775 1522 dicit

49 1531 100 1567 »de
123 1532 204 1575 fine,
246 1545 313 1582 quo
337 1530 484 1581 singulae
507 1535 654 1580 corporis
679 1542 785 1581 partes
805 1548 823 1568 a
844 1535 918 1569 Deo
944 1531 1051 1569 saetae
1076 1532 1138 1568 fint
1162 1548 1201 1569 ac
1224 1534 1264 1570 de
1284 1534 1458 1584 proposito
1482 1536 1515 1572 id
1543 1547 1775 1585 argumentum

57 1583 189 1620 vlterius
211 1581 448 1633 prosequendi,
487 1584 576 1634 quod
604 1583 740 1634 perfecit
762 1587 795 1620 in
815 1586 999 1621 immortali
1030 1599 1130 1634 opere
1158 1585 1199 1621 de
1216 1585 1282 1621 ‘vsu
1304 1590 1456 1636 partium.
1515 1585 1611 1624 Liber
1631 1592 1776 1626 bererum

53 1632 192 1684 scriptus
212 1635 256 1671 est
279 1639 312 1671 in
332 1638 479 1673 tironum
492 1634 608 1678 vsum,
633 1648 667 1672 vt
682 1640 852 1685 epitomen
865 1635 1032 1672 vniuersae
1049 1636 1233 1673 medicinae
1250 1640 1424 1681 haberent,
1452 1649 1483 1675 et
1502 1642 1719 1686 theoreticae,
1744 1651 1777 1677 et

36 1688 237 1737 ‚jpratsticaffi
263 1684 373 1723 forsan
393 1691 492 1724 etiarn
516 1702 585 1724 non
607 1687 648 1723 ad
672 1689 871 1731 editionem,
898 1689 986 1739 quod
1008 1687 1115 1725 saltim
1130 1688 1289 1727 rcredibile
1311 1689 1355 1726 est
1379 1704 1419 1726 ex
1436 1703 1503 1733 ve0‚
1527 1690 1615 1740 quod
1633 1693 1776 1728 Galenus

58 1741 125 1775 eius
146 1738 272 1776 nullam
286 1742 493 1776 mentionem
510 1738 607 1782 fecit,
634 1753 740 1789 neque
764 1743 798 1776 in
821 1740 904 1776 libro
925 1740 965 1776 de
984 1741 1070 1775 libris
1095 1744 1253 1790 propriis,
1281 1756 1387 1791 neque
1410 1744 1445 1777 in
1464 1743 1579 1779 libello
1599 1743 1639 1780 de
1661 1744 1777 1780 ofdine

58 1790 221 1827 librorum
244 1789 375 1827 suorum
391 1791 430 1827 ad
445 1793 685 1840 Eugenianum.
739 1790 892 1828 Confecit
913 1806 990 1827 eum
1010 1792 1130 1828 librum
1155 1791 1224 1828 fere
1247 1807 1288 1830 eo
1311 1804 1479 1843 tempore,
1506 1808 1571 1844 quo
1594 1797 1777 1845 pestilentia

59 1842 193 1879 Romae
209 1853 240 1878 et
254 1846 288 1879 in
302 1842 394 1878 Italia
418 1841 577 1878 saeuiente
595 1841 661 1891 ipse
680 1841 710 1879 se
730 1847 764 1878 in
779 1844 997 1893 Campaniam
1019 1843 1227 1887 subduxerat,
1253 1858 1291 1880 ac
1313 1845 1431 1881 deinde
1455 1847 1488 1880 in
1507 1850 1648 1894 patriam
1670 1845 1776 1883 fuerat

21 1935 25 1941 Ι
59 1891 239 1944 Ρτοῖεέἰυε.
291 1896 376 1929 Citat
401 1896 437 1928 in
459 1907 499 1929 eo
523 1908 594 1942 cap.
609 1908 641 1939 9.
661 1908 735 1942 pag.
753 1902 817 1936 181.
844 1895 966 1930 librum
987 1894 1065 1944 περ’)
1087 1893 1236 1944 κράσεων
1258 1906 1289 1932 et
1303 1897 1378 1947 ‘zi-54²2
1395 1893 1609 1947 ἁποὸάξεως.
1636 1912 1705 1946 cap.
1723 1911 1775 1935 10.

60 1959 136 1995 pag.
156 1952 220 1988 ¹8²-
247 1945 388 1980 citantur
406 1942 641 1995 θεραπευτικὴ
660 1942 822 1993 fidentias,
850 1958 881 1981 et
906 1945 979 1981 libri
1000 1947 1066 1984 τῶν
1089 1946 1240 1991 &simiat-
1266 1961 1337 1995 cap.
1352 1960 1394 1984 12.
1417 1961 1491 1997 pag.
1505 1962 1569 1994 154.
1595 1950 1672 1998 περὶ
1693 1955 1775 1988 Ζωσ-

62 1999 199 2044 ῃγονίοις,
226 2007 257 2031 et
278 1997 354 2045 περὶ
375 1998 440 2034 τῶν
462 1997 609 2044 φυσικῶν
632 1992 810 2045 δυνάμεων.
836 2008 962 2044 cap-13.
980 2010 1059 2046 pag-
1078 2004 1141 2043 185-
1176 1998 1252 2047 περὶ
1270 1997 1487 2049 φαρμάκων,
1513 2004 1568 2049 qui
1589 2000 1651 2042 est.
1675 2015 1775 2049 quem

61 2062 133 2098 eap.
152 2057 194 2091 18.
217 2060 291 2096 pag.
311 2060 378 2094 194.
399 2051 478 2084 citat
503 2048 578 2098 περὶ
600 2049 665 2085 τῶν
691 2045 814 2087 οἱπλῶν
842 2045 1042 2098 ’φαρμάκων
1065 2044 1245 2097 δυνάμεως.
1279 2064 1349 2101 cap.
1363 2065 1408 2097 17.
1432 2065 1508 2100 pag.
1523 2065 1590 2098 192.
1614 2052 1690 2103 περὶ
1712 2056 1777 2103 κρῖ·

64 2117 152 2139 σεων.
186 2113 262 2149 pag.
280 2112 345 2146 ¹93·
373 2101 448 2150 περὶ
468 2101 655 2148 σφυγμῶν.
686 2110 716 2134 et
737 2100 812 2150 περὶ
837 2103 1001 2150 κρισίμων.
1032 2115 1103 2150 cap.
1121 2108 1166 2142 18.
1190 2114 1265 2150 pag.
1281 2114 1352 2148 194.
1379 2103 1455 2153 περὶ
1475 2104 1537 2148 τῆς
1556 2102 1773 2150 Aen-ruram?

63 2147 200 2195 διώ-της.
226 2172 278 2179 -
305 2151 421 2187 Codex
439 2153 512 2186 MS.
529 2152 571 2186 est
589 2154 623 2186 in
644 2153 838 2187 bibliotheca
853 2153 1005 2187 Medicea.
1028 2151 1167 2188 'Bandini
1179 2154 1237 2188 111.
1253 2167 1328 2203 pag.
1344 2167 1400 2200 49.

68 2242 73 2246 ,
166 2202 290 2239 Prodiit
310 2216 426 2252 graece
451 2214 481 2238 et
501 2203 599 2238 latine
622 2216 660 2238 ex
681 2205 947 2252 interpretatione
967 2205 1042 2239 Iani
1058 2204 1240 2239 Antoniaci.
1269 2204 1361 2240 Paris.
1379 2219 1455 2252 1531.
1480 2226 1533 2236 -—-
1556 2209 1688 2242 Latinae
1707 2219 1775 2242 ver-

64 2253 169 2292 fiones
185 2252 256 2290 sunt
271 2255 516 2291 Bartholomaei
534 2255 680 2300 Syluani.
707 2275 754 2281 —
785 2257 859 2290 Iam·
875 2255 1061 2296 Antoniaci,
1082 2254 1268 2305 philologi,
1297 2258 1490 2304 (Guinterii)
1512 2272 1579 2308 quo
1601 2261 1774 2307 interprete

65 2306 185 2356 prodiit
201 2304 296 2343 Paris.
317 2314 402 2352 ¹528·
418 2315 448 2348 8.
475 2319 549 2341 cum
569 2306 649 2342 aliis,
674 2325 726 2333 -—
753 2307 880 2341 Nicolai
898 2308 934 2342 de
952 2304 1053 2354 Regio
1074 2308 1115 2343 de
1131 2307 1298 2348 Calabria,
1325 2306 1379 2345 seu
1396 2312 1540 2358 Rhegini
1555 2313 1588 2345 in
1603 2308 1678 2345 edit.
1697 2322 1774 2356 ope-

67 2371 141 2393 rum
163 2357 277 2394 Galeni
294 2358 399 2393 latinis
423 2359 671 2407 antiquioribus
698 2376 747 2385 --
784 2359 929 2394 Vifr'oris
950 2359 1159 2398 Trincauelli,
1195 2363 1249 2408 qui
1274 2369 1304 2396 et
1325 2365 1521 2409 recognouit
1540 2359 1630 2396 suam
1654 2360 1773 2396 verfio·

67 2422 156 2447 nem.
206 2411 253 2445 Ea
268 2409 386 2460 legitur
402 2411 436 2449 in
451 2409 524 2447 edd.
538 2411 676 2447 luminis
692 2422 831 2461 operum
846 2410 980 2452 Caleni,
1006 2414 1040 2446 in
1060 2409 1198 2462 ‘septima
1218 2413 1302 2448 inter
1321 2410 1504 2462 ssagogicos
1526 2412 1627 2450 libros
1647 2411 1709 2448 fol.
1728 2424 1774 2459 35.

112 2467 179 2500 Vol.
195 2468 235 2501 V.
939 2464 966 2498 Ε
977 2475 1021 2498 ee
1669 2466 1776 2500 Vertit
