2013 2725
261 175 331 213 606
406 170 475 205 Lib.
488 167 559 206 IV,
571 179 596 203 c.
607 163 739 202 XXV.
821 161 1062 199 ATHENAEI
1093 163 1234 198 CODD.
1268 159 1408 198 Mss‘ri
1638 162 1767 191 Vol-11¹·
1788 172 1814 198 P·
1832 164 1969 199 632r633

262 268 335 317 plus
361 262 499 311 simplici
520 263 589 296 vice
608 257 682 295 vsus
706 257 750 293 est
771 257 878 293 eidem
898 255 1015 306 suppar
1032 256 1201 298 Aelianus,
1227 265 1261 292 vt
1280 254 1320 291 ad
1343 257 1436 292 huius
1460 255 1519 303 [if]
1546 256 1648 291 varias
1663 256 1807 294 historias
1822 267 1971 295 notatum

263 321 338 354 viris
361 312 568 355 doctissimis,
602 313 740 347 Iohanni
757 307 924 345 Scheffero
951 320 982 344 et
1005 310 1124 344 Iacobo
1141 310 1325 344 Perizonio.
1386 308 1523 349 „Semel
1543 307 1749 349 monendum
1773 310 1835 353 est,
1866 312 1973 359 inquit

263 368 440 415 Sckrfferus
461 365 499 399 ad
522 365 575 400 lib.
591 366 613 398 1.
634 375 705 410 cap.
724 373 766 405 i4.
792 361 891 396 videri
909 360 1052 396 nostruin
1071 361 1226 408 pleraque
1249 361 1343 394 huius
1365 361 1473 408 operis
1496 372 1534 394 ex
1549 361 1736 401 Athenaeo,
1761 365 1880 396 recenti
1900 373 1973 397 tum
2000 378 2008 381 -

258 423 395 457 auctore
417 414 558 452 fortass'is
581 416 635 450 vni
658 422 787 448 tantum
808 412 940 448 alteriue
962 423 1044 448 noto
1068 409 1268 451 desumfisse,
1293 410 1376 446 adeo
1398 412 1514 459 vbique
1537 408 1641 446 ferme
1658 424 1727 445 rion
1743 409 1848 447 sensns
1866 412 1971 449 modo

261 472 316 508 sed
347 482 377 506 et
406 469 501 504 verba
528 469 596 502 eius
620 467 773 500 retinet.“
839 463 938 512 Qod
960 477 1037 499 vero
1065 466 1306 512 Harpocration
1330 464 1534 498 Athenaeum
1554 460 1768 511 exscripserit,
1810 464 1861 499 vel
1884 465 1973 499 hune
1997 460 1999 462 ’

260 525 338 564 ilie,
365 520 498 555 Suidain
520 520 688 553 aufiorem
713 515 847 552 laudans
864 528 1033 565 perperam
1054 514 1149 550 tradit
1171 516 1285 550 auctor
1307 514 1537 563 pandectarum
1554 513 1911 562 Brandenburgicarum
1923 512 1972 560 k):

259 586 423 622 nusquam
447 574 535 606 enim
557 572 622 605 hoc
643 567 754 603 Suidas
777 566 908 616 scripsit.
960 566 1122 603 Laudatur
1142 563 1241 601 semel
1259 564 1300 600 de
1321 567 1458 601 nomine
1471 567 1652 601 Athenaeus
1668 565 1776 601 noster
1789 566 1828 601 ab
1844 567 1973 614 Harpo-

262 630 406 662 cratione
424 626 458 658 in
480 624 580 660 Noe'l‘r.
632 622 768 667 Sopater
790 632 921 668 quoque
948 616 1085 668 sophista
1107 617 1227 652 librum
1252 614 1430 653 secundum
1454 617 1645 665 eclogarum
1667 629 1823 665 magnam
1847 628 1972 665 partem

261 692 300 714 ex
324 676 479 712 Athenaei
501 670 756 722 dipnosophissis
779 668 1025 719 composuerat,
1053 669 1129 704 teste
1147 670 1266 703 Plzotio
1287 668 1358 704 cod.
1378 670 1489 704 chf.
1542 669 1710 704 Praetereo
1730 667 1882 711 Suidam,
1907 669 1973 704 Eu·

260 729 414 765 ssathium
436 726 584 773 aliosque
608 726 822 764 recentiores,
850 723 1021 758 Athenaeo
1044 719 1243 769 frequentius
1265 718 1357 763 vsos,
1382 733 1421 755 ex
1444 720 1560 768 quibus
1581 721 1758 765 Stephanus
1773 721 1882 767 Niger
1898 721 1973 760 Mu-

259 779 387 817 sonium
418 776 511 812 suum
540 775 605 811 siue
633 788 713 822 opus
744 773 783 808 de
806 776 910 808 nimio
941 776 1022 807 vitae
1045 773 1125 809 luxu
1149 770 1216 808 ssue
1237 774 1339 807 nimia
1359 769 1576 821 opsoniorum
1598 772 1781 820 adpetentia
1795 781 1907 817 ‚totum
1931 783 1973 808 ex

260 834 430 869 Athenaeo
450 831 585 877 carptim
607 823 773 874 collegisse
793 823 1071 860 animaduertitur.

362 909 416 941 ΠΙ.
444 903 562 939 Paulus
578 904 686 937 Ionius
705 904 739 936 in
765 900 877 936 libello
903 898 943 934 de
964 897 1100 948 piscibus
1124 901 1269 933 romanis
1290 900 1404 934 aussor
1424 898 1486 938 est,
1513 899 1637 945 Sangae
1653 900 1818 941 Romani,
1844 908 1972 948 poetae,

259 957 430 995 familiaris
454 954 512 996 sui,
534 954 693 989 beneficio
715 953 853 987 latinum
872 953 1077 986 Athenaeum
1101 963 1161 984 nos
1177 949 1301 984 debere.
1355 948 1417 984 Sed
1433 962 1616 997 numquam
1633 949 1735 985 νει-ΠΟ
1756 949 1857 991 illius,
1885 948 1907 984 fi
1926 963 1973 985 vs·

260 1023 360 1060 quam
377 1005 520 1055 perfecta
538 1003 616 1046 fuit,
645 1001 787 1050 adspexit
803 1003 920 1037 lucem.
974 1004 1086 1050 Neque
1104 1002 1293 1047 Hieronymi
1311 1000 1461 1047 Pariseti,
1485 1003 1563 1043 lcii,
1583 1016 1601 1036 a
1619 1014 1685 1050 quo
1701 1003 1859 1037 maiorem
1880 1003 1972 1037 Athe-

259 1065 329 1098 naei
353 1070 477 1108 partem
493 1058 589 1092 latine
607 1053 701 1090 fuisse
719 1054 879 1089 redditam
898 1052 1027 1088 testatur
1045 1054 1179 1086 Iacobus
1196 1053 1345 1086 Gaddius
1361 1062 1442 1087 tom.
1461 1052 1485 1086 1.
1506 1051 1547 1087 de
1564 1051 1770 1101 scriptoribus
1788 1066 1857 1088 non
1873 1052 1973 1088 eccle-

257 1113 385 1149 siasticis
409 1123 482 1158 pag.
497 1121 535 1153 5¹·
570 1108 701 1142 Natalis
715 1118 794 1140 vero
814 1107 947 1141 Comitis
968 1106 1082 1139 Veneti
1106 1104 1271 1138 translatio
1293 1102 1377 1138 haud
1405 1116 1629 1153 vsquequaque
1651 1103 1820 1153 probanda
1840 1103 1974 1153 prodiit,

260 1165 388 1200 adiectis
404 1175 441 1196 ex
458 1159 571 1195 codice
589 1157 743 1194 Mediceo
760 1157 858 1197 locis,
887 1170 967 1204 quae
988 1158 1022 1190 in
1044 1158 1166 1203 graecis
1183 1154 1272 1189 editis
1293 1156 1449 1190 hactenus
1470 1154 1750 1198 desiderabantur,
1776 1158 1892 1192 Venet.
1916 1169 1974 1206 pei·

263 1216 364 1253 Andr.
381 1213 638 1252 Arriuabenuin,
664 1212 744 1253 1556.
763 1206 823 1244 sol.
854 1207 992 1243 Basileae
1017 1207 1135 1242 eodem
1162 1221 1188 1242 a.
1208 1208 1290 1251 1556.
1309 1205 1332 1252 ¹)
1350 1216 1380 1249 8.
1402 1217 1433 1242 et
1455 1205 1548 1242 Paris.
1569 1219 1652 1253 1557.
1669 1215 1700 1249 8.
1956 1199 1959 1202 ⁵

361 1275 427 1320 [De
441 1270 536 1308 codd.
552 1272 655 1304 msstit
670 1267 740 1304 sunt
756 1267 915 1317 quaedam
934 1265 1188 1316 praemonenda.
1241 1265 1469 1302 Farnefianum
1486 1277 1517 1302 et
1532 1265 1639 1302 Vrsini
1656 1265 1751 1302 codd.
1765 1269 1830 1303 iam
1850 1267 1972 1304 Fabric.

260 1326 471 1363 memorauit.
527 1322 702 1369 Casazibon.
726 1330 759 1355 vt
781 1323 814 1354 in
837 1317 935 1367 praef.
953 1319 992 1353 ad
1009 1317 1085 1353 edit.
1105 1316 1256 1365 Lugdun.
1274 1316 1338 1366 ipse
1354 1317 1500 1359 testatur,
1525 1315 1596 1353 vsus
1613 1318 1656 1353 est
1675 1317 1772 1354 codd.
1793 1320 1975 1355 Heidelber-

256 1379 363 1428 gensi,
388 1375 445 1419 (de
463 1387 530 1423 quo
557 1372 619 1409 vid.
636 1371 802 1420 Sylburgii
825 1370 917 1406 catal.
941 1373 974 1405 in
996 1372 1220 1404 monumentis
1237 1372 1360 1417 pietatis
1379 1380 1437 1404 etc.
1461 1381 1535 1417 pag.
1552 1382 1600 1414 19.
1623 1382 1672 1404 nr.
1686 1371 1754 1415 47.)
1780 1383 1840 1419 per
1859 1372 1974 1406 omnia

258 1428 328 1465 fere
351 1426 446 1463 simili
471 1423 576 1459 codici
594 1423 734 1465 Aldino,
760 1433 830 1457 tum
853 1421 938 1457 alio,
962 1425 1051 1455 cuius
1077 1423 1105 1455 ei
1130 1423 1260 1468 copiam
1285 1418 1361 1455 fecit
1382 1419 1525 1455 Andreas
1544 1420 1709 1455 Humidus
1725 1420 1903 1464 Meffaeus‚
1929 1425 1975 1457 in·

257 1482 375 1531 primis
391 1479 568 1526 integriore
586 1484 681 1524 atque
700 1473 922 1510 emendatiore
938 1473 1128 1521 Fau-nefiano
1141 1500 1148 1511 ‚
1176 1474 1265 1506 cuius
1284 1475 1385 1506 varias
1404 1472 1561 1508 lectiones
1577 1483 1609 1507 et
1624 1472 1775 1522 exempla
1791 1472 1830 1509 ab
1847 1474 1892 1508 H.
1907 1474 1974 1509 Ste-

259 1534 371 1583 phano
394 1530 549 1578 aliisque,
582 1539 666 1574 quos
689 1525 816 1567 laudat,
848 1534 1022 1572 acceperat.
1090 1523 1229 1558 Prii-ilem
1253 1523 1298 1559 illi
1320 1521 1470 1559 codicem
1492 1527 1588 1559 etiam
1611 1521 1731 1559 seruari
1754 1528 1787 1560 in
1812 1525 1987 1560 Vaticana-

259 1586 407 1624 Romae,
434 1579 467 1616 se
487 1576 641 1616 audiuisse
661 1579 715 1613 ait.
741 1596 793 1604 —-
821 1578 857 1610 iii
877 1575 952 1610 bibl.
970 1576 1136 1620 Guelferb.
1157 1574 1200 1609 est
1215 1574 1288 1610 cod.
1305 1577 1482 1617 Athenaei,
1509 1577 1606 1620 (num
1631 1577 1845 1624 grammatici
1860 1577 1974 1618 nostri,

259 1650 300 1671 an
318 1634 420 1674 alius,
454 1629 477 1668 s.
502 1631 706 1671 mechanici,
740 1627 893 1675 equidem
918 1625 1056 1669 nescio.)
1082 1647 1133 1653 -—
1160 1628 1197 1660 ln
1220 1626 1365 1662 biblioth.
1387 1626 1477 1675 publ.
1502 1627 1609 1674 Paris:
1636 1627 1704 1663 duo
1726 1627 1850 1664 exstant
1873 1628 1973 1667 codd.

257 1683 574 1723 MDCCCXXXin.
601 1681 656 1725 (ab
672 1683 767 1715 initio
783 1677 889 1714 ferme
904 1679 978 1713 libri
999 1680 1084 1713 tertii
1103 1676 1144 1712 ad
1163 1680 1244 1712 noni
1265 1691 1363 1726 vsque
1382 1678 1512 1723 finem‚)
1537 1689 1568 1714 et
1585 1681 1791 1716 MMMLVL
1817 1679 1904 1726 (libri
1920 1679 1981 1716 de:

258 1751 331 1772 cem
349 1738 492 1784 priores:
517 1731 624 1768 codex
641 1742 751 1767 autem
771 1741 918 1765 exaratus
940 1729 982 1764 est
1006 1743 1104 1764 manu
1127 1729 1300 1763 Herniolai
1317 1730 1461 1771 Barbari,
1488 1744 1516 1765 a.
1536 1732 1614 1764 Chr.
1632 1734 1738 1776 1482.)
1763 1752 1812 1758 —-
1839 1735 1878 1767 In
1897 1732 1973 1767 bibl.-

255 1789 408 1824 Iacobum
426 1783 520 1830 (teste
538 1782 630 1818 catal.
647 1781 741 1818 codd.
762 1782 858 1830 Angl.
874 1792 904 1816 et
920 1781 1055 1816 Hibern.
1072 1784 1111 1817 11.
1130 1793 1202 1828 pag.
1219 1783 1307 1825 246.)
1335 1780 1377 1816 est
1398 1780 1470 1815 cod¹
1486 1783 1973 1820 MMMMMMMMDLXVI.
2012 1798 2013 1803 ¹

256 1841 433 1878 Athenaei,
461 1834 513 1871 sed
533 1833 751 1870 desiderantur
766 1832 821 1869 lib.
841 1837 865 1869 1.
889 1842 920 1868 et
938 1834 1005 1867 init.
1028 1831 1098 1866 libri
1115 1830 1266 1867 secundi.
1292 1851 1341 1860 ——
1369 1833 1406 1868 ln
1428 1831 1502 1867 bibl.
1518 1833 1663 1881 Leidmfi
1682 1836 1764 1869 inter
1781 1833 1877 1869 codd.
1892 1832 1975 1870 Vos.

255 1890 378 1930 fianos,
406 1887 632 1936 fragmentum
653 1899 693 1920 ex
712 1884 798 1919 libro
817 1885 886 1917 XV.
915 1883 1024 1928 (catal.
1045 1896 1078 1930 p.
1095 1895 1167 1926 403.
1189 1896 1238 1918 nr.
1255 1883 1319 1925 32.)
1344 1902 1393 1910 -
1420 1886 1453 1917 in
1474 1882 1589 1918 eadem
1612 1883 1686 1918 bibl.
1709 1882 1778 1920 sunt
1791 1886 1975 1924 Bonaueut.

260 1942 411 1980 Vult-mii
430 1937 604 1974 emendatt.
626 1939 660 1971 in
677 1938 884 1972 Athenaeum
906 1935 1072 1982 aliosque,
1098 1933 1207 1980 (catal.
1225 1946 1298 1981 pag.
1315 1945 1384 1979 345.
1401 1947 1448 1969 nr.
1466 1937 1537 1979 20.)
1562 1955 1614 1962 —
1639 1937 1825 1972 Florentiae
1844 1928 1876 1971 in
1898 1938 1974 1973 bibl.

254 1997 405 2029 Laurent.
434 1990 550 2025 medic.
578 1987 658 2038 pliit.
673 1994 729 2024 60.
759 1986 833 2022 cod.
852 1990 873 2022 l.
905 1986 1089 2022 membran.
1122 1983 1201 2020 saec.
1221 1987 1292 2019 XV.
1333 1988 1408 2021 Ath.
1425 1984 1563 2035 Dipnos.
1586 1986 1656 2021 libri
1673 1988 1744 2021 XV.
1770 1991 1802 2022 in
1825 1991 1973 2037 margine

254 2043 431 2080 summaria
453 2043 596 2089 capitum
617 2051 647 2075 ct
669 2041 863 2080 auctorum,
891 2051 1035 2087 quorum
1055 2037 1094 2072 ab
1116 2038 1284 2072 Athenaeo
1307 2037 1342 2071 fit
1363 2041 1510 2078 mentio,
1536 2040 1675 2073 nomina
1697 2038 1912 2075 adnotantur:
1940 2050 1973 2077 et
2010 2042 2012 2046 ’

254 2095 329 2132 cod.
347 2099 386 2132 ΙΙ.
408 2100 562 2142 papyrac.
583 2088 660 2128 saec.
677 2092 763 2126 Xiv.
790 2089 892 2126 iidem
915 2090 1005 2125 libri:
1032 2091 1066 2123 in
1087 2087 1154 2124 fine
1175 2097 1286 2124 tamen
1307 2085 1497 2138 supplentur
1517 2102 1641 2137 pauca,
1663 2092 1695 2125 in
1711 2089 1781 2128 libr.
1795 2093 1827 2127 11
1841 2100 1871 2126 et
1887 2092 1972 2128 xiil.
2011 2093 2013 2098 ’

1833 2152 1973 2191 praeter·
2006 2161 2013 2175 a

298 2213 332 2252 k)
355 2209 444 2248 Qiod
458 2211 487 2238 in
503 2208 605 2238 iisdem
623 2206 770 2247 pandectis
792 2218 827 2237 ex
841 2206 998 2247 adpendiee
1013 2205 1089 2236 bibl.⁴
1129 2205 1199 2240 alii,
1222 2207 1340 2241 syrius,
1363 2205 1470 2247 scripsit
1493 2205 1529 2236 de
1551 2216 1649 2236 rerum
1665 2209 1817 2249 principiis
1837 2216 1866 2239 et
1881 2208 1972 2245 libtod
2006 2191 2007 2194 =

254 2257 376 2287 Gesneri
402 2253 544 2285 traditur,
578 2252 757 2279 Athenaeum
786 2250 994 2291 philosophum
1023 2249 1089 2278 scri·
1133 2249 1234 2278 decem
1255 2249 1471 2287 Theogoniae,
1503 2249 1572 2279 vide
1596 2260 1670 2291 quae
1696 2249 1781 2293 supra
1808 2250 1859 2282 lib.
1879 2253 1915 2283 11.
1939 2254 1972 2289 iii
2004 2246 2013 2284 ὲ

253 2298 333 2341 p'fiffe
350 2297 439 2326 libros
456 2295 554 2324 decem
567 2294 777 2329 Theogoniae,
801 2300 829 2321 et
846 2293 880 2321 de
896 2303 994 2321 rerum
1009 2294 1088 2332 priii-
1134 2292 1273 2322 Hesiodo.

254 2343 337 2382 cipiis
360 2339 485 2373 librum,
510 2337 597 2376 idque
620 2336 687 2364 teste
711 2334 848 2368 Aeliano,
880 2335 980 2363 itidem
1003 2343 1089 2364 error

254 2386 310 2417 est,
336 2392 428 2421 neque
450 2390 569 2419 vsquain
592 2380 646 2407 hoc
669 2378 786 2406 testatur
807 2376 952 2407 Aelianus,
1006 2379 1089 2406 Cete-
1176 2375 1202 2414 l)
1241 2374 1326 2405 Conf.
1355 2374 1487 2406 clement
1515 2375 1654 2409 Biblioth.
1682 2377 1813 2408 curiense
1843 2385 1895 2411 etc.
1928 2378 1970 2411 11.
2004 2378 2013 2406 s

254 2437 319 2457 rum
335 2423 523 2458 Pherecydes,
540 2419 732 2462 philosophus
747 2419 940 2455 Atheniensis,
965 2420 1034 2453 siue,
1057 2427 1089 2449 vt
1132 2428 1196 2460 pag.
1216 2424 1275 2451 180.
1293 2425 1354 2449 not.
1378 2418 1469 2449 Harl.
