2049 2720
522 174 688 214 GALENI
719 174 833 212 LIBRI
864 173 1125 213 MANIFESTE
1156 176 1299 213 SPVRII
1351 176 1423 214 Lib.
1435 176 1504 215 IV.
1521 190 1545 215 c.
1558 175 1667 215 XIX.
1717 177 1776 226 455

62 275 232 309 ‘continent
256 270 327 307 libr.
352 270 393 307 de
415 272 512 307 vrinis
536 284 575 307 ex
596 270 711 307 Galeni
733 268 898 306 sententia.
957 268 1045 305 Editi
1068 268 1141 306 sunt
1162 271 1265 307 studio
1287 274 1337 307 Io.
1356 273 1450 307 Petr.
1467 272 1622 321 Ayroldi,
1651 271 1772 308 Colon.

62 335 150 370 1594.
166 322 224 360 fol.
240 334 271 359 et
284 322 414 373 saepius.
439 342 492 350 —
517 326 563 358 lo.
585 324 681 368 Bapt.
696 323 854 357 Nauarro
879 325 1133 358 commentarius
1150 325 1182 358 in
1199 325 1287 359 hunc
1304 323 1422 360 librum
1441 327 1537 359 etiam
1553 324 1662 360 exstat.
1711 326 1771 359 Ti-

63 377 169 411 tulum
203 374 277 410 dedi
303 374 414 424 supra,
452 372 508 410 sub
535 374 609 410 libr.
631 374 671 409 de
696 373 849 421 pultibus.
885 393 936 400 ——
964 375 996 410 Ι,
1015 375 1058 409 A.
1078 375 1246 421 Belquorti
1268 378 1303 411 in
1325 389 1402 412 eum
1423 374 1495 412 libr.
1517 378 1772 412 commentarius

46 426 187 477 >prodiit
202 424 295 462 Paris.
313 430 401 472 1566.
420 434 450 466 8.
468 436 497 462 et
512 427 607 461 Fet-d.
626 427 759 467 Menae,
786 426 958 474 Complut.
975 436 1055 471 1553.
1072 437 1105 469 4.

166 509 229 543 118.
263 503 342 554 Περὶ
373 499 457 554 ἕξων
486 506 516 541 ἒν
544 499 709 554 συντᾶμῳ.
762 503 819 538 De
848 504 951 538 vrinis
984 501 1206 548 compendium.
1238 505 1292 538 -in
1309 502 1384 540 edit.
1403 504 1564 539 Charterii
1587 511 1669 539 tom.
1684 503 1774 538 vm.

61 566 137 604 pag.
155 567 230 600 349.
281 558 469 590 Chartcrius
488 558 551 590 hoc
566 554 761 602 opusculum
779 567 819 589 ex
835 554 909 590 cod.
925 555 999 591 MS.
1017 554 1234 589 bibliothecae
1250 553 1342 590 Paris.
1365 557 1509 602 primum
1530 568 1645 602 graece
1659 564 1690 590 ct
1704 556 1775 591 lati-

60 617 104 640 ne
125 605 236 642 edidit.
289 605 480 641 versionem
504 606 639 642 Patellus
660 604 812 642 confecit.
853 626 907 633 —
945 607 1083 641 Summa
1106 608 1271 642 vrinarum
1293 604 1473 642 secundum
1487 606 1650 642 calenum
1671 606 1715 641 est
1739 609 1773 642 in

55 655 131 695 libr.
146 658 186 693 R.
201 657 403 707 Burscough.
423 671 473 693 nr.
490 661 584 702 7673.

163 746 228 780 119.
255 734 335 783 Περὶ
350 731 434 785 ἕξων
450 736 485 773 ἐκ
499 735 563 772 τῶν
579 729 818 784 Ἰπποκςοῖτες
835 730 893 782 me}
910 741 936 774 Γ
939 735 1050 778 οιληνὲ
1063 730 1123 782 >wi
1139 731 1261 774 ἄλλων
1277 735 1381 773 τινῶν.
1433 734 1488 770 De
1510 735 1614 769 vra‘m's
1630 746 1669 769 ex
1690 734 1775 779 Hip.

54 792 204 834 patrate,
231 787 370 829 Caleno,
397 795 427 822 et
441 790 511 821 alzzs
524 789 719 833 quibusdam.
747 788 780 821 iu
805 786 879 822 edis.
898 789 1057 822 Charterii
1081 798 1161 823 tom.
1178 789 1264 822 Vlll.
1285 800 1359 836 pag.
1376 798 1441 832 352.
1469 788 1504 821 in
1518 783 1653 834 septima
1670 787 1775 821 lunta-

57 849 132 872 rum
149 840 182 873 in
199 835 334 887 spurior.
350 837 443 874 claffe
458 837 516 873 fol.
530 846 581 881 78.
633 839 779 885 Georgio
797 839 890 873 Valla
905 842 1090 886 interprete.
1124 859 1174 866 —-
1205 838 1321 875 Codex
1344 851 1482 886 graetus
1503 836 1547 872 est
1574 840 1606 872 iu
1627 837 1772 872 biblioth.

57 889 147 937 publ.
168 889 271 936 Paris.
288 903 335 924 nr.
355 891 609 926 MMCCLXIX.
661 889 740 938 Περῖ
763 886 847 939 ἕξων
871 893 906 927 ἔκ
930 891 996 928 τῶν
1019 891 1065 929 ri}
1085 897 1109 927 Γ
1112 892 1223 933 omma&
1243 890 1286 926 cst
1309 893 1342 925 in
1361 889 1433 925 bibl.
1453 889 1638 926 Coislmian,
1659 890 1775 924 Mont-

59 937 147 976 sauc.
167 952 247 986 pari.
266 942 303 976 11.
320 954 390 988 pag.
408 952 481 986 447.
506 962 557 968 —
586 943 620 975 ln
635 941 779 975 biblioth.
804 943 996 985 'I'nurmensi
1022 937 1140 979 Ἰδικῶς
1157 943 1233 991 περὶ
1251 939 1332 991 ἕξων
1348 944 1384 979 ἐκ
1407 942 1472 980 τῶν
1487 940 1627 984 sahmi?
1639 938 1774 986 Μάγνε

58 992 107 1030 *1ἓὲ
125 1007 181 1038 »φη
204 992 510 1042 πρωτοσπαθαριέ
533 993 692 1050 Θόεοφίλε
715 991 892 1035 βασιλέως
922 991 998 1042 περὶ
1020 990 1103 1043 ἕξων
1126 993 1226 1028 exstat
1246 992 1382 1042 scriptus
1404 995 1437 1028 in
1458 990 1547 1027 foliis
1569 1001 1711 1041 quatuor
1736 993 1772 1027 iu

56 1042 208 1079 biblioth.
225 1043 314 1079 acad.
333 1045 440 1091 Lnga,
458 1046 575 1079 Batou.
603 1046 636 1078 in
650 1044 737 1079 hbris
756 1044 923 1085 Volliauis,
952 1043 1015 1078 vid.
1033 1045 1124 1079 catal.
1142 1044 1287 1079 biblioth.
1303 1043 1391 1080 acad.
1406 1042 1510 1091 Lugd.
1527 1045 1636 1078 Barau.
1653 1057 1684 1091 p.
1701 1054 1773 1088 392.

57 1107 107 1131 nr.
122 1106 167 1138 31.
217 1097 377 1144 Excerpta
393 1109 431 1131 ex
446 1095 574 1132 Galeno
589 1106 620 1131 et
633 1096 700 1130 aliis
713 1097 883 1130 nonnullis
898 1097 1036 1143 antiquis
1052 1096 1236 1131 auctoribus
1258 1095 1299 1131 de
1315 1098 1412 1131 vrinis
1427 1105 1457 1132 et
1478 1092 1573 1143 pulsu
1596 1093 1723 1129 exstant
1738 1095 1773 1130 in

56 1157 195 1195 graeco,
223 1157 255 1182 et
276 1147 431 1188 barbaro,
465 1147 638 1188 idiomate,
672 1149 707 1182 in
729 1147 872 1182 biblioth.
888 1146 1028 1182 Vindob.
1049 1160 1096 1181 nr.
1110 1149 1238 1183 XLvn.
1264 1146 1304 1182 de
1327 1145 1432 1182 Neffel
1453 1156 1536 1195 part.
1554 1147 1608 1180 ΙΙΙ.
1629 1158 1705 1193 pag.
1723 1157 1772 1191 53.

57 1197 132 1233 Alia
145 1208 295 1247 excerpta
314 1198 354 1233 de
369 1197 478 1233 Nessel
494 1209 575 1246 part.
593 1199 648 1232 1v.
665 1211 713 1233 nr.
731 1199 936 1233 CLXXVlll.
965 1210 1040 1245 pag.
1057 1211 1112 1243 99.
1155 1198 1271 1234 Galeni
1294 1200 1461 1233 vriuarurn
1483 1195 1600 1231 diuisio
1621 1194 1666 1231 est
1688 1198 1773 1232 inter

55 1247 131 1284 libr.
147 1251 217 1286 Th.
234 1251 318 1284 Roe.
336 1248 429 1284 catal.
444 1250 539 1284 MSS.
556 1248 656 1296 Angl.
671 1262 720 1284 nr.
738 1250 881 1284 CCLXL
933 1250 1091 1297 Excerpta
1117 1261 1157 1283 ex
1183 1249 1312 1284 Galeno
1333 1258 1363 1283 et
1377 1248 1578 1296 Theophilo
1603 1244 1775 1295 protospa-

55 1302 163 1336 thario
185 1299 225 1336 de
247 1302 344 1336 vrinis
368 1299 492 1336 exstant
510 1302 543 1335 in
567 1300 713 1336 biblioth.
728 1299 907 1348 Augustan.
924 1300 1016 1335 catal.
1042 1312 1114 1348 pag.
1131 1311 1180 1343 27.
1210 1321 1263 1328 —-
1295 1299 1508 1335 Colledtanea
1527 1312 1566 1334 ex
1582 1297 1708 1334 Galeno
1731 1297 1773 1335 de

53 1354 149 1387 variis
165 1355 275 1388 vrinae
291 1351 398 1402 quoad
412 1351 560 1388 colorem
577 1352 749 1401 generibus
768 1352 892 1388 exstant
905 1354 989 1388 inter
1003 1350 1104 1387 libros
1118 1350 1219 1401 legati
1234 1354 1443 1390 Warneriani
1465 1354 1500 1388 in
1513 1351 1663 1388 biblioth.
1680 1348 1771 1387 acad‘.

53 1402 160 1453 Lugd.
177 1405 286 1440 Batau.
312 1417 385 1453 pag.
395 1416 475 1449 ¹407.
500 1416 550 1440 nr.
566 1405 651 1439 Llll.

156 1491 225 1516 120.
260 1481 407 1530 Quaefita
432 1482 466 1515 in
493 1481 724 1527 Hippocratem
751 1481 790 1515 dc
817 1481 930 1516 urinis.
979 1479 1113 1516 Exstant
1139 1479 1239 1516 latine
1256 1480 1291 1514 in
1312 1471 1388 1515 edit.
1404 1479 1563 1514 Charterii
1584 1489 1666 1515 tom.
1683 1478 1770 1514 vm.

55 1543 131 1580 pag.
146 1541 221 1577 918.
247 1541 278 1566 et
297 1534 330 1566 in
353 1529 489 1579 septima
515 1534 682 1567 luntarum
704 1535 738 1567 in
759 1530 872 1581 spuriis
891 1529 952 1567 sol.
967 1544 1027 1577 113.
1081 1533 1164 1567 Sunt
1178 1530 1342 1567 Arabistae
1365 1529 1545 1567 cuiusdam.
1571 1550 1623 1557 —
1649 1531 1771 1577 Georg.

58 1583 102 1618 V
99 1583 179 1618 allae
196 1581 237 1618 de
253 1586 362 1619 vrinae
378 1581 615 1629 significatione
630 1597 669 1620 ex
685 1585 906 1632 Hippocrate,
935 1582 1037 1618 Paulo
1053 1585 1212 1631 Aegineta
1233 1597 1271 1618 ac
1285 1581 1494 1631 Theophilo.
1547 1584 1639 1617 ltenr
1655 1582 1772 1617 Galam*

54 1633 258 1683 quaestiones
285 1637 320 1671 in
348 1636 600 1684 Hippocratem.
657 1634 783 1672 Dioclis
811 1633 948 1685 epistola
976 1634 1017 1671 de
1048 1636 1134 1672 bona
1154 1633 1339 1671 valetudiue
1366 1632 1498 1671 tuenda.
1543 1635 1677 1682 Argent.
1703 1631 1772 1669 fine

43 1697 154 1722 anno.
184 1693 216 1727 8.
230 1688 251 1711 *

157 1775 219 1800 12¹-
245 1763 324 1814 Πεςῖ
347 1759 516 1813 σφυγμῶν
539 1759 625 1814 ‘necis-
644 1761 814 1802 ’Λντώνιον
838 1763 1027 1813 φιλομαθῆ
1047 1780 1104 1811 nm
1128 1760 1331 1813 φιλόσοφον.
1383 1762 1438 1797 De
1453 1761 1597 1812 pulsibus
1610 1760 1656 1796 aa'
1668 1759 1773 1796 Anto-

53 1816 142 1851 nium
157 1814 522 1862 dfiiplinaestudioficm
537 1828 572 1850 ac
581 1816 808 1862 philisophum.
863 1817 972 1856 Exstat
987 1828 1102 1864 graece
1116 1825 1146 1851 et
1163 1815 1261 1851 latine
1274 1819 1308 1850 in
1325 1813 1397 1851 edit.
1415 1814 1572 1849 Charterii
1589 1813 1771 1849 tom.V11L

55 1876 130 1914 pag.
144 1877 210 1909 333.
237 1865 376 1901 Galenus
393 1868 539 1913 primum
555 1879 595 1901 ex
614 1868 685 1902 MS.
702 1866 819 1902 codice
834 1867 1046 1903 bibliothecae
1066 1867 1156 1915 publ.
1171 1865 1331 1902 Parismae
1355 1863 1464 1901 edidit.
1514 1862 1570 1901 Est
1591 1860 1716 1913 spurius
1738 1872 1770 1900 et

55 1929 98 1953 ex
121 1915 237 1952 Galeni
263 1915 302 1951 de
317 1916 459 1964 pulsibus
474 1916 562 1951 libris
577 1916 791 1965 compositus.

157 2003 223 2031 122.
247 1992 477 2039 compendium
486 1992 638 2040 pulsuum
657 1992 777 2029 Galaeno
789 1992 991 2041 affiriptum.
1029 1991 1139 2029 Exstat
1153 1992 1252 2030 latine
1266 1992 1302 2029 in
1317 1990 1389 2029 edit.
1408 1992 1572 2029 Charterii
1589 2000 1672 2028 tom.
1680 1991 1770 2028 vm.

53 2055 129 2093 pag.
142 2054 213 2088 330.
271 2043 326 2080 Est
351 2044 514 2080 Arabissae
536 2056 630 2093 opus.

155 2131 220 2164 123.
246 2117 326 2169 Περὶ
342 2121 404 2159 τῆς
418 2121 484 2158 τῶν
499 2123 529 2158 ἔν
548 2126 678 2169 νεφροῖς
690 2119 819 2158 παθῶν
839 2115 1051 2167 διαγνώσεως
1069 2117 1129 2169 aa}
1147 2117 1357 2172 θεραπείας.
1410 2120 1467 2156 De
1489 2119 1671 2168 affeffuum
1690 2120 1771 2155 reni·

56 2172 116 2207 but
127 2173 317 2221 insidentium
331 2173 515 2218 dignatione
529 2178 559 2206 et
577 2174 736 2206 curatione
749 2174 827 2206 liber
844 2172 1054 2219 astriptitius.
1104 2173 1159 2209 Est
1183 2176 1217 2209 in
1231 2174 1348 2210 Aldina
1363 2183 1443 2221 part.
1464 2173 1520 2206 lv.
1540 2174 1624 2207 inter
1648 2172 1769 2206 notho!

57 2221 175 2265 fol-13.
206 2225 238 2259 in
258 2236 374 2271 graeca
397 2221 488 2258 ssafil.
511 2232 591 2271 part.
607 2225 662 2257 IV.
685 2224 803 2267 pariter
823 2225 908 2258 inter
930 2227 1073 2266 nothos,
1095 2237 1170 2274 pag.
1186 2237 1252 2272 415.
1285 2227 1320 2260 in
1344 2224 1422 2260 edit.
1439 2225 1598 2259 Charterii
1628 2231 1709 2258 tom.
1725 2222 1768 2258 X.

56 2286 133 2323 pag.
148 2276 216 2317 526.
243 2276 276 2309 in
292 2272 425 2323 septima
441 2277 609 2309 luntarum
627 2272 713 2310 class'.
729 2276 800 2309 Vll.
817 2271 878 2309 fol.
896 2287 958 2321 ¹91·
1011 2276 1065 2311 Est
1091 2274 1225 2324 spuriuS.
1277 2278 1438 2312 Demetrii
1463 2276 1683 2322 Pepagomeni
1704 2270 1768 2308 effe

56 2326 218 2361 Fabricius
230 2327 434 2365 autumabat,
462 2324 500 2360 ad
515 2328 745 2374 imperatorem
762 2324 911 2373 scriptus,
932 2328 1023 2362 cuius
1037 2331 1233 2364 archiatrum
1252 2324 1408 2367 σύνδελον
1422 2324 1515 2362 suum
1530 2335 1636 2363 vocat,
1660 2322 1768 2373 ipsum

59 2388 139 2410 vero
154 2378 332 2425 principem
349 2376 393 2413 fic
408 2377 607 2424 alloquitur:
634 2374 707 2421 ἥλιε
721 2378 781 2418 τῆς
802 2378 882 2424 ἐμῆς
905 2377 1038 2426 ψυχῆς,
1091 2381 1180 2415 Dicit
1203 2382 1318 2416 etiam:
1343 2375 1390 2418 δεῖ
1410 2375 1468 2424 'wi
1488 2376 1580 2425 ἡμᾶς
1608 2374 1672 2415 reis·
1691 2389 1767 2426 κρι-

60 2424 198 2472 ςιοινὲς,
221 2438 282 2465 etc.
308 2448 359 2458 —-
384 2427 503 2467 Codex
516 2441 656 2478 graccus
666 2430 760 2481 cll-in
776 2428 926 2466 biblioth.
942 2431 1021 2467 Diu.
1035 2432 1144 2469 Marci
1162 2432 1307 2473 Veneta,
1330 2429 1405 2467 cod.
1421 2429 1641 2465 CCLXXXH.
1659 2425 1766 2525 (catal).

908 2481 974 2518 Lll
995 2493 1015 2517 2
1585 2492 1661 2532 pag.
1680 2483 1745 2522 136.
