2049 2720
386 168 457 205 ’ET
489 167 671 218 QIDEM
705 165 1038 209 GENVINORVM,
1078 165 1300 202 RECENSIO
1353 166 1667 203 Lib.1V.c.X1X.
1720 178 1778 210 42¹

64 266 212 304 biblioth.
233 261 343 300 eccles.
363 260 699 298 VVestmonasseriens.
721 274 768 297 nr.
786 262 867 297 MC.
900 281 950 288 —
982 261 1098 296 Latini
1121 260 1217 297 codd.
1242 259 1315 297 sunt
1337 264 1370 297 in
1393 261 1543 298 biblioth.
1566 261 1777 309 Mei-tonenfis

63 314 195 366 collegii
210 330 259 351 nr.
277 316 497 351 DCLXXXV.
524 319 558 350 in
573 315 722 350 biblioth.
738 313 828 362 publ.
849 310 941 348 Paris.
957 327 1003 348 nr.
1019 314 1496 350 MMMMMMDCCCLXV.
1523 333 1571 340 —
1596 315 1727 347 Arabici
1745 315 1778 347 in

61 370 210 406 biblioth.
224 367 435 414 Efiurialens
454 380 502 403 nr.
520 368 748 402 DCCXCVll.
769 365 1008 400 DCCCXLHJ.
1035 385 1087 392 —-
1113 366 1294 400 Hebraicu:
1306 365 1411 402 codex
1429 379 1468 400 ex
1485 365 1613 400 arabico
1631 362 1735 399 sac'lus
1760 376 1778 398 a

62 422 105 458 R.
122 422 252 456 Chanin
269 421 329 454 ben
347 416 430 454 Isaac
447 419 492 454 est
509 422 542 454 in
560 418 707 454 biblioth.
727 417 960 464 Vindobonens
975 417 1087 452 Lamb.
1106 415 1179 452 edit.
1199 417 1322 453 Kollar.
1340 419 1362 456 Ι,
1386 430 1461 466 pag.
1478 429 1544 461 29¹·
1572 437 1623 443 ——
1650 416 1778 450 Editio·

61 485 118 509 πη
142 473 280 507 latinae:
308 471 422 505 Galerii
442 484 542 519 opera
564 471 635 505 Nic.
652 471 824 504 Leonicmo
848 472 1039 517 interprete,
1073 467 1114 504 de
1134 466 1323 504 differentiis
1348 469 1546 505 morborum
1568 466 1643 502 libri
1666 468 1704 502 11.
1738 466 1779 501 de

60 523 227 572 inaequali
249 532 468 571 temperatura
489 522 546 557 lib.
562 525 586 558 1.
621 521 662 557 de
682 532 750 557 arte
775 523 919 556 curatiua
941 520 981 556 ad
1003 519 1210 556 Glauconem
1235 520 1307 554 libri
1331 522 1370 555 ΙΙ.
1410 520 1451 555 de
1472 519 1602 555 crifibus
1624 518 1696 554 libri
1723 520 1779 553 lIl.

61 573 156 611 Paris.
177 587 235 623 per
257 576 302 609 H.
318 576 470 620 stephan.
492 585 571 620 15¹4·
597 586 628 617 4.
667 571 810 609 Seorfim
833 580 920 617 1528.
935 579 965 612 8.
990 583 1072 617 1530.
1091 570 1151 607 fol.
1181 569 1377 617 ¹542-f01-*
1402 571 1507 619 Lugd.
1523 583 1604 616 1543.
1622 573 1667 607 16.
1698 576 1778 614 1553.

60 638 104 662 12.
131 646 184 654 --
210 626 324 661 Galmi
347 626 418 660 libri
439 625 479 660 de
503 624 632 660 crifibus
653 628 828 673 interprete
844 623 981 660 Hieron.
999 625 1195 670 Boniperto,
1223 636 1298 658 cum
1316 622 1579 659 adnotationibus
1596 631 1778 656 erratorum

58 676 129 714 fere
153 679 252 713 CCC.
277 689 359 727 quae
382 680 416 711 in
438 677 508 712 aliis
530 679 652 712 horum
675 677 835 712 librorum
856 675 1053 712 versionibus
1077 678 1291 723 reperiuntur.
1344 677 1422 710 Ace.
1442 673 1588 710 eiusdem
1612 674 1780 721 Boniperti

60 728 223 780 quaestio:
251 743 294 764 an
311 727 457 777 expediat
473 731 629 764 humores
644 742 713 764 non
729 730 908 764 concoctos
924 741 1029 777 neque
1044 725 1205 766 furiosos,
1232 725 1285 762 sed
1305 726 1512 762 multitudine
1535 739 1572 761 ac
1595 724 1682 760 mala
1705 737 1779 772 qua-

59 781 147 819 litate
167 783 263 816 etiam
288 791 459 830 peccantes
484 783 567 816 inter
588 782 786 816 morborum
808 783 898 815 initia
920 793 996 815 curn
1019 789 1181 828 purgante
1198 777 1443 814 medicamento
1461 781 1636 813 minorare.
1664 778 1779 810 Vener.

58 845 145 878 1547.
159 845 190 876 4.
207 837 227 857 *
252 853 304 859 -
329 833 633 880 Interpretationern
653 834 726 868 Nic.
745 833 907 867 Leoniceni
930 830 1190 868 emendauerunt
1208 829 1409 878 Augustinut
1425 829 1629 865 Gadaldinus
1650 838 1680 862 et
1703 828 1779 861 Ren.

59 885 258 920 chartarius.
285 904 338 911 —-
365 886 491 920 Nicolai
511 885 549 918 dc
566 885 691 932 Anglia
715 887 970 920 commentarius
992 883 1109 918 latinus
1134 886 1166 918 in
1185 884 1270 918 hunc
1286 883 1405 918 librum
1421 882 1464 917 est
1482 885 1513 916 in
1530 879 1674 916 biblioth.
1689 877 1777 926 publ.

58 933 155 971 Paris.
176 948 225 971 nr.
241 936 609 974 MMMMMMMXV,
647 957 700 963 --
739 937 832 970 Hier.
849 937 1023 979 Boniperti
1053 946 1234 970 comment.
1256 936 1291 968 in
1315 936 1402 969 hunc
1428 933 1500 969 libr.
1522 930 1645 981 prodiit
1664 932 1778 965 Venet.

59 998 141 1034 1543.
159 994 191 1027 8.
221 1006 269 1013 —
297 986 382 1023 Ant.
402 987 556 1022 Ludouici
573 997 752 1022 comment.
768 990 802 1022 in
817 989 903 1022 hunc
917 986 990 1021 libr.
1006 985 1146 1035 Vlyssip.
1174 997 1263 1031 1540.
1280 983 1340 1023 fol.
1373 1004 1423 1012 -
1450 986 1508 1020 Fr.
1525 983 1664 1018 sanchez
1687 993 1780 1017 com-

58 1048 160 1075 ment.
178 1038 293 1073 Tolet.
314 1040 405 1081 1636.
422 1051 451 1083 4.
477 1060 530 1067 -
557 1039 663 1074 Lucae
681 1040 815 1074 Gaurici
831 1037 1080 1088 Geophoneniis
1096 1036 1191 1087 super
1205 1037 1315 1072 diebus
1332 1036 1520 1072 decretoriis
1535 1037 1699 1070 axiomata
1715 1032 1780 1068 siue

57 1091 236 1139 aphorismi
253 1089 402 1138 grandes.
453 1090 647 1126 Enucleauit
662 1089 749 1126 idem
766 1091 917 1140 pleraque
933 1091 1144 1138 Hippocratis
1161 1099 1192 1124 et
1206 1089 1318 1124 Galerii
1333 1089 1552 1132 theoremata,
1580 1099 1661 1136 quae
1676 1083 1784 1121 medie

57 1144 89 1178 ci
110 1154 219 1178 rerum
235 1141 422 1178 coelestium
438 1152 583 1192 expertes
597 1144 653 1177 vix
670 1140 864 1178 olfecerunt.
891 1143 1039 1183 Romae,
1065 1143 1152 1187 1546.
1172 1138 1234 1176 fol.
1250 1143 1271 1162 ὲ

161 1239 216 1272 44.
240 1227 318 1278 Περὶ
336 1221 518 1265 Suo-molas·
535 1226 672 1271 βιβλία
688 1224 734 1274 εγ’.
789 1228 845 1262 De
858 1227 1046 1273 difficultate
1058 1226 1282 1273 respirationis
1303 1224 1379 1260 libri
1393 1230 1469 1259 tres.
1522 1222 1655 1258 Exstant
1674 1225 1708 1257 in
1723 1219 1779 1255 AI·

58 1278 137 1316 dina
151 1289 231 1328 part.
249 1282 300 1314 111.
317 1276 379 1314 fol.
396 1286 450 1324 89.
477 1282 510 1314 in
528 1293 644 1325 graeca
660 1278 752 1315 Bafil.
770 1291 850 1328 part.
867 1280 920 1314 111.
938 1291 1011 1327 pag.
1031 1281 1101 1314 166.
1128 1279 1162 1312 in
1176 1276 1250 1313 edit.
1265 1278 1426 1317 charterii
1441 1276 1604 1311 tom.V11.
1620 1287 1696 1322 pag.
1711 1285 1777 1318 219.

58 1332 94 1368 in
116 1328 252 1379 septima
274 1333 444 1366 luntarum
467 1329 554 1367 class.
570 1333 624 1367 ΙΙΙ.
646 1329 707 1368 fol.
723 1333 774 1377 56.
824 1333 985 1367 Meminit
1007 1332 1076 1366 eius
1101 1329 1172 1365 libri
1198 1328 1341 1364 Galenus
1364 1340 1434 1374 cap.
1448 1339 1497 1372 39.
1519 1329 1596 1361 artis
1617 1324 1776 1362 medicae.

59 1384 150 1429 Citat¹
163 1382 262 1418 libros
277 1381 319 1417 de
335 1380 488 1431 pulsuum
505 1380 696 1419 differentiis
707 1411 718 1425 ,
743 1382 784 1418 de
799 1386 924 1432 optima
939 1380 1041 1425 festa,
1068 1381 1144 1431 περὶ
1159 1377 1224 1420 'taire
1241 1379 1365 1418 αἷπλῶν
1390 1375 1585 1418 διαθέσεων.
1636 1379 1777 1423 Scriptus

58 1435 104 1471 est
118 1449 136 1470 a
152 1434 279 1470 Galeno
295 1433 334 1470 ad
348 1434 421 1469 loca
437 1435 649 1483 Hippocratis
668 1434 709 1470 de
723 1434 913 1470 difficultate
931 1432 1147 1482 respirationis
1163 1432 1364 1483 explicanda.
1419 1430 1558 1466 Codices
1576 1431 1683 1478 graeci
1706 1426 1777 1462 sunt

59 1489 93 1522 in
109 1486 303 1521 bibliotheca
324 1487 504 1521 Bodleiana.
530 1506 581 1514 —
608 1488 722 1522 Latini
744 1485 817 1522 sunt
837 1489 872 1522 in
896 1486 971 1522 bibl.
987 1486 1075 1536 publ.
1091 1486 1201 1533 Paris.
1231 1498 1280 1520 nr.
1296 1481 1775 1519 MMMMMMDCCCLXV.

61 1537 202 1574 Codices
219 1538 291 1572 libri
307 1537 347 1573 de
365 1541 556 1574 iuuamento
572 1539 748 1580 anhelitus,
777 1542 830 1588 qui
851 1537 938 1574 sorte
955 1537 1043 1572 idem
1059 1536 1102 1573 est
1120 1551 1195 1572 cum
1213 1538 1298 1577 hoc,
1326 1534 1399 1570 sunt
1423 1537 1454 1568 in
1478 1533 1553 1569 bibl.
1572 1533 1661 1582 publ.
1679 1528 1775 1567 Paris.

59 1603 110 1626 nr.
125 1590 547 1625 MMMMMMMXLVH.
565 1591 1040 1628 MMMMMMDCCCLXV.
1082 1591 1150 1625 Lib.
1166 1591 1194 1623 11
1210 1599 1239 1624 et
1256 1590 1310 1622 111.
1330 1586 1374 1622 ess
1391 1590 1425 1621 in
1441 1585 1589 1622 biblioth.
1609 1585 1776 1620 Barousa-

60 1654 103 1676 πα
131 1654 177 1676 nr.
196 1643 324 1679 CCXX.
348 1642 438 1678 catal.
460 1643 556 1678 MSS.
582 1642 680 1691 Angl.
703 1653 734 1678 et
755 1643 890 1678 Hibern.
951 1641 1088 1684 Codex,
1119 1651 1152 1676 vt
1174 1651 1272 1689 puto,
1305 1639 1446 1676 latinus,
1483 1637 1526 1673 est
1549 1641 1583 1671 in
1608 1638 1774 1672 Vaticana.

58 1691 247 1730 Montfauc.
263 1706 338 1742 pag.
351 1704 400 1736 34.
426 1715 475 1721 -
503 1693 670 1730 Editiones
685 1695 821 1731 latinae.-
845 1714 898 1721 —-
923 1703 1067 1729 vertente
1088 1693 1146 1728 Th.
1162 1694 1317 1729 Linum,
1342 1689 1432 1725 Bafil.
1449 1691 1532 1735 1536.
1549 1686 1609 1724 fol.
1631 1709 1679 1715 --
1697 1700 1775 1722 cum

59 1744 145 1781 libro
160 1744 200 1780 de
213 1743 322 1780 caussis
339 1743 556 1793 respirationis
570 1748 621 1781 Io.
643 1746 777 1794 Voffaeo
801 1749 991 1796 interprete,
1018 1755 1098 1791 1553.
1119 1742 1182 1780 fol.
1211 1763 1261 1770 —
1294 1745 1398 1777 Vertit
1422 1744 1518 1777 etiam
1543 1743 1630 1776 hunc
1654 1739 1775 1773 librum

59 1809 99 1833 ex
113 1808 232 1845 graeco
247 1799 348 1831 Ianus
363 1798 547 1833 Carnarius.
600 1799 678 1833 Eius
699 1798 882 1834 verflonem
904 1799 1100 1845 recognouit
1123 1796 1214 1842 Aug.
1231 1794 1445 1830 Gadaldinus.
1501 1793 1651 1829 Cor-narii
1673 1789 1778 1824 versio

59 1847 182 1897 prodiit
198 1861 273 1882 cum
289 1847 357 1883 aliis
372 1848 497 1883 Galerii.
525 1847 616 1884 Baiil.
632 1852 717 1894 1536·
732 1848 792 1886 fol.
819 1870 869 1878 —
895 1850 977 1885 Ant.
989 1849 1147 1884 Ludouici
1162 1856 1343 1883 erotemata
1366 1844 1406 1880 de
1426 1844 1552 1880 difficili
1566 1840 1777 1892 respiratione

61 1897 236 1947 Olyfipon.
253 1910 341 1943 1540.
356 1897 416 1934 fol.
443 1913 521 1934 curn
538 1900 608 1935 aliis
621 1900 750 1937 Galeni.

162 1994 212 2028 45.
241 1983 297 2018 De
326 1984 431 2029 cazffs
459 1985 709 2028 procatarfflcis.
774 1984 886 2021 Exstat
914 1986 1013 2021 latine
1042 1993 1168 2020 tantum
1196 1986 1230 2019 in
1258 1981 1331 2019 edit.
1353 1983 1398 2018 R.
1415 1981 1578 2017 charterii
1607 1980 1777 2015 ‹omvth

61 2047 135 2085 pag.
150 2048 220 2080 347.
250 2037 281 2069 in
299 2032 432 2081 septima
452 2038 615 2072 Iuniarum
631 2035 716 2073 class.
735 2038 791 2072 ΠΙ.
807 2035 867 2072 fol.
882 2049 935 2083 95.
985 2038 1072 2072 Citat
1089 2038 1175 2071 hunc
1188 2035 1307 2075 librum
1327 2034 1405 2085 πεςῖ
1430 2034 1496 2071 τῶν
1515 2046 1776 2082 ’προκαταρκτι-

62 2090 125 2126 κῶν
145 2086 259 2125 αἰτίων
289 2088 434 2121 Galenus
459 2090 490 2122 in
514 2100 580 2123 arte
603 2089 731 2124 medica
755 2102 825 2137 cap.
842 2103 888 2134 37.
916 2107 965 2116 -
1001 2089 1142 2122 Latinus
1164 2085 1269 2122 codex
1290 2086 1336 2123 est
1357 2090 1392 2121 in
1413 2086 1561 2122 biblioth.
1577 2083 1666 2134 publ.
1681 2078 1776 2118 Paris.

61 2152 112 2176 nr.
130 2139 606 2176 MMlxiMlviMDCCCLXV.
628 2161 678 2168 -—
703 2142 753 2176 Ex
771 2153 894 2189 graeco
908 2142 1001 2176 vertit
1016 2140 1093 2175 Nic.
1105 2140 1284 2186 Rhegium.

164 2227 218 2269 46·
245 2224 325 2273 Πεςῗ
342 2222 495 2267 πλήθες.
551 2226 604 2262 Dc
612 2227 820 2273 plenitudine.
871 2225 980 2261 Exstat
996 2229 1030 2262 in
1044 2224 1165 2260 Aldina
1179 2233 1261 2273 part.
1277 2225 1332 2258 ΠΙ.
1348 2221 1410 2259 fol.
1425 2235 1476 2267 77.
1499 2225 1532 2257 in
1553 2233 1668 2270 graeca
1684 2216 1776 2254 Bam.

63 2285 143 2325 part·
163 2277 218 2310 111·
234 2289 306 2324 pag·
325 2288 395 2319 ²542·
419 2280 450 2311 in
469 2277 544 2313 exiit.
563 2280 725 2314 Charterii
744 2288 825 2314 tom.
841 2279 911 2312 VII.
931 2291 961 2326 p.
977 2290 1042 2320 32²-
1072 2280 1106 2312 in
1118 2275 1255 2326 septima
1272 2278 1440 2311 luntarum
1467 2272 1552 2309 class.
1569 2273 1622 2306 ΙΙΙ.
1646 2269 1706 2306 fol.
1722 2274 1777 2313 76.

64 2325 218 2364 Refertur
241 2341 259 2362 a
279 2327 400 2362 Gaiano
425 2330 508 2363 inter
530 2333 679 2379 proprios
699 2332 734 2366 in
757 2341 825 2366 arte
844 2328 972 2365 medica
994 2342 1063 2377 cap.
1082 2343 1133 2375 39.
1187 2330 1275 2363 Citat
1296 2330 1327 2362 in
1347 2340 1388 2361 eo
1401 2327 1501 2362 libros
1515 2324 1556 2360 de
1572 2323 1777 2358 facultatibus

65 2379 278 2417 naturalibus„
311 2378 351 2414 de
373 2381 586 2428 Hippocratis
609 2394 640 2417 et
664 2382 806 2417 Platonis
827 2381 980 2422 decretis,
1005 2381 1047 2416 de
1071 2382 1239 2416 elementis
1261 2377 1437 2414 secundum
1453 2379 1712 2425 Hippocratem,
1736 2372 1779 2407 de

64 2429 248 2466 tumoribus
261 2440 385 2478 praeter
398 2443 559 2469 naturam.
584 2453 636 2461 —
660 2435 828 2470 Editiones
854 2435 992 2469 latinae.-
1019 2434 1135 2469 Galem·
1152 2433 1236 2469 liber
1250 2430 1291 2467 de
1303 2428 1517 2480 plenitudine.
1569 2426 1715 2513 Polylptlt
1729 2423 1779 2510 gie

251 2495 258 2503 ”
909 2488 939 2523 G
948 2498 970 2535 g
979 2497 1001 2535 g
1026 2496 1046 2529 3
1673 2490 1691 2512 a
1705 2488 1726 2510 u
1749 2488 1778 2513 11
