2049 2720
73 139 135 167 voi.
149 137 196 173 m.
212 144 239 170 ρ.
258 140 311 169 330
321 135 342 168 r
353 138 398 166 331
763 130 1107 168 CHAERONENSIS

75 172 399 187 --.---.

1319 135 1392 169 Lib.
1405 135 1478 171 IV.
1494 149 1515 170 c.
1531 137 1638 172 XIII.
1743 151 1795 184 155

74 235 207 273 turrito,
229 229 415 278 coniugalia
437 236 607 276 praecepta
625 224 789 274 inscripsit.
846 229 943 263 Patris
961 239 1105 272 nornen,
1133 229 1188 275 qui
1204 225 1288 275 apud
1305 229 1549 266 Chaeronenses
1566 231 1791 280 magiſtratum

73 283 181 333 gestit,
207 286 394 331 ignoratur:
422 282 522 316 Socer
538 281 695 316 Alexion:
721 276 826 314 fratris
849 279 901 314 vel
925 276 1043 314 sororis
1069 278 1126 314 filii
1148 277 1214 314 siue
1236 291 1370 328 nepotes
1392 283 1504 317 Sextus
1529 285 1739 319 Chaeroneus
1761 296 1792 320 et

75 335 248 372 Cornelius
268 335 410 374 Fronto,
435 335 489 382 qui
511 334 561 368 M.
577 333 782 366 Antoninum
805 330 1033 366 crudiuerunt:
1066 330 1150 366 filius
1174 331 1399 374 Frontonidis,
1427 336 1525 381 (quae
1547 337 1720 371 Frontonis
1744 334 1792 372 so.

73 390 162 434 ror.)
188 396 284 435 atque
308 385 390 422 adeo
415 386 572 421 Plutarchi
594 397 779 433 pronepos,
801 383 970 431 Longinus
988 388 1029 424 ⁸).
1083 385 1190 417 Etiam
1209 384 1363 432 Apuleius
1384 398 1402 420 e
1424 385 1557 433 posteris
1581 384 1610 421 se
1631 387 1794 423 Plutarchi

74 437 136 476 esse
161 437 324 486 praedicat
349 438 405 474 lib.
423 439 445 472 Ι.
470 432 726 482 metamorphos.
788 433 964 469 adfinitate
987 435 1089 469 iuneti
1111 432 1202 471 fuere
1224 439 1366 479 Craton,
1399 437 1577 481 Patrocles,
1604 438 1731 474 Firmus
1751 444 1792 485 ⁰),

74 492 181 528 Amici
198 488 400 537 complures,
428 490 460 523 in
483 490 530 523 his
553 490 592 523 C.
608 485 728 522 Soffius
743 487 890 529 Senecio,
912 485 999 534 apud
1015 488 1200 521 Traianum
1219 485 1375 535 gratiosus
1394 498 1423 523 et
1446 500 1559 538 quater
1578 488 1711 533 consul,
1739 495 1792 526 cui

73 544 154 578 vitas
176 540 348 591 parallelas
372 537 546 587 inscripsit,
573 549 603 574 et
624 536 837 587 philosophus
861 539 1051 579 Fauorinus,
1075 538 1321 574 multitudinem
1344 537 1539 590 scriptorum
1564 544 1629 578 eius
1651 544 1793 579 aemula-

74 604 124 630 tus
138 596 180 638 Ρ).
231 593 369 628 Seruum
392 592 504 627 habuit
518 589 734 632 Onesimum,
761 600 794 625 vt
814 604 831 625 e
849 588 977 626 Galeno
1000 592 1060 624 viri
1082 588 1172 626 doeti
1193 588 1412 627 obseruarunt.
1467 594 1598 629 Romae
1619 593 1794 630 docentem

72 644 195 681 audiuit
217 646 300 680 inter
321 643 402 680 alios
423 645 458 679 L.
476 645 583 678 Iunius
608 643 766 678 Arulenus
790 641 959 684 Rusticus,
985 655 1084 691 quem
1106 641 1224 678 deinde
1247 645 1458 679 Domitianus
1480 642 1612 683 sustulit.
1665 648 1794 694 Qanta

73 709 240 747 quamque
261 698 348 732 varia
370 694 571 735 eruditione,
596 707 694 744 quam
715 694 819 730 libero
842 693 1064 743 candidoque,
1089 707 1185 743 quam
1207 693 1341 730 vicissim
1363 698 1456 743 graui
1477 709 1514 730 ac
1534 696 1651 732 limato
1673 698 1794 735 iudicio

72 759 104 785 et
125 762 188 798 qua
209 750 399 797 cognitione
424 744 652 797 philosophiae
673 750 720 792 ⁹),
745 759 813 782 non
837 744 1029 794 sophisticae
1054 746 1158 793 illius,
1185 745 1237 782 sed
1255 746 1294 782 ad
1312 750 1412 782 vitam
1436 759 1656 796 comparatae,
1682 749 1795 786 instru-

72 801 143 836 tstus
158 797 255 835 fuerit
274 799 478 841 Plutarchus,
509 797 623 848 scripta
639 801 703 834 eius
719 797 845 833 abunde
858 798 1056 847 loquuntur,
1082 803 1175 847 quae'
1188 798 1363 848 complura
1384 808 1521 834 aetatem
1543 799 1646 836 tuliffe
1668 804 1701 837 in
1725 813 1794 838 tan-

71 861 109 888 to
135 853 302 887 bonorum
325 852 497 887 auctorum
520 849 714 898 naufragio,
739 851 898 891 arbitror,
924 848 1044 885 multos
1069 863 1201 886 mecum
1223 850 1375 898 gaudere.
1428 852 1555 887 Sectam
1579 851 1795 902 philosopho-

71 916 149 939 tum
173 902 299 938 nullam
321 905 364 938 ita
382 903 503 944 coluit,
531 912 563 937 vt
583 915 652 937 non
673 915 713 937 ex
737 902 806 937 aliis
833 901 977 938 lubenter
999 903 1171 950 arriperet,
1198 900 1220 937 fi
1241 901 1319 950 quid
1337 904 1442 938 verius
1465 903 1648 953 meliusque
1671 904 1727 953 ipfi
1749 909 1794 940 vi-

71 954 214 990 deretur.
284 956 363 990 Non
391 952 498 989 ferens
521 956 708 989 Stoicorum
733 952 917 1000 paradoxa3
954 951 1006 988 sed
1032 957 1137 1002 magis
1166 956 1264 989 etiam
1293 955 1443 989 inimicus
1469 957 1708 1004 Epicureorum
1734 957 1792 1004 [if]

70 1003 321 1054 irreligiolitati,
358 1008 391 1039 in
422 1005 532 1040 multis
563 1007 655 1040 rebus
680 1005 884 1040 Aristotelem
914 1002 1076 1052 sequitur,
1115 1005 1287 1040 Platonem
1309 1008 1341 1039 in
1363 1005 1542 1055 plerisque,
1574 1017 1606 1042 et
1635 1010 1667 1042 in
1698 1010 1792 1044 rebus

71 1056 276 1094 difficillimis
307 1057 470 1092 intellectu
505 1070 583 1091 cum
612 1055 875 1091 academicorum
898 1058 928 1100 Υ)
959 1054 1067 1091 schola
1097 1069 1165 1091 non
1205 1054 1427 1105 infrequenter
1453 1059 1580 1093 cohibet
1608 1057 1793 1097 adsensum.

71 1110 124 1145 De
147 1107 407 1145 Christianorum
423 1110 449 1153 ³)
475 1109 568 1142 rebus
584 1111 619 1142 'et
641 1106 823 1155 dogmatis,
850 1120 953 1154 quum
976 1110 1068 1142 toties
1087 1105 1118 1142 se
1139 1105 1273 1143 offerret
1294 1107 1439 1150 occafio,
1464 1110 1546 1144 nihil
1570 1107 1704 1148 scribere
1724 1126 1794 1148 ma.

70 1161 150 1203 luit,
176 1174 276 1208 quarn
299 1160 350 1197 vel
371 1162 403 1194 in
427 1173 482 1202 ea,
510 1171 592 1208 quae
609 1171 678 1195 non
701 1156 771 1193 satis
789 1156 904 1199 noffet,
926 1159 1054 1200 inuehi,
1081 1157 1134 1193 vel
1159 1173 1195 1193 ea
1219 1158 1368 1200 laudare,
1392 1172 1474 1207 quae
1495 1160 1623 1196 videbat
1646 1166 1731 1198 reiici
1754 1163 1793 1199 ab

71 1212 222 1249 omnibus
245 1223 276 1248 et
298 1209 464 1261 displicere
489 1211 686 1260 principibus
710 1212 794 1246 viris.
846 1208 1010 1258 Equidem
1027 1222 1066 1245 ex
1083 1209 1353 1259 Apostolicorum
1373 1211 1538 1248 librorum
1557 1213 1698 1250 lectione
1719 1218 1797 1263 proi

947 1263 978 1297 V
1004 1272 1023 1296 2
1673 1264 1793 1314 feciffe,

74 1356 182 1399 Corfin.
199 1367 263 1398 pag.
276 1358 312 1388 X.
328 1362 356 1388 et
376 1355 576 1388 Heumannus
598 1357 628 1386 in
652 1353 714 1386 diff.
731 1353 766 1384 de
783 1353 906 1390 Eurydi-

73 1411 105 1430 ce
121 1400 284 1436 Plutarchi,
303 1402 349 1438 (in
372 1401 428 1430 sine
444 1399 538 1430 libelli
559 1399 593 1428 de
614 1398 726 1428 educat.
744 1396 906 1427 liberorum

66 1441 214 1479 ‘laudata,)
252 1454 326 1483 quae
349 1442 499 1473 subiuncta
522 1443 562 1472 est
583 1443 753 1479 Heufinger.
781 1441 906 1470 editioni

71 1485 153 1516 illius
169 1485 299 1529 opusculi
314 1497 377 1527 pag.
388 1494 445 1522 184.
467 1485 518 1515 vbi
533 1484 630 1526 plures
649 1492 798 1514 enumerat
814 1485 905 1518 Eury-

74 1529 170 1564 dices,
193 1531 222 1558 in
239 1529 384 1559 Plutarchi
409 1528 474 1558 loco
496 1527 632 1566 intelligit
649 1527 828 1561 Antiatum,
857 1537 905 1556 na-

73 1573 155 1602 tione
171 1571 300 1606 Illyriam
312 1594 320 1607 ‚
343 1582 417 1612 quae
430 1571 537 1601 adscito
554 1572 673 1602 nomine
689 1581 791 1608 graeco
806 1570 904 1610 postea

959 1356 1070 1386 Fronto
1088 1353 1144 1386 dici
1163 1363 1289 1398 nequeat
1303 1354 1458 1388 Plutarch}
1473 1369 1572 1396 nepos.
1618 1360 1681 1390 Nec
1703 1360 1792 1389 Fron-

959 1407 1003 1435 to,
1027 1398 1203 1435 ssPhron'to,
1227 1400 1394 1436 Emiseuus,
1417 1404 1544 1439 Longini
1558 1401 1730 1438 auunculus,
1755 1402 1792 1432 ad

959 1441 1105 1472 Plutarchi
1129 1453 1218 1481 genus
1239 1443 1355 1484 spectat.
1413 1446 1506 1484 Atque
1533 1444 1645 1482 Corfini
1664 1447 1793 1475 ratione·

956 1485 1131 1559 2²25wa
1155 1484 1311 1517 Ruhnken.
1330 1489 1361 1517 in
1383 1485 1445 1517 diss.
1467 1487 1502 1516 de
1523 1481 1673 1527 Longino,
1697 1487 1722 1529 §.
1740 1491 1792 1519 111.

998 1551 1101 1608 o)'De
1124 1571 1170 1600 his
1192 1570 1309 1610 lingulis
1333 1571 1473 1603 Rualdus
1493 1583 1554 1614 cap.
1570 1575 1598 1603 V
1622 1580 1651 1603 et
1674 1574 1725 1605 VI.
1751 1575 1794 1615 [et

75 1622 177 1645 vocata
194 1616 232 1644 est
248 1615 400 1650 Eurydice.
434 1613 642 1655 Heuflngerus
655 1616 685 1643 in
700 1613 826 1643 subiecta
841 1611 905 1643 diff.

75 1668 140 1699 pag.
158 1664 206 1696 187
222 1657 281 1698 sqq.
302 1657 338 1687 de
358 1657 476 1694 eadem,
499 1667 565 1686 cum
586 1664 673 1695 auget
694 1656 857 1694 catalogum
874 1655 907 1685 il-

75 1700 209 1730 lustrium
232 1700 423 1736 feminarum,
446 1710 521 1740 quae
545 1700 701 1734 Eurydices
722 1695 841 1729 nomine
865 1701 906 1728 in-

76 1743 260 1778 claruerunt,
282 1750 343 1773 tum
361 1742 534 1784 suspicatur,
556 1753 571 1771 a
587 1742 740 1772 Plutarcho
760 1744 843 1771 innui
866 1742 906 1771 fa-

75 1785 186 1817 mosam
199 1785 278 1815 illam
294 1785 484 1820 Eurydicam,
509 1796 542 1814 ex
561 1797 617 1826 qua
634 1789 789 1821 Amyntas,
812 1787 908 1815 Mace-

79 1829 184 1860 doniae
200 1839 263 1862 rex,
282 1836 341 1858 tres
362 1828 437 1858 filios
456 1828 584 1863 sustulit,
606 1828 818 1863 Alexandrum,
842 1830 909 1857 Per-

78 1871 187 1901 diccam
209 1878 236 1900 et
256 1870 443 1912 Philippum,
474 1870 631 1900 Alexandri
654 1873 694 1901 M.
721 1880 852 1911 patrem,
877 1881 909 1900 ac

78 1913 169 1944 filiam
185 1916 361 1947 Euryonem.
403 1916 532 1953 Vter-'que
553 1921 650 1943 autem
667 1912 800 1942 emendat
821 1920 908 1952 atque

77 1959 288 1997 interpretatur
308 1954 386 1985 illius
407 1955 540 1985 mulieris
564 1959 761 1996 epigramma,
793 1955 909 1984 tabulae

78 2001 198 2030 votiuae
214 1997 382 2040 inscriptum
398 2005 425 2028 et
441 2009 456 2027 a
471 1997 623 2030 Plutarcho
639 1998 795 2028 seruatum.
817 1997 911 2027 Harl.

120 2078 154 2109 n)
176 2073 230 2103 Sed
245 2073 377 2102 Fabricio
394 2082 524 2102 errorem
541 2071 755 2101 Sarisberiensxs
770 2072 911 2100 nominis-

81 2127 138 2157 que
161 2115 378 2146 similitudinem
395 2114 577 2156 imposuisse,
603 2115 687 2144 docet
709 2113 858 2154 Causinius
881 2116 910 2142 in

82 2163 142 2189 vita
157 2161 184 2199 ᾗ,
204 2161 239 2188 V.
264 2170 292 2199 p.
309 2167 334 2194 ς.
356 2165 458 2199 vtpote
472 2169 561 2198 quum
581 2158 624 2188 M.
645 2157 798 2188 Cornelius
813 2156 911 2186 Fron-

83 2206 127 2238 to,
150 2203 288 2231 Antonini
304 2203 435 2241 Verique
450 2207 632 2241 praeceptor,
648 2211 662 2229 a
679 2200 861 2240 Capitolino,
880 2201 910 2228 in

41 2272 44 2274 .
85 2247 127 2275 M.
153 2246 257 2274 Ληΐου.
278 2244 355 2283 (cap.
372 2245 415 2280 z.)
443 2246 476 2272 A.
491 2243 587 2271 Gellio
611 2243 676 2277 (lib.
693 2244 731 2272 11.
756 2253 818 2282 cap.
835 2243 910 2279 πά),

84 2287 206 2327 aliisque
228 2294 425 2321 memoratus,
453 2295 468 2313 a
484 2287 641 2317 Frontone,
664 2293 767 2320 graeco
784 2284 911 2317 rhetore,

86 2332 147 2372 qui,
165 2329 261 2359 Emesa
278 2328 430 2363 oriundus,
453 2329 572 2357 Athenis
597 2328 707 2360 docuit,
730 2327 829 2365 ibique
851 2335 912 2353 mo-

86 2376 162 2403 tiens
187 2375 350 2410 Longinum
378 2371 485 2401 sororis
512 2371 603 2400 filium
626 2368 764 2398 heredem
779 2369 914 2402 instituit,

959 1612 1071 1656 Corfin.
1087 1615 1118 1642 in
1133 1616 1196 1644 vita
1211 1613 1323 1654 §.VIII
1342 1623 1370 1645 et
1384 1616 1450 1654 1x.]

999 1666 1033 1700 p)
1063 1659 1157 1696 Vide,
1194 1670 1268 1701 quae
1306 1660 1341 1690 de
1371 1662 1518 1691 Fauorino
1548 1659 1633 1702 supra
1668 1660 1719 1691 lib.
1742 1663 1795 1692 111.

960 1706 1037 1744 [cap.
1052 1714 1080 1740 4.
1109 1705 1139 1732 in
1163 1703 1296 1742 catalogo
1317 1703 1553 1740 Platonicorum,
1576 1703 1637 1734 vol.
1655 1706 1708 1734 111.
1730 1715 1794 1747 pag.

962 1756 1008 1784 173
1026 1745 1102 1787 sqq,]

1004 1801 1037 1839 q)
1064 1800 1165 1833 Errat,
1189 1804 1217 1827 et
1240 1804 1318 1828 errat
1341 1798 1547 1832 vehementer,
1576 1798 1708 1838 quisquis
1732 1798 1795 1829 Plu-

960 1842 1093 1871 tarchum
1115 1851 1176 1870 non
1199 1840 1325 1870 recenset
1349 1843 1425 1870 inter
1449 1840 1660 1881 philosophos,
1689 1843 1795 1882 inquit.

962 1885 1041 1924 Pag.
1060 1883 1253 1914 Gaudentius
1282 1883 1332 1913 lib.
1362 1883 1398 1912 de
1427 1882 1534 1924 philos.
1563 1893 1637 1911 rom.
1667 1894 1729 1924 cap.
1752 1894 1798 1920 32.

961 1937 1027 1968 pag.
1044 1935 1102 1963 ¹72-
1127 1925 1205 1955 conf.
1218 1926 1296 1955 Idem
1314 1936 1375 1966 cap.
1393 1931 1426 1961 89
1445 1933 1529 1961 et90.
1552 1925 1662 1956 Heum.

1005 1981 1035 2011 r)
1059 1976 1297 2005 Academicorum
1323 1974 1436 2016 placitis
1466 1986 1533 2005 eum
1562 1978 1689 2005 maxime
1718 1976 1798 2006 addi.

964 2020 1043 2048 &um
1064 2017 1164 2052 fuisse,
1192 2017 1290 2056 colligi
1314 2020 1407 2059 potest
1432 2018 1478 2048 vel
1502 2029 1537 2049 ex
1559 2018 1616 2059 seq.
1638 2023 1661 2054 §-
1686 2021 1723 2050 11.
1747 2020 1797 2049 vbi

964 2063 1052 2091 exstat
1076 2060 1156 2090 catal.
1177 2060 1351 2102 scriptorum
1371 2061 1537 2098 Plutarchi,
1574 2073 1620 2092 nr.
1633 2072 1676 2097 43.
1693 2065 1735 2092 61.
1750 2067 1796 2092 62.

964 2108 1090 2140 69.'128.
1110 2114 1160 2139 13¹·
1178 2110 1236 2139 ¹98·
1270 2103 1379 2134 Heum.

1006 2159 1036 2191 s)
1064 2155 1270 2185 Tillemoutius
1290 2163 1360 2184 tom.
1380 2157 1418 2184 11.
1438 2155 1502 2184 hist.
1518 2156 1653 2196 imperat.
1683 2167 1711 2197 p.
1727 2164 1797 2193 477.

965 2198 999 2227 de
1015 2197 1185 2227 Plutarcho:
1215 2198 1247 2228 Il
1269 2208 1304 2228 ne
1323 2198 1551 2238 parle‘jamais
1572 2198 1607 2228 de
1623 2197 1653 2227 la
1668 2199 1797 2237 religion

968 2240 1169 2281 Chreflieime,
1194 2239 1315 2279 wosant
1326 2240 1500 2278 peut-estre
1522 2248 1555 2268 en
1572 2239 1638 2269 dire
1664 2239 1704 2270 dn
1721 2242 1797 2276 luen,

966 2284 995 2311 et
1012 2289 1047 2309 ne
1061 2280 1188 2310 voulant
1199 2290 1259 2320 pas
1276 2289 1309 2310 en
1326 2281 1391 2310 dire
1408 2281 1487 2316 mal,
1511 2291 1621 2311 comme
1638 2282 1670 2312 S.
1687 2283 1798 2321 Augu-

960 2322 1023 2364 stin
1044 2323 1069 2352 le
1089 2323 1135 2353 dit
1157 2323 1192 2353 de
1212 2323 1354 2363 Seneque.
1377 2322 1498 2353 Fabric.
1543 2323 1594 2353 lib.
1611 2327 1660 2353 VI.
1683 2327 1798 2362 August.

966 2365 1005 2397 ,de
1029 2368 1108 2395 cinit.
1132 2366 1178 2395 dci
1203 2377 1263 2406 cap.
1283 2369 1331 2396 Xl.
1364 2366 1431 2395 vide
1451 2374 1547 2395 tamen
1563 2366 1702 2406 l'itring.
1721 2368 1800 2399 obis.

88 2416 238 2446 certissime
264 2416 297 2447 fit
326 2413 560 2453 distinguendus,
605 2413 737 2454 adeoque
758 2410 917 2450 ,Cornelius
969 2408 1039 2440 sacr.
1059 2409 1110 2440 lib.
1127 2411 1177 2439 lV.
1195 2420 1256 2449 cap.
1274 2418 1303 2447 7.
1320 2409 1347 2447 ᾗ.
1363 2411 1440 2440 xxi.
1460 2419 1523 2450 pag.
1538 2417 1607 2447 972.
1628 2410 1737 2442 Hemn.
