2013 2725
274 171 337 213 598
440 157 790 198 LJMVJXXIV.
904 158 1075 195 OPPIANI
1109 160 1356 196 Em‘riomzs
1656 163 1984 214 volumen-222

276 264 365 296 tione
383 255 515 296 Aldina,
543 255 689 290 carmine
705 254 849 303 Oppiani
874 250 914 288 de
933 255 1105 289 venatione
1126 255 1237 295 audla,
1262 254 1313 290 vel
1336 252 1456 289 inuidia
1476 264 1604 298 motus,
1631 257 1680 291 vel
1703 260 1776 305 quia
1797 260 1894 292 nimis
1915 258 1986 294 reli-

275 309 366 358 giose
388 307 537 356 sequutus
561 305 604 341 est
625 304 725 340 fidem
745 303 865 340 codicis
881 302 947 346 sui,
975 308 1080 353 magis
1101 305 1308 355 depr-annuit,
1332 319 1450 354 quam,
1476 305 1564 355 quod
1581 306 1714 356 quidem
1735 322 1816 344 vane
1831 309 1987 358 gloriatus

278 361 321 398 est
335 389 345 405 ‚
373 362 452 395 bene
470 360 619 393 correxit.
672 355 841 404 Inscriptio
865 354 1016 391 editionis
1038 359 1116 392 haec
1138 357 1198 392 est:

376 421 556 464 Ὀππιοὶγε
584 442 630 453 ·-
660 423 802 468 Oppiani
819 421 860 458 de
878 421 1012 472 piscibus
1032 425 1106 458 libri
1124 424 1170 459 V.
1204 422 1355 458 Eiusdem
1378 422 1418 458 de
1441 426 1613 460 venatione
1632 426 1706 460 libri
1724 425 1819 461 IIII.
1845 426 1989 471 Oppiani

278 480 316 515 de
334 479 475 526 piscibus
499 477 674 510 Laurentio
691 476 806 520 Lippio
831 477 1003 519 interprete
1024 476 1096 508 libri
1115 476 1157 511 V.
1186 474 1226 509 ad
1248 475 1371 509 calcem
1393 474 1547 510 vernonis
1568 475 1707 518 latinae,
1740 490 1822 525 quae
1845 475 1989 525 separata

279 531 323 567 cst
339 545 355 564 a
371 541 489 577 graeco
506 537 614 569 textu3
645 525 791 561 Venetiis
803 527 838 560 in
855 524 984 560 aedibus
1002 525 1076 561 Aldi
1094 537 1124 561 et
1140 525 1285 561 Andreae
1302 527 1433 566 Soceri,
1460 524 1570 562 mense
1586 527 1762 562 Decembri
1777 529 1826 563 M.
1835 528 1987 565 D.XV11.

276 583 393 629 (1517.)
416 588 446 620 8.
498 577 599 613 Aldus
624 575 816 624 promiserat
838 576 971 625 quidem
995 580 1029 611 in
1051 575 1253 626 praefatione
1270 575 1308 612 ad
1326 576 1518 619 Pindarum,
1544 575 1576 614 se
1597 576 1720 614 scholia
1739 578 1858 614 inedita
1877 580 1990 627 proxi·

280 648 335 673 me
355 636 389 667 in
411 632 518 668 lucem
541 626 731 665 emissurum
753 626 834 667 effe,
866 626 918 662 sed
941 641 1066 664 nomen
1086 628 1166 664 illud
1187 641 1369 677 numquam
1392 626 1538 664 exsoluit.

383 698 526 742 Oppiani
546 697 769 743 Cynegetica,
795 707 928 743 graece,
956 693 1049 731 Paris.
1072 709 1124 744 ap.
1148 692 1391 738 vascosanum,
1418 707 1504 742 1549.
1525 708 1556 739 4.
1606 694 1739 738 Editor,
1766 693 1884 744 (quem
1900 687 2012 730 Tur..⁴

279 751 400 787 nebum
429 746 538 785 fuiffe,
573 748 778 781 Schneiderus
801 744 1014 796 suspicabatur
1039 750 1071 781 in
1099 744 1228 795 praefat.
1252 759 1325 794 pag.
1341 748 1428 781 Vm.
1457 756 1569 784 cont-ra
1591 749 1625 781 in
1649 747 1796 782 analeffis
1822 747 1938 781 criticis
1957 748 1992 780 in

271 803 447 851 scriptores
470 804 548 835 vett.
573 810 705 845 graecos
733 805 762 832 et
787 799 846 834 lat.
875 797 1091 844 (Traieeliad
1107 797 1219 833 Viadr.
1240 810 1323 842 ¹777·
1340 800 1386 842 8.)
1413 811 1486 847 pag.
1505 810 1550 841 33,
1577 797 1690 839 docet,
1719 798 1880 832 Rudinum
1897 794 1992 832 fisiss'e

281 854 367 889 illius
391 850 541 886 editionis
566 850 765 893 au&orem,)
795 848 900 884 editor
920 850 1036 896 igitur,
1071 852 1210 897 quisquis
1235 847 1316 891 fuit,
1347 851 1446 883 nimis
1468 846 1620 897 religiose
1647 847 1752 895 preffit
1774 848 1905 897 vestigia
1926 847 1990 883 edi-

281 906 379 940 tionis
407 900 562 942 Aldinae,
594 910 627 935 et
651 912 728 935 vero
750 899 874 947 aliquot
896 896 1069 947 scripturae
1092 901 1175 934 vitiis
1201 899 1355 934 Aldinam
1377 900 1553 935 lectionem
1576 903 1680 945 magis
1701 898 1892 935 obscurauit.
1954 900 1992 934 In

281 954 528 991 commentariis
550 962 662 986 tamen
684 950 786 985 multa
808 949 957 985 editionis
980 950 1116 985 Aldinae
1142 952 1216 984 vitia
1238 949 1308 998 post
1329 949 1515 985 Brodaeum
1539 949 1735 985 emendauit.
1797 948 1991 998 Exemplar.

282 1010 335 1042 cui
357 1003 455 1040 additi
480 1000 551 1037 sunt
578 1001 702 1039 codex,
729 1014 768 1037 ex
787 1014 854 1048 quo
871 1003 1060 1049 Oppianum
1079 1000 1178 1035 edidit
1192 999 1380 1037 Rittershus.
1404 1011 1435 1037 et
1454 1000 1577 1037 scholia
1599 1010 1695 1049 atque
1714 999 1835 1036 indices
1856 1000 1992 1050 aliaque,

282 1069 383 1094 manu
404 1052 606 1090 Rittershusii
626 1051 759 1100 scripta,
787 1052 830 1087 est
852 1055 884 1086 in
908 1052 981 1086 bibl.
1005 1051 1186 1087 Dresdenfi.

382 1124 515 1159 Nouam
537 1132 676 1155 manum
701 1117 865 1154 medicam
895 1129 1011 1167 poetae
1033 1118 1149 1154 adtulit
1177 1119 1367 1160 Turnebus,
1401 1128 1472 1154 tum
1497 1117 1657 1154 beneficio
1679 1120 1800 1168 ingenii
1822 1116 1886 1161 sui,
1921 1130 1992 1157 tum

284 1189 349 1225 ope
364 1172 460 1210 codd.
476 1182 652 1207 msstorum
669 1180 700 1206 et
716 1171 892 1207 collatione
915 1169 1003 1206 editt.
1020 1172 1167 1206 Iuntinae
1184 1173 1304 1220 pariter
1319 1184 1356 1207 ac
1370 1170 1507 1206 Aldinae
1521 1173 1568 1217 ⁹),
1596 1172 1630 1206 in
1650 1168 1793 1207 editione
1813 1168 1912 1206 nitida
1932 1183 1993 1206 nee

284 1226 385 1264 hodie
406 1223 584 1272 frequenti:

388 1292 530 1337 Oppiani
546 1290 733 1325 Anazarbei
757 1287 798 1324 de
819 1287 940 1338 piscatu
963 1289 1036 1325 libri
1056 1291 1096 1325 V.
1121 1288 1161 1325 de
1182 1292 1352 1325 venatione
1373 1287 1445 1325 libri
1462 1290 1531 1325 ΠΗ.
1560 1286 1653 1325 Paris.
1679 1291 1766 1339 typis
1792 1292 1887 1338 regiis
1907 1288 1994 1338 apud

285 1341 650 1381 Ad1·ia11.'furnebum,
683 1343 932 1390 typographum
955 1343 1102 1388 regium,
1127 1353 1201 1386 1555.
1228 1353 1260 1384 4.
1294 1354 1418 1389 graece.
1452 1340 1491 1374 de
1515 1352 1578 1388 qua
1603 1340 1746 1376 editione
1768 1339 1827 1375 vid.
1848 1343 1994 1388 Freytag

284 1400 319 1431 in
340 1394 431 1429 Anal.
446 1393 604 1428 litterariis
625 1404 698 1440 pag.
716 1394 788 1434 642.
815 1413 865 1418 —
893 1391 1019 1427 Eodem
1043 1405 1121 1426 vero
1143 1406 1231 1427 anno
1251 1391 1375 1441 prodiit
1392 1391 1493 1426 versio
1514 1392 1632 1427 latina:
1663 1392 1804 1437 Oppiani
1821 1393 1995 1428 Haliesttici

287 1449 361 1482 libra*
389 1447 497 1479 latinis
523 1442 662 1478 versibus
688 1444 824 1478 heroicis
846 1458 864 1477 a
888 1445 1064 1478 Laurentio
1081 1445 1217 1489 Lippio,
1250 1441 1420 1485 Collense,
1455 1440 1611 1490 expressi,
1639 1454 1669 1477 et
1697 1444 1877 1490 Cynegetici
1898 1445 1996 1479 latine

286 1501 330 1534 ita
348 1496 445 1538 verfi,
473 1505 506 1530 vt
525 1494 653 1542 singula
670 1495 765 1529 verba
788 1493 919 1541 lingulis
937 1493 1157 1542 respondeant.
1187 1492 1279 1528 Paris.
1296 1508 1335 1542 ap
1353 1493 1440 1528 Guil.
1456 1493 1660 1536 Morelium,
1684 1505 1764 1539 1554.
1781 1507 1810 1538 4.
1861 1497 1891 1529 A
1907 1495 1997 1530 Tur.

285 1550 371 1586 nebo
391 1559 497 1582 autem
522 1543 709 1581 confectam
730 1543 792 1580 effe
812 1544 997 1580 versionem
1022 1548 1322 1594 Cynegeticorum,
1358 1545 1409 1580 vel
1431 1559 1470 1580 ex
1492 1559 1532 1582 eo
1555 1555 1660 1593 patet,
1690 1545 1782 1593 quod
1805 1545 1862 1581 illa
1886 1542 1996 1581 recusa

287 1601 330 1637 est
353 1603 385 1634 in
407 1600 548 1634 Turnebi
572 1599 744 1645 opeiibus‚
771 1599 943 1643 Argentor.
963 1600 1054 1630 1600.
1076 1596 1134 1631 fol.
1164 1609 1243 1632 tom.
1261 1599 1297 1630 ll.
1324 1611 1370 1631 nr.
1393 1607 1435 1638 14,
1465 1615 1510 1622 --·
1538 1599 1681 1645 Oppiani
1707 1596 1906 1634 halieuticum
1927 1610 1999 1633 ver-

285 1652 412 1688 sionem
432 1650 565 1685 molitus
588 1650 684 1683 etiam
705 1646 766 1682 fuit
788 1650 889 1683 Iacob.
907 1648 1089 1687 Hertelius,
1118 1658 1150 1682 vt
1173 1648 1301 1683 testatur
1320 1650 1354 1682 in
1372 1644 1507 1696 praefat.
1533 1647 1572 1682 ad
1594 1646 1780 1695 fragmenta
1801 1661 2013 1695 graecoruum

287 1705 506 1739 comicorum.
558 1699 666 1735 Aliam
688 1699 814 1748 reliquit
837 1699 1029 1744 Pftiffcrus,
1058 1709 1089 1733 vt
1109 1699 1220 1748 paullo
1244 1697 1377 1734 inferius
1401 1697 1608 1735 obseruatum
1630 1699 1684 1735 est.
1719 1700 1833 1744 Harl]

391 1787 575 1833 Cynegetica
601 1785 700 1818 latina
719 1783 818 1830 profit
840 1781 965 1818 vertiss‘e
988 1780 1017 1817 se
1038 1782 1169 1818 testatur
1187 1784 1351 1817 Gesnerus
1374 1784 1406 1816 in
1421 1782 1497 1816 bibl.
1524 1780 1577 1817 sed
1596 1796 1765 1831 nunquam
1779 1786 1815 1819 in
1828 1785 1999 1832 publicum

289 1837 411 1888 prodiit
431 1839 497 1871 eius
521 1838 755 1883 interpretatio.
811 1835 930 1868 Latino
953 1836 1089 1868 carmine
1111 1843 1273 1880 vteunque
1291 1838 1323 1881 r)
1348 1832 1486 1867 reddidit
1508 1835 1705 1881 Cynegetica
1727 1836 1887 1870 Iohannes
1900 1837 2000 1871 Bodi-

289 1902 367 1929 mts,
394 1898 550 1936 notasque
565 1885 705 1930 addidit,
727 1889 762 1921 in
777 1887 886 1935 quibus
902 1886 1043 1920 Adriani
1064 1887 1203 1920 Turnehi
1230 1885 1285 1932 [if]
1313 1885 1470 1920 lectiones
1495 1882 1666 1933 sublegisse
1677 1886 1708 1934 ³)
1726 1885 1856 1924 dicitur.
1907 1889 2000 1923 Cete-

1920 1951 1998 1977 rum

332 2035 367 2076 q)
389 2033 522 2064 Turneb.
544 2038 639 2061 tamen
659 2032 689 2060 in
709 2029 875 2060 halieuticis
894 2029 974 2070 sequi
994 2029 1124 2059 maluiffe
1169 2027 1268 2059 tulerit
1283 2027 1413 2069 scriptis,
1436 2036 1468 2059 vt
1491 2039 1526 2059 ex
1547 2031 1610 2059 eiu·
1633 2029 1753 2070 epistola
1774 2029 1810 2060 ad
1832 2032 1898 2061 1011.
1915 2032 2000 2064 Coei-

293 2078 444 2112 Aldinmn,
467 2086 553 2115 quam
575 2076 721 2103 luminam
743 2073 811 2104 edit.
829 2084 914 2111 aegre
934 2073 991 2102 fert
1004 2071 1124 2103 Sclmei-
1168 2074 1251 2101 nium
1266 2071 1356 2101 refert
1374 2073 1589 2103 Rittershufius.
1967 2076 1973 2081 '

292 2121 356 2151 der,
382 2122 412 2148 in
435 2117 524 2158 praef.
550 2124 578 2146 et
601 2116 657 2145 alia
680 2116 793 2156 culpat,
828 2118 858 2145 in
886 2115 1027 2146 Analceiis
1052 2125 1124 2144 vero
1211 2119 1239 2147 s)
1261 2114 1338 2144 Vide
1358 2114 1467 2154 [ipsum
1489 2115 1667 2146 Turnebnm
1687 2116 1718 2144 in
1741 2116 1798 2145 fine
1813 2115 1880 2146 snae
1895 2116 1997 2147 editio·

292 2174 356 2205 pag.
375 2172 419 2197 3²-
445 2159 668 2193 animaduertit,
690 2159 868 2188 Turnebum
889 2161 919 2187 in
945 2160 1125 2194 Cynegeticis
1169 2158 1242 2193 nis,]
1271 2155 1419 2198 Coloniefii
1448 2157 1572 2187 Galliam
1594 2157 1736 2187 Oriental.
1761 2169 1826 2199 pag.
1848 2168 1884 2198 ἰς
1907 2167 1935 2189 et
1956 2166 1997 2196 83.

292 2215 397 2246 parum
419 2210 467 2232 aut
487 2202 563 2231 nihil
590 2203 710 2230 omnino
735 2199 872 2235 mutasse,
893 2201 972 2241 quod
994 2211 1054 2229 non
1077 2210 1125 2229 an-
1171 2198 1304 2239 epistolas
1322 2199 1449 2239 Georgii
1465 2199 1602 2230 Riclzteri
1614 2210 1680 2240 pag.
1696 2209 1762 2235 205.
1805 2203 1899 2231 Prima
1913 2201 1998 2232 Scali-

293 2258 338 2278 tea
361 2245 490 2276 sollerter
513 2245 664 2282 ingenium
686 2242 811 2272 Brodaei
834 2250 861 2272 et
883 2243 988 2273 Bodini
1010 2245 1125 2280 excogi-
1169 2252 1273 2279 ger-ana
1289 2251 1354 2282 pag.
1373 2251 1414 2270 21.
1436 2245 1536 2282 [quam
1557 2250 1654 2272 tamen
1675 2242 1826 2274 infamiam
1845 2254 1860 2274 a
1880 2246 1998 2275 nomine

295 2291 410 2321 tauerit,
1169 2284 1275 2313 Bodini
1293 2283 1436 2324 depellere
1459 2285 1550 2314 studet
1566 2284 1730 2316 Schneider
1747 2288 1777 2315 in
1792 2286 1912 2327 praefat.
1933 2284 1996 2328 passg.

336 2335 369 2370 r)
402 2333 444 2360 Ita
465 2329 499 2359 de
521 2330 583 2357 eius
607 2326 776 2366 metaphrasi
803 2325 887 2356 sentit
910 2326 1084 2357 Bochai-tus
1103 2329 1126 2356 1.
1169 2328 1238 2356 VIH
1253 2326 1292 2366 sq.
1316 2326 1388 2355 adde
1410 2327 1544 2356 eumdem
1566 2329 1596 2356 in
1617 2327 1760 2357 Analeffls
1776 2337 1829 2358 etc.
1851 2339 1879 2369 p.
1895 2338 1927 2363 33
1945 2329 1982 2370 sq·

296 2378 416 2405 Hieroz.
432 2382 498 2413 pag.
513 2375 559 2405 761
578 2370 616 2410 sq.
643 2369 709 2398 licet
724 2368 850 2398 Bodinus
875 2369 933 2408 ipse
951 2371 1022 2398 hanc
1037 2377 1126 2398 meta-
1170 2371 1303 2398 Ceterum
1328 2370 1356 2398 in
1380 2369 1509 2407 catalogo
1530 2371 1677 2399 Thuaneo
1702 2378 1772 2400 tom.
1789 2373 1826 2400 11.
1851 2381 1914 2411 pag.
1933 2381 1996 2410 271.

298 2418 412 2459 phrafin
425 2424 453 2446 er
469 2413 709 2446 commentarium
728 2411 863 2443 omnibus
886 2412 941 2442 suis
964 2412 1028 2443 aliis
1044 2422 1126 2454 prae·
1168 2412 1361 2455 metaphraste
1383 2412 1490 2444 Bodini
1515 2422 1669 2454 perperam
1696 2412 1822 2445 refertur
1849 2414 1885 2443 ad
1912 2416 1987 2450 Laui·

1848 2457 1985 2499 Lippium
