2013 2725
193 54 252 95 632
306 48 375 83 Lib.
394 44 441 81 V.
456 56 478 79 c.
496 41 577 78 XL.
928 34 1086 70 Li-:xicA
1113 33 1307 71 GRAECA.

1685 37 1746 64 vot.
1763 38 1798 65 X.
1829 47 1855 72 p.
1871 42 1905 71 32

198 137 455 193 Ἀλεξανδρέως.
503 131 647 173 Fortasse
668 129 790 176 Cyrilli
813 141 939 166 nomen
968 131 1068 165 ctiam
1095 127 1324 179 reponendum
1352 131 1386 165 in
1421 128 1495 165 cod.
1523 130 1736 175 coislinianae,
1771 132 1812 168 de
1840 145 1908 182 quo

200 196 450 241 Montfauconus
464 203 494 237 p.
511 190 579 223 226.
596 186 645 220 vbi
665 191 828 220 memorat
842 181 908 216 duo
923 179 1005 217 folia
1027 194 1067 217 ex
1080 181 1185 217 lexico
1200 177 1434 231 archiepiscopi
1452 182 1672 219 Alexandrini.
1690 185 1817 234 rCyn-illi
1831 184 1910 219 lexi-

201 260 265 283 con
282 249 398 281 iterum
413 248 574 276 memorat
591 248 662 284 pag.
680 238 753 277 603.
773 236 958 281 Vtrumque
973 231 1137 269 diuersum
1150 232 1193 269 est
1207 248 1224 269 a
1237 233 1346 269 lexico
1362 231 1431 270 satis
1448 231 1562 281 spisso,
1587 235 1678 284 quod
1704 237 1809 272 habeo
1832 237 1910 272 MS,

203 308 276 334 ante
301 308 402 331 annos
427 294 621 340 quingentos
644 285 842 335 fugientibus
862 284 975 334 pallim
997 283 1108 320 litteris
1131 295 1299 321 exaratum
1322 287 1355 320 in
1382 286 1593 329 membrana,
1617 285 1706 335 quod
1729 285 1912 323 inscribitur

204 352 352 388 Κυοχλλὸ
376 336 646 393 dementer-6⁷1⁸·
702 337 820 382 Cyrilli
846 336 953 372 lexico
977 335 1100 384 glossae
1121 337 1258 373 biblicae
1279 339 1313 372 in
1334 336 1449 373 codice
1473 338 1666 374 Colbertino
1690 336 1847 374 subiectae
1868 337 1914 372 le-

204 379 343 448 guiitui',
376 406 512 442 quatum
540 393 708 426 auclorem
735 402 804 424 non
829 387 1014 431 Cyrillurn,
1041 386 1094 424 sed
1120 390 1302 436 Origenem
1324 389 1454 436 putabat
1474 386 1537 423 effe
1556 387 1595 426 Is.
1615 389 1764 430 Voss'ius,
1790 389 1866 424 licet
1884 398 1915 424 et
1943 417 1946 419 .

205 454 253 487 his
269 447 387 492 cyrilli
405 456 527 479 nomen
544 441 750 490 praefigatur.
803 438 976 474 Salmasius
999 452 1074 488 pag.
1093 451 1139 484 75.
1161 440 1200 476 ad
1224 439 1366 474 Tertull.
1386 439 1426 475 de
1451 439 1678 488 palliovadfert
1691 440 1806 478 locum
1829 441 1915 476 eBa.

205 501 282 543 filii,
304 496 407 547 presb.
430 492 559 530 scholiis
587 496 620 527 in
644 495 723 528 Naz.
747 493 802 540 qui
825 491 963 526 totidem
982 492 1085 526 verbis
1108 493 1141 527 in
1165 490 1285 535 cyrilli
1308 490 1414 527 lexico
1438 491 1567 539 legitur.
1624 528 1630 542 ὃ

310 564 453 613 Dosithei
475 558 592 609 gloffas
615 561 691 595 citat
707 556 745 594 1s.
767 556 896 593 Voffius
921 556 962 593 ad
983 557 1152 594 Catullum
1173 570 1248 607 pag.
1271 571 1324 605 97.
1351 563 1411 595 etc‘.
1437 555 1540 605 [conf.
1563 555 1658 608 supra
1681 562 1716 596 in
1736 567 1796 595 cat.
1810 569 1919 607 gram·

206 626 283 654 mat.
303 628 351 665 gr.
376 616 409 651 h.
426 613 478 658 vn]

313 683 449 718 Eudemi
477 676 606 728 Εόὃῆμε
636 674 771 727 ῥήτορος
796 677 872 728 περὶ
894 674 1015 727 λέξεων
1036 677 1219 727 ῥητορικῶν.

1278 674 1365 712 Cod.
1396 673 1488 712 Paris.
1511 677 1788 713 MMDCCLVH.
1831 674 1920 724 [cod.

208 734 488 772 MMDCXXXV.
522 732 586 766 vid.
617 729 707 764 catal.
726 731 765 763 11.
790 741 863 776 pag.
886 733 967 774 53¹·)
991 739 1020 763 et
1043 731 1075 762 in
1097 729 1170 762 bibl.
1198 726 1349 763 Medicea
1364 726 1397 772 Π)
1424 741 1461 762 ac
1482 726 1638 763 caesarea
1665 726 1923 763 vindobonenfi.
1950 739 1955 743 “
1975 725 1979 729 ”

210 789 337 822 Citamr
360 799 377 819 a
392 786 521 831 Cangio
544 785 578 817 in
598 778 728 829 glollar.

782 782 912 814 Pricaeo
939 779 977 813 ad
1004 792 1028 814 1.
1048 781 1205 814 Timoth.
1227 782 1282 813 ΙΙΙ.
1305 793 1330 823 3.
1363 778 1499 813 Kiistero
1529 779 1570 813 ad
1600 777 1734 816 Suidam
1761 791 1821 815 etc.
1850 777 1925 814 vide

214 850 295 887 quae
319 836 384 871 dixi
408 833 525 882 supra,
550 833 591 868 de
607 829 774 866 SuidalV.
798 831 866 864 init.
891 829 988 865 indie.
1012 827 1228 877 scriptorum,
1249 843 1268 864 a
1285 828 1382 864 Suida
1395 828 1616 866 laudatorum.

216 979 325 1015 partein
342 981 376 1000 ex
393 967 505 1004 cyrillo
527 966 673 997 Bremensi
696 964 846 1001 desumflt,
875 962 1047 1005 &seruante

215 1014 432 1052 Jt'ulenkanzpio
450 1014 478 1041 in
495 1010 649 1051 specimine
666 1009 820 1039 emendatt.
843 1016 870 1038 et
893 1007 1050 1038 obseruatt.

215 1061 246 1088 in
264 1056 426 1093 Etymolog.
444 1056 485 1084 M.
513 1064 575 1094 pag.
593 1063 620 1088 9.
638 1051 677 1092 sq.
701 1054 748 1081 cui
763 1060 876 1086 tamen,
899 1051 1050 1080 au&orem

215 1102 304 1130 huius
319 1099 404 1128 lexici
420 1096 475 1126 effe
490 1096 652 1135 Cyn-illum,
675 1097 796 1124 minime
812 1092 930 1123 videtur
946 1093 1051 1133 proba-

219 1143 288 1172 bile.
333 1140 450 1170 Titulus
465 1149 536 1168 vero
557 1138 682 1176 Κυρίλλκ
698 1136 729 1165 εἰς
743 1135 793 1165 τρὶς
816 1134 983 1175 ἐπὀρελιιέγεις
1004 1137 1051 1163 λέ-

217 1186 269 1220 ξας
291 1187 336 1215 τῆς
358 1181 433 1212 θείας
457 1183 560 1221 γραφῆς
579 1192 637 1209 non
657 1180 749 1209 solum
767 1180 801 1209 ab
824 1179 933 1213 altera,
961 1188 1052 1219 eaque

222 1228 307 1265 longe
323 1227 483 1256 recentiore
493 1234 578 1253 manu
594 1224 632 1252 est
647 1223 770 1257 additus,
786 1221 832 1251 scd
847 1224 946 1255 etiam,
962 1232 1053 1261 quum

221 1279 339 1313 praeter
362 1279 442 1299 voce.
464 1266 621 1307 scripturae
645 1264 737 1295 sacrae
759 1265 886 1306 plurima
910 1266 998 1294 etiam
1019 1273 1055 1293 ex

224 1312 354 1353 profanis
371 1310 539 1341 auetoribus
553 1311 662 1347 graecis
675 1310 704 1338 in
719 1308 771 1338 illo
787 1307 978 1348 explicentur,
1001 1308 1055 1335 mi-

223 1358 302 1385 nime
318 1355 455 1383 conuenit
472 1354 538 1382 huic
553 1350 699 1389 gloffario.
721 1368 765 1373 —
808 1352 839 1379 In
854 1349 938 1379 codd.
956 1347 1057 1389 Paris.

226 1397 297 1428 bibl.
314 1396 445 1438 publicae
464 1395 568 1434 Cyriui
591 1393 705 1423 lexicon
725 1393 895 1433 frequenter
916 1393 1056 1426 occurrit,

225 1449 257 1471 vt
280 1442 309 1470 in
335 1439 400 1470 cod.
421 1438 576 1468 MMDCX.
607 1446 651 1466 nr.
676 1446 705 1466 2.
748 1435 855 1475 Cyrilti
883 1434 998 1465 lexicon
1029 1440 1058 1463 et

225 1494 271 1514 nr.
290 1491 324 1513 n.
354 1482 432 1511 idem
456 1483 485 1510 in
509 1481 658 1520 epitomen
683 1479 880 1508 contractum:
915 1479 947 1507 in
971 1475 1056 1507 codd.

228 1525 452 1557 MMDcxvm.
468 1523 662 1553 MMDCXIX.
678 1522 860 1551 MMDCXX.
877 1521 1058 1550 MMDCLV.

231 1570 426 1599 MMDCLVL
448 1566 680 1595 MMDCLxxn.
701 1563 816 1593 lexicon
838 1562 884 1592 illi
903 1563 1059 1593 tributum.

227 1627 273 1634 —
296 1609 459 1640 Caietams
475 1607 612 1640 Marini,
635 1607 714 1636 arch.
731 1607 872 1635 Vaticano
887 1604 1062 1645 praefussus,

230 1652 350 1695 possidet
366 1651 494 1681 codicem
509 1649 689 1682 membran.⁹
710 1649 761 1688 qui
770 1647 888 1687 Cyrmi,
911 1647 1062 1688 Stephani,

230 1694 389 1726 Theodori
404 1693 587 1733 aliorumque
603 1690 704 1730 glossas
720 1693 866 1725 continet,
888 1689 958 1721 saec.
977 1691 1013 1719 X.
1034 1695 1064 1718 at

234 1736 369 1768 mendose
385 1736 532 1776 scriptum.
556 1736 651 1774 Atque
661 1732 805 1767 Cyrillum
821 1734 981 1762 Matinium
995 1733 1063 1761 Bre-

230 1780 320 1811 menfi
339 1778 486 1809 interdum
508 1776 692 1818 pleniorem,
719 1775 866 1805 interdum
891 1774 1065 1804 inferiorem

234 1823 288 1853 etse
303 1824 342 1852 ait
384 1820 512 1854 Schow,
545 1821 618 1859 (qui
631 1829 666 1847 eo
682 1817 746 1848 vsus
757 1841 765 1855 ,
795 1817 885 1848 multa
898 1827 937 1847 »ex
951 1827 986 1847 eo
1002 1815 1066 1846 loca

230 1867 266 1895 jn
282 1867 358 1894 notis
374 1865 481 1899 citat‚)
509 1865 537 1892 in
560 1861 680 1903 praefat.
701 1861 737 1889 ad
757 1860 899 1895 Hesychii
917 1859 1034 1889 lexicon
1049 1870 1066 1889 e

235 1907 299 1937 cod.
314 1909 462 1937 Marciano
479 1906 640 1935 restitutum
651 1926 660 1940 ‚
691 1914 755 1945 pag.
771 1905 850 1933 XIX.
863 1902 922 1944 seq.
945 1905 1066 1943 eiusque

238 1950 409 1980 dinerfitatis
422 1947 544 1978 caussam
557 1947 612 1976 esse
627 1949 817 1987 pronuntiat,
837 1946 917 1987 quod
933 1946 1066 1976 codicum

236 1994 391 2033 archetypa
416 1991 533 2021 diuersis
554 1989 757 2019 additamentis
780 1991 808 2018 in
829 1992 959 2027 margine
977 1989 1066 2018 adau-

234 2037 281 2065 &a
294 2034 403 2065 fuerint
418 2041 445 2064 et
461 2031 646 2073 interpolata.
671 2049 713 2054 —
757 2032 930 2062 Florentiae
948 2034 980 2061 in
994 2030 1067 2063 bibl.

238 2078 343 2108 Medic.
355 2079 385 2106 in
395 2077 552 2107 cod.XLll.
564 2074 778 2115 plut.1.vn.(in
788 2085 846 2115 quo
855 2074 919 2104 cod.
931 2074 995 2104 sunt
1004 2073 1067 2115 plu·

238 2131 269 2150 ra
283 2120 373 2150 lexica
387 2120 551 2157 argumenti
565 2118 668 2147 diuersi
681 2128 699 2145 a
713 2120 802 2146 variis
819 2120 987 2147 concinnata
998 2139 1007 2152 ,
1036 2120 1067 2147 in

237 2164 282 2193 his
302 2161 451 2202 Theodosii
466 2160 614 2190 cuiusdam
637 2160 772 2189 monachi
792 2162 972 2197 grammatici
994 2159 1068 2190 lexi-

237 2216 293 2235 con
309 2215 387 2234 vocc
403 2214 476 2244 quae
490 2205 683 2234 inueniuntur
704 2204 733 2232 in
754 2205 927 2243 tropariis‚)
949 2204 978 2234 in
1002 2202 1067 2235 cod.

238 2246 333 2276 forsan
350 2249 476 2276 XLvut.
500 2247 585 2276 initio
601 2244 721 2280 mutilo;
743 2245 848 2275 diserte
862 2256 935 2275 vero
952 2247 982 2276 in
1001 2245 1067 2276 cod.

241 2291 329 2319 XXX.
348 2288 419 2330 plut.
438 2295 478 2325 58.
499 2288 562 2320 cod.
579 2290 657 2320 XVI.
683 2295 711 2320 et
726 2288 789 2319 cod.
804 2290 908 2322 xux.
929 2291 992 2328 (cui
1011 2287 1069 2320 alia

1727 877 1929 927 Constantini

1090 962 1244 1000 comestio,
1268 963 1433 995 Ptolemaei
1453 964 1558 999 λέξεις,
1580 965 1620 995 est
1633 963 1694 995 fere
1710 966 1866 1006 vnicuique
1882 964 1928 995 lit-

1092 1015 1171 1037 terae
1187 1008 1250 1048 post
1266 1007 1370 1042 Cyrilli
1388 1019 1469 1038 voce.
1492 1007 1634 1045 adiecta)
1657 1007 1730 1049 plut.
1753 1017 1797 1045 59.
1827 1009 1928 1048 Κυρίλ-

1092 1055 1131 1079 λε
1145 1066 1188 1073 —
1202 1049 1310 1084 λεξικόν
1324 1048 1398 1078 και-αὶ
1420 1052 1542 1086 :nexior-
1575 1061 1602 1081 v.
1621 1050 1758 1081 Bandin·
1779 1050 1860 1082 catal.
1884 1061 1928 1089 gr.

1093 1095 1133 1123 11.
1151 1103 1214 1133 pag.
1231 1103 1264 1128 4·
1277 1099 1305 1126 8.
1323 1103 1382 1130 427
1399 1102 1427 1123 et
1444 1097 1514 1131 476.
1538 1093 1589 1123 vbi
1612 1092 1748 1124 vltimum
1761 1093 1827 1123 cod.
1845 1105 1861 1123 a
1876 1096 1930 1123 Fa-

1094 1136 1189 1166 bricio
1203 1137 1303 1170 innui,
1327 1136 1377 1166 ille
1394 1139 1549 1177 opinatur,
1576 1138 1609 1167 it.
1630 1146 1696 1177 pag.
1711 1142 1772 1172 528.
1788 1143 1851 1174 578.
1871 1135 1929 1176 seq.

1095 1179 1178 1208 Idem
1186 1178 1320 1209 Bandin.
1337 1187 1439 1220 p.570.
1455 1186 1598 1208 memorat
1613 1178 1678 1210 cod.
1689 1180 1793 1209 xvnl.
1807 1178 1880 1221 plut.
1889 1187 1931 1215 59.

1096 1223 1126 1252 in
1146 1232 1205 1261 quo
1229 1223 1341 1252 nr.111.
1363 1223 1408 1264 est*
1423 1219 1562 1257 συναγωγῆ
1579 1222 1673 1257 λέξεων
1697 1231 1732 1251 ex
1755 1222 1873 1251 diuersi·
1895 1221 1931 1251 li·
1973 1234 1976 1235 ⁷

1095 1264 1156 1293 bris
1179 1267 1212 1295 V.
1244 1272 1271 1293 et
1291 1266 1331 1295 N.
1349 1266 1390 1294 T.
1413 1275 1464 1293 nec
1486 1275 1545 1294 non
1564 1264 1757 1305 profanorum
1778 1265 1933 1295 aussorum

1097 1308 1288 1342 concinnata,
1330 1307 1434 1336 ordine
1457 1306 1639 1344 litterarum,
1673 1307 1754 1348 quod
1772 1310 1796 1337 is
1818 1307 1933 1337 lexicon

1099 1350 1203 1384 habet,
1225 1348 1305 1388 quod
1327 1348 1376 1379 sub
1392 1349 1495 1384 Cyrilli
1517 1353 1636 1380 nomine
1655 1349 1745 1387 vulgo
1767 1349 1936 1380 circumfer-

1098 1399 1167 1428 tur,
1189 1393 1323 1432 quamuis
1340 1394 1486 1433 principio
1505 1401 1532 1422 et
1550 1394 1610 1422 fine
1622 1393 1658 1421 ab
1672 1391 1736 1422 aliis
1752 1391 1870 1423 differre
1890 1394 1938 1422 vi-

1095 1434 1212 1464 deatur.
1234 1451 1279 1458 —
1300 1436 1381 1465 Inter
1400 1434 1485 1465 codd.
1504 1446 1547 1473 gr.
1558 1435 1740 1472 Nanianos,
1759 1435 1826 1467 cod.
1836 1437 1936 1467 CCCI.

1101 1488 1131 1508 v.
1141 1476 1226 1506 catal.
1241 1488 1305 1518 pag.
1320 1487 1387 1513 504.
1404 1477 1444 1518 sq.
1468 1494 1511 1501 —
1529 1503 1533 1505 .
1553 1479 1598 1508 Est
1616 1487 1735 1519 quoque
1755 1480 1786 1508 in
1801 1478 1867 1508 cod.
1880 1478 1938 1510 Β·

1101 1519 1207 1550 coriat.
1223 1528 1250 1550 et
1263 1520 1328 1551 cod.
1343 1520 1492 1560 quondam
1507 1519 1702 1560 Heidelberg.
1716 1532 1744 1550 n.
1760 1522 1874 1552 CX‘CV.
1894 1535 1939 1545 -
1959 1520 1965 1523 ”

1103 1564 1138 1592 In
1153 1561 1217 1593 cod.
1233 1562 1367 1604 Leidenfi
1388 1565 1465 1593 inter
1486 1562 1572 1593 codd.
1589 1563 1739 1593 Voffianos
1761 1563 1863 1599 cyrilli
1885 1574 1938 1594 vo-

1105 1604 1286 1634 cabularium
1308 1616 1337 1636 v.
1363 1605 1446 1635 catal.
1465 1605 1538 1635 bibl.
1558 1605 1641 1638 Leid.
1667 1616 1730 1646 pag.
1745 1612 1809 1641 398.
1832 1617 1877 1637 nr.
1893 1611 1940 1643 63.

1105 1647 1173 1686 (vbi
1189 1657 1308 1687 quoque
1324 1658 1390 1688 pag.
1408 1656 1476 1684 343.
1498 1658 1542 1677 nr.
1559 1651 1605 1683 65.
1628 1649 1733 1678 citatur
1753 1649 1830 1679 inter
1853 1649 1940 1682 codd.
1956 1667 1958 1669 -

1106 1690 1315 1727 Scaligerianos
1335 1689 1451 1719 lexicon
1467 1700 1571 1727 graeco
1582 1689 1741 1723 -latinumi
1763 1701 1826 1732 pag.
1840 1699 1939 1722 autem
1970 1714 1973 1717 .

1107 1742 1168 1768 400
1184 1731 1224 1772 sq.
1240 1742 1284 1762 nr.
1295 1737 1322 1761 6.
1336 1734 1375 1761 est
1390 1732 1506 1762 lexicon
1515 1734 1767 1773 Hippou-aticum,
1789 1742 1850 1763 tum
1863 1734 1940 1773 frag·

1107 1781 1237 1804 mentum
1252 1774 1419 1804 diffionarii
1433 1777 1540 1812 graeci,
1556 1777 1626 1805 item
1641 1786 1676 1806 ex
1695 1773 1832 1818 Dionysii
1845 1776 1941 1808 Utra-
1970 1812 1971 1815 Ἴ

1108 1818 1150 1848 cis
1165 1817 1259 1847 lexico
1279 1818 1382 1855 msto.)
1402 1828 1464 1858 pag.
1482 1827 1552 1853 40²·
1576 1829 1618 1848 nr.
1635 1827 1664 1857 7.
1684 1820 1760 1849 inter
1775 1818 1860 1852 codd.
1869 1818 1941 1854 Vos.

1108 1861 1175 1890 fian.
1189 1861 1315 1889 Lexicon
1329 1861 1369 1890 est
1383 1860 1543 1890 notandum
1558 1859 1665 1900 cyrilti
1678 1863 1868 1902 compofitum
1887 1874 1941 1891 πα.

1105 1901 1141 1944 μὲ
1154 1904 1189 1931 τέ
1203 1904 1275 1942 Κυρὲ
1290 1901 1455 1932 ἈΝΤΩΝ
1466 1901 1484 1932 Γ
1494 1905 1520 1932 Ο
1530 1907 1552 1934 T
1574 1905 1609 1932 τΞ
1623 1902 1773 1940 φιλοσόφε,
1794 1921 1838 1928 -
1861 1906 1942 1938 Vin..
1974 1903 1976 1906 ’

1103 1945 1244 1978 dobonae
1258 1948 1290 1977 in
1306 1945 1377 1976 bibl.
1391 1946 1529 1977 Caesarea
1543 1948 1612 1976 teste
1627 1945 1756 1987 Neffelio
1769 1948 1804 1977 ἶη
1820 1955 1872 1978 cat.
1888 1950 1942 1981 1v.
1973 1962 1979 1964 -

1108 2000 1176 2030 pag.
1191 1999 1245 2024 ¹31·
1273 1991 1305 2019 in
1332 1989 1395 2019 cod.
1410 1991 1560 2020 CCXLIV.
1587 1988 1692 2024 cyrilli
1712 1988 1838 2022 lexicon.
1866 1991 1942 2022 adde
1960 2002 1968 2009 ·

1110 2033 1257 2067 notitiam,
1279 2034 1366 2062 initio
1380 2034 1466 2063 huius
1481 2033 1655 2073 paragraphi
1670 2031 1782 2068 datam,
1804 2041 1833 2063 et
1846 2032 1943 2075 supra,

1109 2085 1175 2118 pag.
1192 2081 1256 2108 228-
1272 2083 1323 2105 not
1338 2074 1364 2106 b.
1387 2086 1452 2116 pag.
1467 2084 1520 2111 229
1535 2083 1564 2104 ct
1577 2085 1643 2112 230.
1658 2083 1718 2105 not.
1735 2085 1757 2105 e.
1773 2076 1836 2112 fin.)

1151 2133 1290 2169 Ioannis,
1301 2134 1463 2174 presbyteri
1474 2132 1791 2174 Damascenistexicon
1799 2134 1944 2169 etymolo-

1111 2178 1218 2215 gicum.
1241 2187 1269 2206 v.
1288 2175 1371 2217 supra
1394 2175 1419 2216 §.
1439 2178 1490 2207 VI.
1506 2185 1535 2207 et
1550 2176 1627 2207 infra
1649 2179 1680 2208 in
1701 2186 1762 2218 cap.
1784 2177 1820 2206 de
1839 2179 1959 2207 Dama-·
1992 2197 1993 2201 =

1109 2220 1205 2250 scen0.
1234 2218 1349 2252 Harl„

1153 2287 1191 2327 u)
1212 2298 1241 2320 v.
1259 2286 1393 2319 Bandn'n.
1412 2294 1465 2318 cat.
1481 2287 1543 2319 cod.
1559 2288 1657 2330 gran.
1679 2296 1743 2328 pag.
1759 2290 1825 2324 569.
1852 2286 1943 2325 Harl.
