2028 2792
241 1034 327 1078 que
363 1030 541 1060 ΒΑΜ-Π
573 1006 629 1058 V.
658 1010 707 1055 C.
740 1012 843 1055 scite
876 1010 1169 1068 compofitum
1202 1021 1247 1055 et
1277 1011 1398 1067 regia
1429 1010 1572 1055 veluti
1600 1012 1722 1058 veste
1754 1011 1960 1055 indutum

241 1132 506 1186 acciperem,
555 1135 686 1180 atque
719 1122 913 1183 indicem
945 1118 1241 1169 MSS-orum,
1289 1133 1313 1160 a
1346 1118 1632 1162 multitudine
1665 1132 1709 1163 et
1743 1121 1958 1164 varietate

240 1255 333 1284 non
367 1239 515 1281 minus
553 1248 686 1292 quam
717 1232 769 1275 ab
805 1229 996 1276 Vtilitate
1031 1241 1162 1287 atque
1196 1228 1457 1287 praestantia
1493 1229 1728 1286 insignium
1764 1240 1962 1271 contem-

241 1351 407 1411 plarer:
448 1347 533 1390 dici
567 1360 656 1388 non
684 1343 844 1402 potest,
875 1357 961 1399 qua
992 1340 1156 1384 laetitia
1188 1342 1321 1383 animi
1351 1352 1394 1384 et
1424 1354 1512 1397 qua
1544 1340 1835 1383 admiratione
1868 1350 1963 1383 tum

241 1464 378 1504 mirae
410 1456 711 1513 indulgentiae
747 1452 945 1499 TVAE
982 1463 1074 1495 tum
1108 1453 1276 1508 egregii
1314 1451 1547 1508 adparatus
1580 1450 1780 1493 litterarii
1817 1420 1963 1515 perfu-

244 1571 335 1624 sus,
367 1583 529 1612 munus
557 1566 667 1609 illud
693 1564 969 1622 splendidum
993 1575 1123 1619 atque
1143 1562 1490 1618 acceptiffimum
1518 1561 1748 1604 tracffarim.
1812 1561 1964 1617 Atque

246 1693 299 1727 vt
330 1680 407 1724 alii'
437 1677 686 1722 thesaurum
717 1673 843 1717 illum
876 1671 1038 1715 melius
1072 1670 1410 1727 cognoscerent,
1453 1671 1750 1729 TVAMque
1788 1669 1965 1714 munifi-

247 1793 439 1834 centiam
468 1800 511 1832 et
535 1785 737 1833 TVVM
768 1785 1014 1828 litterarum
1035 1783 1335 1825 iuuandarum
1360 1783 1563 1825 ardorem
1590 1797 1765 1825 mecum
1790 1780 1967 1838 religio-

246 1900 289 1943 se
330 1909 671 1948 venerarentur,
722 1898 946 1951 integrum
988 1891 1115 1935 illum
1154 1893 1355 1935 codicem
1395 1892 1505 1935 calci
1547 1894 1678 1937 huius
1719 1891 1965 1937 voluminis

247 2008 504 2059 commode,
545 2021 665 2057 reor,
707 2005 908 2048 adiunxi.
982 2002 1082 2059 Ego
1110 1974 1353 2046 vensmihi
1378 2002 1468 2060 ipse
1494 2004 1673 2047 viderer
1695 2005 1892 2060 ingratus
1927 2014 1969 2045 et

251 2121 409 2169 durus,
449 2117 525 2160 nifi
555 2114 703 2160 ΤΙΒΙ

670 2223 842 2268 REX
905 2222 1548 2269 POTENTISSIME

254 2340 332 2398 qui
363 2353 432 2381 me
465 2337 693 2382 hominem
723 2333 875 2378 ΤΙΒΙ
905 2332 1035 2391 plane
1066 2335 1270 2390 ignotum
1301 2350 1384 2377 nec
1428 2337 1573 2378 ciuem
1612 2330 1812 2378 TVVM
1847 2343 1968 2376 tanto

1797 2442 1969 2486 honore
