2049 2720
388 156 453 192 Er
487 155 667 204 QNDEM
701 133 1030 198 GENViNonM‚
1069 144 1290 192 RecrfNSio
1343 156 1416 192 Lib.
1431 153 1657 193 JV.0.X1X.
1708 163 1773 196 407

64 255 244 292 'adcuratius
270 248 441 298 descripsit.
501 250 597 285 Libro
615 251 669 284 VI.
699 247 740 285 dc
771 250 901 296 organis
931 247 971 284 ad
994 249 1102 283 cibum
1130 250 1363 299 digerendum,
1403 249 1486 285 libro
1505 251 1575 283 VII.
1603 247 1643 283 de
1666 245 1772 282 cordis

63 306 202 347 fabric&
234 305 319 339 libro
336 300 426 337 vill.
451 300 491 336 de
515 303 663 348 organi&
697 298 737 334 ad
758 297 904 348 spiritum
931 300 1124 336 trahendum
1151 301 1357 344 facientibu83
1391 303 1474 337 libio
1490 302 1545 336 IX.
1576 300 1616 335 de
1635 299 1769 333 cerebro

61 362 138 406 agit.
197 356 304 391 Multa
327 357 358 389 in
381 355 430 388 his
452 353 540 388 libris
564 353 718 400 leguntur
739 349 912 399 descripta,
954 365 1036 400 quae
1058 353 1182 400 postera
1203 366 1285 388 aetas
1309 354 1363 388 fibi
1387 353 1572 388 vindicauit.
1634 351 1771 397 Reliqua

61 408 132 444 libri
151 408 203 442 lX.
229 420 299 456 pars
320 405 360 441 de
382 415 534 440 anatome
557 403 722 438 medullae
744 401 871 455 spinalis
895 406 1001 451 periit.
1057 407 1181 440 Periere
1202 409 1296 440 etiam
1321 406 1372 440 lib.
1386 407 1422 439 X.
1445 404 1484 439 de
1502 402 1622 444 oculo,
1646 401 1771 448 lingua,

59 462 244 509 pliaryiige.
286 458 338 492 lib.
357 459 408 491 Xl.
434 454 473 491 de
497 455 652 503 larynge,
688 453 755 490 osse
781 453 915 499 hyoide.
947 454 1004 490 lib.
1019 456 1088 489 ΧΠ.
1114 454 1153 490 de
1174 460 1361 491 arteriarum
1385 468 1605 503 venarumque
1627 452 1771 487 historia.

59 512 115 547 I‘ib.
136 512 217 546 XIII.
240 509 281 545 de
303 511 409 543 neruis
432 508 561 542 cerebri.
588 507 645 542 lib.
662 507 749 541 XIV.
769 505 810 540 de
828 508 934 541 neruis
954 505 1117 542 medullae
1141 506 1281 555 spinalis.
1309 508 1358 544 lib.
1375 510 1443 542 XV.
1466 506 1506 541 de
1525 506 1664 555 partibus
1681 505 1772 550 geni-

59 563 185 599 talibus.
238 563 284 595 Ita
309 562 397 595 euim
423 558 564 594 Galenus
589 559 650 593 hos
671 557 769 592 libros
795 559 827 592 in
848 554 902 592 sua
924 561 1134 606 propriorum
1158 558 1319 594 librorum
1343 558 1472 593 historia
1492 572 1561 606 cap.
1577 569 1602 598 3,
1621 553 1769 591 recenset.

58 613 175 649 Codex
196 624 332 660 graecus
357 610 456 646 exstat
476 612 511 644 in
534 609 609 644 bibl.
632 608 721 658 publ.
742 606 831 643 Parffi
851 622 898 643 nr.
914 610 1166 644 MDCCCXIX.
1220 611 1326 644 Etiam
1349 613 1380 644 in
1402 608 1547 644 biblioth.
1568 609 1643 642 Diu.
1661 607 1769 640 Marci

61 664 179 701 Venet.
233 665 270 698 ln
292 661 439 697 biblioth.
462 659 550 696 acad.
568 659 670 708 Lugd.
686 662 795 695 Batau.
820 659 923 695 exstat
941 661 1056 695 Galeni
1077 659 1271 709 οἱνοιτομικὴ
1295 659 1486 710 ἔὙχεὶρησ-ις
1509 672 1609 707 vsque
1631 656 1670 692 ad
1695 657 1768 691 libri

44 717 142 752 'tertii
161 724 285 763 partem
297 741 318 762 ⁹.
333 726 465 762 graece,
493 726 533 747 ex
554 712 665 760 legato
681 713 802 746 Bonan.
819 711 979 750 Vulcanii,
1002 712 1066 747 vid.
1084 714 1222 761 catalog.
1244 716 1283 748 ei.
1304 713 1452 747 biblioth.
1473 724 1546 761 pag.
1563 722 1630 754 347.
1655 721 1703 743 nr.
1719 719 1766 750 57.

57 769 96 803 In
115 766 258 806 biblioth.
274 766 414 801 Medicea
432 764 541 812 aliqua
559 774 719 812 excerpta.
769 762 884 800 Galeni
898 765 1102 805 anatomica,
1129 766 1242 812 quibus
1264 767 1478 799 intercurrunt
1501 765 1606 798 variae
1628 762 1767 809 paginae

57 832 189 864 vacuae,
203 828 238 853 vt
253 830 323 852 non
340 815 377 850 fit
397 829 478 863 opus
495 819 669 863 integrum.
692 814 826 849 Exstant
839 827 954 862 graece
969 817 1052 850 inter
1066 815 1165 851 libros
1181 815 1281 852 Voffii
1298 818 1331 851 in
1347 816 1420 851 bibl.
1436 813 1525 850 acad.
1541 812 1644 861 Lugd.
1660 812 1765 845 Batau.

56 871 181 906 Vltima
203 869 299 905 verba
323 866 412 903 sunt:
437 863 512 905 ἕλον
530 863 716 914 ἐγκεφάλε
734 864 773 904 τὲ
797 862 988 913 κοιλέμενον
1007 865 1076 905 ὑπό
1089 882 1191 905 τινων.
1218 866 1280 902 vid.
1301 867 1441 915 catalog.
1461 864 1534 900 bibl.
1552 862 1642 899 acad.
1661 860 1764 909 Lugd.

56 921 165 958 Batau.
184 934 256 970 pag.
272 933 342 965 392.
372 939 418 946 --
446 921 493 955 Ex
512 918 601 954 Golii
621 920 742 952 arabico
759 917 872 952 codice
894 918 1064 953 libros⁴XL
1087 932 1184 968 vsque
1204 918 1244 954 ad
1259 921 1330 955 XV.
1350 918 1512 954 editurum
1528 914 1560 952 se
1572 911 1765 964 promiserat

66 974 126 1009 Tb.
143 972 348 1008 Bai-molinus
363 968 432 1005 diss.
449 982 475 1013 3.
490 969 530 1004 de
545 969 615 1004 libr.
633 968 762 1019 legend.
777 983 808 1016 p.
826 981 875 1012 75.
927 971 1026 1004 Erant
1041 969 1156 1004 Galeni
1175 969 1214 1006 de
1234 969 1444 1006 administrat.
1461 978 1605 1004 anatom.
1621 965 1692 1000 libri
1706 966 1764 999 VI.

57 1024 231 1075 prostremi
249 1036 324 1058 cum
342 1032 452 1057 annot.
469 1022 533 1056 Iac.
550 1020 637 1056 Golii
659 1020 693 1054 in
716 1019 789 1054 bibl.
808 1019 957 1060 Narcissh
982 1021 1132 1068 Archiep.
1151 1021 1285 1057 Dublin.
1302 1036 1350 1057 nr.
1367 1018 1692 1062 MDCCLXXXVII.
1713 1034 1765 1043 -·

56 1075 227 1113 Editiones
245 1087 375 1122 graecae
398 1072 551 1108 dicuntur
574 1071 713 1107 Hallero
731 1069 823 1106 Paris.
843 1069 998 1116 1531..sol.
1025 1071 1117 1108 Bafil.
1136 1085 1212 1117 1531.
1229 1071 1291 1109 fol.
1320 1093 1371 1100 ——
1408 1073 1524 1106 Galem'
1544 1070 1617 1105 libri
1640 1068 1764 1116 aliquot

57 1130 164 1177 graeci
188 1129 306 1176 partim
330 1126 484 1160 hacflenus
506 1137 573 1159 non
601 1122 673 1165 vili,
709 1125 826 1171 partim
852 1122 978 1157 mendis
1005 1127 1169 1171 repurgati
1196 1133 1227 1159 et
1247 1123 1380 1159 restituti
1404 1137 1480 1158 cum
1503 1119 1764 1158 annotationibus

57 1182 107 1215 10.
122 1181 201 1215 Caii.
229 1176 294 1212 scil.
313 1177 353 1212 de
375 1176 510 1212 decretis
527 1177 739 1223 Hippocratis
760 1185 790 1208 et
813 1173 974 1215 Platonis;
999 1173 1038 1209 de
1060 1174 1327 1216 medicamentis,
1354 1188 1435 1224 quae
1457 1178 1540 1209 inter
1561 1171 1592 1208 se
1613 1183 1767 1207 commu-

55 1241 180 1275 tantur3
207 1230 380 1265 anatomici
400 1227 472 1261 libri
491 1227 544 1259 IX.
569 1225 608 1260 de
629 1223 852 1259 musculorum
874 1236 970 1260 motu
989 1225 1061 1260 libri
1076 1228 1115 1260 Π.
1137 1236 1196 1260 etc.
1229 1224 1321 1261 Bafil.
1342 1237 1429 1270 1544.
1453 1238 1484 1268 4.
1517 1244 1568 1252 --
1598 1221 1767 1257 Editiones

56 1283 191 1318 latinae:
225 1281 343 1315 Galerii
368 1277 408 1314 de
431 1277 710 1313 administratione
732 1279 916 1311 anatomica
935 1276 1008 1311 libri
1024 1278 1078 1312 IX.
1105 1287 1248 1312 vertente
1269 1279 1321 1317 Io.
1337 1278 1540 1312 Guintlzerio.
1574 1271 1669 1309 Paris.
1693 1283 1767 1317 ¹53¹·

56 1332 118 1371 fol.
153 1353 202 1362 —
235 1333 346 1367 Gnlmi
367 1328 581 1379 οἱνοιτομικῶν
601 1324 842 1378 ἐγχειρήσεων,
871 1327 902 1362 id
925 1327 968 1363 esl
990 1326 1030 1363 de
1055 1332 1248 1365 anatomicis
1268 1326 1601 1364 administrationibus
1624 1325 1695 1360 libri
1713 1324 1766 1357 IX.

55 1386 105 1422 lo.
120 1386 316 1421 Guintherio
333 1385 508 1431 interprete
526 1380 656 1415 infinitis
672 1383 705 1415 in
722 1379 802 1414 locis
824 1378 863 1414 ad
887 1378 1092 1415 vetussiffima
1112 1381 1310 1429 exemplaria
1328 1378 1492 1415 emendati
1516 1388 1610 1426 atque
1633 1385 1767 1411 annota-

56 1438 196 1473 tionibus
216 1446 248 1471 et
270 1437 467 1483 argumentis
487 1432 644 1468 illustrati.
672 1429 767 1466 Paris.
786 1444 858 1466 exc.
876 1433 922 1466 Io.
941 1431 1118 1477 Bai-baeus,
1147 1436 1235 1478 1546.
1256 1430 1316 1467 fol.
1331 1436 1350 1455 ²¹⁶
1376 1452 1424 1459 —
1452 1430 1567 1466 Galeni
1591 1427 1631 1463 de
1655 1436 1767 1462 anato-

56 1491 149 1526 micis
171 1486 497 1522 adminissrationibus
519 1485 592 1519 libri
608 1485 658 1518 lx.
683 1485 731 1518 Io.
747 1482 942 1518 Andernaco
962 1486 1142 1531 interprete.
1167 1483 1271 1532 Lugd.
1292 1493 1369 1529 1551.
1392 1496 1435 1520 12.
1450 1484 1467 1503 ¹⁸
1500 1500 1550 1509 -
1584 1478 1768 1514 Guintherii

55 1539 243 1577 Andernaci
260 1537 440 1574 verfionem
459 1539 598 1573 correxit
613 1534 758 1570 Andreas
773 1532 929 1570 Vesalius.
981 1533 1031 1570 Ad
1054 1538 1121 1570 eius
1145 1538 1385 1571 correctionem
1411 1532 1495 1568 edita
1511 1531 1556 1567 est
1579 1535 1613 1566 in
1633 1530 1768 1577 septima

56 1593 223 1628 luntarum
248 1590 324 1626 edit.
345 1590 456 1624 latina.
485 1609 532 1615 -—
564 1588 685 1622 Gallice
707 1588 803 1621 vertit
822 1586 1081 1633 Daleclzampius.
1134 1589 1176 1622 Et
1197 1589 1285 1635 prius
1305 1586 1420 1635 gallice
1444 1583 1642 1634 prodierunt
1663 1579 1767 1629 Lugd.

56 1657 135 1690 ¹512·
153 1651 182 1684 8,
207 1663 258 1670 —
285 1641 494 1676 Illustrationi
516 1639 676 1675 librorum
703 1637 745 1673 de
769 1637 1046 1674 administratione
1067 1641 1253 1674 anatomica
1276 1637 1409 1673 inseruit
1428 1639 1495 1672 Iac.
1512 1636 1615 1684 Syluii
1634 1631 1768 1680 isagoge

54 1697 114 1730 111.
132 1696 219 1730 libris
242 1692 357 1743 scripta
378 1695 412 1727 in
434 1692 531 1728 libros
551 1692 764 1739 Hippocratis
785 1698 817 1724 et
833 1690 949 1725 Galeni
973 1693 1194 1736 anatomicos,
1222 1693 1253 1725 in
1271 1703 1335 1740 qua
1351 1688 1515 1738 permulta
1531 1690 1628 1722 etiam
1644 1685 1683 1721 ab
1701 1687 1769 1719 hoc

57 1745 243 1783 doetiffimo
259 1748 329 1781 viro
346 1748 475 1779 inuenta
496 1745 680 1779 anatomica
699 1751 921 1790 exponuntur.
972 1742 1097 1777 Prodiit
1113 1742 1184 1791 post
1200 1751 1344 1777 mortem
1362 1743 1511 1777 auctoris.
1535 1735 1631 1774 Paris.
1647 1747 1724 1783 1555.
1739 1741 1770 1776 8.

56 1801 141 1844 1561.
157 1806 187 1840 8.
214 1801 328 1832 Venet.
344 1799 424 1840 1556.
440 1805 469 1837 8.
495 1806 580 1840 1572.
598 1801 630 1833 8.
660 1792 753 1828 Paris.
769 1800 857 1837 1587.
875 1801 906 1834 8.
960 1794 1082 1828 Gallice
1097 1797 1190 1828 vertit
1208 1796 1255 1828 Io.
1274 1794 1448 1828 Guillemin
1468 1800 1498 1826 et
1519 1789 1635 1825 edidit:
1662 1790 1768 1822 Intro-

57 1849 192 1886 dutstion
215 1846 266 1884 sur
284 1848 527 1895 l’auatomique
542 1848 642 1893 partie
661 1843 702 1879 de
720 1844 750 1880 la
773 1843 991 1892 pliyfiologie.
1013 1843 1108 1880 Paris.
1127 1858 1200 1890 1555·
1222 1865 1273 1887 ε-
1300 1844 1409 1879 Multa
1430 1845 1526 1888 etiam
1552 1839 1591 1875 ad
1613 1838 1770 1875 illustran-

57 1899 117 1936 dos
138 1902 198 1935 hos
211 1899 253 1934 de
268 1898 545 1933 administratione
568 1899 752 1931 anatomica
769 1895 868 1930 libros
885 1905 1060 1930 occurrunt
1081 1899 1112 1930 in
1132 1897 1240 1931 Andr.
1258 1896 1298 1930 V
1295 1896 1380 1942 aselii
1402 1893 1442 1929 de
1464 1893 1611 1941 corporis
1633 1890 1770 1925 humani

57 1951 181 1991 fabrica
197 1951 266 1986 libr.
283 1950 306 1985 Ι.
322 1951 400 1984 etin
414 1948 502 1996 epist.
520 1947 560 1981 de
575 1945 688 1981 radicis
706 1947 831 1981 Chinae
847 1944 902 1980 vsu
921 1945 959 1980 ad
977 1948 1082 1982 loach.
1100 1947 1259 1983 Roelanz.
1286 1945 1377 1981 Bafil.
1395 1948 1481 1991 1546.
1497 1942 1557 1979 fol.
1576 1952 1606 1978 et
1621 1939 1705 1989 saep.
1719 1959 1770 1967 -

55 2005 102 2041 Io.
119 2003 326 2041 Gufntmrii,
352 1998 554 2041 Andernaci,
585 1997 804 2034 institutiones
833 2000 1039 2034 anatomicae
1065 1996 1244 2034 secundum
1270 1997 1389 2035 Galeni‘
1406 1995 1598 2033 sententiam
1621 1993 1695 2029 libri
1712 1992 1770 2028 lv.

57 2054 149 2091 Basil.
167 2058 250 2100 1536.
268 2061 298 2094 8.
318 2055 336 2075 ²⁸²

59 2124 61 2126 '
158 2127 201 2158 17.
229 2112 307 2162 Περὶ
328 2109 409 2152 αἷς-ὤν
433 2118 503 2149 τοῖς
527 2107 765 2157 εἰσαγομένοις.
816 2110 914 2145 Liber
935 2110 971 2145 de
996 2110 1104 2157 offibus
1124 2109 1168 2144 ad
1183 2111 1313 2145 tirones.
1365 2107 1475 2145 Exstat
1488 2106 1586 2143 latine
1602 2108 1635 2141 iu
1656 2115 1771 2153 graeca

57 2165 146 2204 Bafil.
166 2175 245 2214 part.
263 2168 300 2200 V.
323 2177 353 2211 p.
374 2176 446 2208 719.
498 2163 535 2196 In
552 2161 671 2196 Aldina
686 2160 889 2196 desideratur.
919 2162 1039 2196 Graece
1063 2161 1161 2197 exstat
1183 2164 1217 2196 in
1236 2161 1311 2197 edit.
1332 2162 1489 2196 Charterii
1514 2168 1595 2194 tom.
1613 2158 1668 2192 IV.
1687 2170 1720 2204 p.
1735 2167 1768 2200 9-

59 2219 177 2253 Latine
192 2220 226 2252 in
242 2214 376 2264 septima
392 2216 559 2250 luntarum
581 2211 665 2247 claffi
683 2215 706 2248 1.
726 2210 785 2247 fol.
803 2224 851 2257 39.
880 2213 1021 2247 Galenus
1038 2211 1068 2249 se
1084 2215 1255 2249 auetorem
1277 2215 1343 2248 eius
1365 2211 1439 2247 libri
1461 2211 1632 2259 profitetur
1646 2210 1680 2242 in
1694 2206 1768 2241 libr.

59 2267 102 2304 de
120 2269 190 2304 libr.
211 2269 352 2316 propriis
376 2280 444 2315 cap.
460 2279 482 2300 1.
499 2276 526 2307 3.
550 2274 581 2299 et
603 2266 637 2299 in
659 2264 730 2299 libr.
756 2263 795 2298 de
819 2263 934 2299 ordine
958 2266 1067 2303 libror.
1089 2263 1173 2300 suor.
1192 2278 1252 2300 nec
1267 2278 1337 2300 non
1356 2265 1390 2299 in
1410 2273 1476 2299 arte
1490 2260 1617 2298 medica
1635 2271 1704 2307 cap.
1717 2267 1767 2302 37.

14 2364 20 2367 -
59 2333 134 2370 pag.
152 2332 221 2362 230.
237 2329 320 2354 tom.
338 2319 376 2353 11.
430 2320 515 2352 Citat
536 2319 633 2351 etiam
659 2317 747 2352 hunc
769 2315 887 2350 librum
909 2316 978 2351 libr.
994 2317 1016 2350 1.
1041 2316 1082 2352 de
1102 2316 1311 2352 administrat.
1334 2325 1480 2351 anatom.
1498 2327 1568 2361 cap.
1586 2323 1614 2354 3.
1628 2323 1658 2355 9.
1685 2309 1768 2344 vult·

60 2383 145 2420 que.
172 2380 205 2404 vt
228 2381 393 2405 anatomes
413 2368 554 2404 studium
578 2368 617 2402 ab
639 2380 679 2402 eo
702 2368 846 2415 incipiat.
898 2367 952 2402 Est
973 2366 1076 2403 sceleti
1097 2379 1245 2404 accurata
1268 2366 1457 2415 descriptio,
1483 2378 1554 2403 non
1575 2374 1686 2409 tamen
1708 2361 1769 2400 hu!

59 2424 170 2470 gnani,
194 2418 247 2457 sed
270 2421 455 2465 suuiaruin,
482 2419 572 2474 quod
598 2432 638 2455 ex
658 2416 874 2469 descriptione
898 2420 972 2458 offis
994 2424 1150 2469 coccygis
1170 2429 1279 2471 aperte
1298 2428 1396 2470 patet.
1649 2466 1678 2501 c
1704 2463 1724 2502 d

61 2490 63 2492 -
1648 2505 1655 2509 ,
1680 2477 1701 2503 o
1726 2476 1769 2512 e}
