2049 2720
10 98 134 126 v01.1v.
161 106 187 130 Ρ.
206 105 266 127 30²·
537 96 653 132 AELII
705 93 927 132 ARISTIDIS
955 94 1158 129 CODICES.
1224 94 1296 130 Lib.
1307 93 1376 134 IV.
1401 107 1427 131 ι’.
1442 95 1612 132 XXXII.
1689 110 1724 143 35

5 196 42 231 in
58 195 202 241 priorem
218 194 404 228 orationrm
420 189 568 227 adversus
583 191 751 227 Platonem
767 201 828 238 pro
847 191 1026 228 rhetorica,
1053 201 1134 236 quae
1149 185 1263 223 desunt
1279 192 1309 223 in
1327 189 1473 224 Iebbiana
1490 190 1642 227 editione.
1679 214 1719 220 —-

4 244 88 283 Cod.
108 245 207 279 CXV.
233 242 294 280 fol.
313 255 353 289 93
372 254 403 279 et
420 247 474 288 96.
501 245 620 291 (Iriart.
639 255 714 291 pag.
731 240 823 289 458.)
851 240 942 276 Arist.
968 242 1073 275 oratio
1095 238 1238 275 funebris
1263 243 1296 276 in
1321 243 1488 277 Etoneum
1505 253 1536 278 et
1554 244 1718 279 Monodia

1 295 44 334 de
65 298 220 339 Smyrna.

104 346 238 382 In'bibl.
261 345 468 394 Efhrialenst,
507 344 604 391 (teste
630 344 745 380 Plt'icro
770 346 803 379 in
828 345 992 378 itinerario
1017 355 1076 391 per
1101 340 1232 390 Hispan.
1257 356 1331 391 pag.
1352 348 1417 388 156.
1436 347 1518 391 etc.)
1539 346 1629 383 Arist.
1656 346 1715 382 ser-

1 411 118 435 mones
145 399 224 432 vatii
242 408 295 432 20.
319 396 462 432 eiusdem
488 398 740 433 Panathenaicus
767 407 797 431 et
820 393 980 431 monodia
1012 398 1046 430 in
1067 395 1267 438 Smyrnam,
1309 395 1448 445 denique
1477 396 1517 432 de
1539 398 1661 434 vrbano
1685 411 1715 435 et

0 448 138 499 fitnplici
159 447 321 484 sermone.

101 502 152 536 De
175 499 288 534 codice
317 499 455 534 Vindob.
475 500 529 534 IV.
552 497 624 534 vide
646 496 739 546 supra
763 497 802 532 ad
829 497 860 543 §.
881 499 920 531 V.
945 509 992 532 nr.
1009 503 1059 538 48.
1084 494 1210 545 scripta.
1262 499 1301 532 In
1326 496 1442 533 eodem
1457 497 1530 533 cod.
1547 496 1620 535 sunt
1636 501 1714 536 Aru·-

0 551 88 597 stidis
104 553 267 587 orationes
283 549 365 586 duae
381 561 495 585 contra
513 551 681 586 Platonem
703 562 761 598 pro
781 550 948 583 rhetorica.
964 548 1039 583 coll.
1057 561 1137 593 quae
1154 548 1247 595 supra
1261 562 1308 584 nr.
1326 551 1377 590 46.
1393 548 1546 584 adnotata
1563 549 1644 585 sunt.
1661 573 1713 580 —

0 604 92 639 Duos
115 601 211 638 codd.
236 604 372 638 Monac.
395 603 517 636 Bauar.
543 612 572 636 et
596 612 657 636 tres
675 602 952 636 Mem-mmmmm
969 600 1107 635 contulit
1124 601 1261 639 Reiske‚
1288 610 1317 635 et
1335 603 1436 635 varias
1455 600 1527 637 lec}-
1542 615 1644 637 manu
1656 600 1711 639 sua

0 663 142 691 auratas
164 654 304 702 reliquit.
876 664 890 670 =

20 700 43 710 '¹
97 705 261 753 Aicgustae
284 703 414 740 Vindel.
436 708 470 739 in
497 704 626 739 cod.11.
648 716 698 738 nr.
717 717 746 740 2.
773 699 970 746 (secundum
997 699 1116 736 Reiseri
1137 701 1227 737 catal.
1252 715 1327 751 pag.
1345 703 1412 746 77.)
1436 701 1597 750 plurimae
1613 713 1708 739 oratt.

0 759 30 792 in
55 755 175 793 eodem
201 766 232 792 et
255 759 288 792 in
310 757 376 792 alio
400 755 471 792 cod.
495 769 544 791 nr.
563 766 605 800 15.
633 757 720 803 (pag.
738 755 804 800 γε.)
829 754 874 788 bis
899 755 1149 789 Panathenai‘ca:
1176 755 1212 789 in
1235 753 1309 789 cod.
1327 755 1414 787 XIV.
1430 755 1530 789 XVII.
1558 755 1613 803 (p.
1633 759 1708 802 79.)

0 807 119 858 aliquot
145 810 319 844 orationes.

95 861 134 894 In
171 859 245 894 bibl.
275 859 474 894 Britannitir
516 858 658 892 Londini
696 859 729 891 in
772 856 845 891 bibl.
878 853 978 891 musei
1017 856 1155 890 britann.
1201 858 1285 890 inter
1329 855 1426 892 codd.
1469 857 1638 891 Harleian.
1674 862 1708 894 in

0 908 68 945 cod.
86 911 470 946 MMMMMDXLVIII.
493 907 598 944 sermo
615 908 653 942 de
674 909 799 942 Baccho
816 918 846 943 et
867 907 907 943 de
925 907 1090 949 Hercule,
1117 906 1207 950 (teste
1223 905 1316 942 catal.
1333 918 1413 942 tom.
1426 909 1482 952 II.)
1506 906 1623 944 deinde
1648 908 1707 953 (se-

0 960 141 996 :undum
164 961 256 998 catal.
279 963 373 996 MSS.
392 960 528 1008 Angliae
554 970 584 994 et
610 960 826 1003 Hiberniam)
858 959 966 994 Oxou.
993 957 1065 993 cod.
1089 959 1221 1006 collegii
1245 960 1348 998 noui,
1382 972 1429 993 nr.
1450 971 1530 1002 1:223.
1556 963 1612 1004 (eo
1636 958 1705 995 vsus

0 1011 38 1047 est
63 1013 213 1056 Iebbius.)
234 1032 285 1038 —
307 1014 343 1047 in
366 1012 441 1046 bibl.
471 1013 600 1046 Bar-occ.
625 1010 697 1045 cod.
715 1012 889 1046 XXXVIII.
911 1019 1050 1059 quatuor
1073 1019 1164 1044 oratt.
1189 1022 1264 1043 cum
1289 1009 1439 1051 scholiis3
1463 1010 1535 1045 cod,
1552 1012 1634 1046 LVI.
1652 1012 1704 1047 de-

0 1061 122 1112 scriptio
148 1065 295 1105 iuuenis;
321 1073 352 1097 et
368 1077 406 1097 ex
422 1075 462 1101 eo
479 1061 584 1096 sumta
603 1064 685 1096 inter
700 1059 880 1096 aduersaria
895 1061 1101 1108 Langbaeni,
1129 1064 1204 1105 (cat.
1221 1073 1252 1107 p.
1269 1073 1340 1103 270.
1360 1061 1405 1104 b.)
1426 1081 1473 1088 —-
1497 1062 1568 1097 cod.
1589 1064 1703 1098 LXIII.

0 1116 245 1150 Panathenaicus
258 1125 289 1149 et
306 1127 388 1150 orat.
404 1126 464 1160 pro
484 1115 700 1161 quatuoruiris
721 1125 780 1146 nec
796 1126 866 1148 non
882 1114 1026 1146 eiusdem
1042 1122 1121 1147 orat.
1138 1109 1372 1160 fragmentum.
1388 1132 1438 1139 -—-
1463 1111 1538 1148 cod.
1558 1114 1703 1156 LXVIII.

0 1165 81 1215 epist.
103 1166 142 1202 ad
169 1167 219 1200 M.
239 1165 348 1202 Aurel.
371 1167 595 1204 Antoninum,
629 1162 700 1199 cod.
718 1165 818 1198 CVII.
843 1163 929 1212 epist.
946 1161 985 1197 ad
1001 1162 1176 1203 eumdem,
1214 1165 1352 1197 nomine
1377 1165 1559 1206 Smyrnae,
1597 1173 1701 1200 terrae

0 1227 85 1253 :notu
105 1213 277 1266 collapsae.
301 1237 352 1244 ——-
380 1216 454 1251 cod.
472 1218 590 1251 CXVI.
613 1216 849 1264 panegyricm,
876 1216 926 1249 M.
951 1218 1026 1249 Aur.
1044 1216 1213 1249 Antonino
1227 1213 1340 1249 dictus.
1356 1235 1406 1240 —-
1433 1214 1504 1249 cod.
1522 1217 1700 1251 CXXXVI.

0 1278 86 1305 wratt.
101 1270 216 1303 XXVI.
240 1281 316 1303 cum
339 1266 466 1303 scholiis
481 1270 659 1312 anonymi,
685 1264 835 1308 foi-taise,
860 1266 924 1309 (ait
943 1265 1047 1301 editor
1062 1265 1234 1313 catalogi,)
1262 1265 1432 1310 Sophiam,
1458 1268 1547 1301 cuius
1566 1267 1699 1314 quidem

2 1333 115 1356 tomen
136 1319 330 1367 adscriptum
353 1319 397 1354 est
418 1321 539 1369 pagina
562 1317 776 1367 praecedenti.
838 1321 881 1352 At
900 1330 939 1352 eo
963 1328 1088 1351 tantum
1112 1316 1235 1351 videtur
1258 1316 1435 1352 indicatum
1461 1316 1554 1353 fuiss'e
1573 1332 1699 1354 nomen

2 1371 160 1419 ⁷⁰ffiff2'1'5
181 1371 300 1407 codicis
322 1385 408 1412 non,
429 1373 574 1406 auc'toris
596 1368 810 1405 scholiorum.
835 1390 886 1396 ·—
911 1367 984 1404 cod.
1002 1370 1184 1404 MCCCLI.
1203 1371 1236 1402 in
1258 1368 1333 1402 bibl.
1351 1369 1438 1402 Gall.
1454 1371 1577 1410 Laudi,
1605 1380 1698 1412 oran,

4 1426 86 1471 egati
110 1422 149 1458 ad
174 1422 336 1458 Achillem
363 1432 395 1457 et
417 1421 457 1457 de
480 1425 601 1457 Roma.
627 1442 678 1447 -—
717 1423 753 1455 In
777 1419 853 1455 bibl.
877 1421 1000 1466 Bodlqi.
1026 1419 1098 1455 cod.
1123 1421 1361 1454 MMMDLXI.
1386 1432 1434 1455 or.
1456 1422 1511 1454 III.
1534 1420 1698 1469 platonica

2 1473 30 1514 id
52 1476 273 1523 Capitonem,
299 1484 329 1509 et
350 1487 507 1522 panegyr.
533 1476 564 1508 in
589 1474 728 1517 Cyzico.
761 1492 809 1498 --
866 1471 1109 1517 Cantabrigiae‚
1135 1475 1167 1505 in
1190 1470 1335 1518 collegio
1361 1471 1531 1519 Reginenfi
1561 1472 1632 1506 libri
1656 1471 1697 1508 de

3 1521 75 1561 :iuili
90 1536 121 1562 et
136 1524 273 1573 simplici
291 1525 441 1560 dictione.
460 1540 488 1559 v.
504 1526 590 1560 lebb.
607 1524 832 1572 prolegonnn.
850 1521 907 1556 fol.
923 1536 945 1556 c.
968 1524 1018 1558 vbi
1036 1521 1158 1571 septem
1176 1521 1269 1556 codd.
1285 1524 1415 1556 Barocc.
1432 1524 1496 1558 alio
1513 1533 1623 1559 autem
1638 1537 1697 1559 nu-

3 1590 81 1614 nero
103 1575 262 1626 fignatos,
294 1587 325 1612 et
339 1577 499 1626 reliquos,
527 1588 669 1625 quorum
685 1575 771 1612 lec‘tt.
787 1587 867 1610 varr.
884 1575 1011 1616 habuit,
1040 1572 1137 1609 codd.
1154 1571 1308 1622 designat.
1335 1574 1436 1609 Harl.

713 1660 950 1693 Editionaes.

88 1737 212 1772 Graeca
236 1740 423 1773 orationum
440 1739 507 1772 [Η.
531 1736 714 1771 Florentiae
737 1749 775 1770 ex
805 1735 939 1770 officina
967 1733 1106 1783 Philippi
1137 1738 1267 1774 mutae,
1300 1737 1337 1770 A.
1367 1747 1445 1779 1517.
1468 1732 1529 1770 fol.
1573 1736 1610 1769 In
1634 1735 1695 1770 hac

10 1798 111 1823 taeter
133 1788 313 1827 ὑποθέσεις
332 1792 445 1824 veteris
467 1786 627 1835 scriptoris
651 1789 684 1822 in
708 1788 1001 1827 panathenaicum,
1045 1788 1229 1821 Leucstricas
1257 1797 1287 1821 et
1319 1787 1499 1821 Platonicas
1532 1789 1695 1821 orationes

0 1840 120 1874 ³2betur
142 1853 172 1888 p:
192 1852 246 1886 ¹55·
280 1839 429 1882 Λιβανίε
453 1836 535 1888 ’πρὲς
557 1835 613 1876 τᾶν
636 1839 749 1885 μέγαν
775 1833 945 1875 Θεοδόσιον
968 1837 1044 1886 περὶ
1065 1838 1126 1880 τῆς
1145 1834 1297 1879 ςοὶσεως,
1332 1837 1454 1872 Libanii
1476 1836 1516 1871 de
1538 1834 1696 1872 seditione

7 1892 188 1926 tntiochena
208 1894 332 1935 oratio,
360 1904 442 1939 quae
464 1893 497 1925 in
520 1890 699 1925 Metellina
721 1888 795 1923 edit.
822 1889 946 1924 Libanii
969 1891 1109 1924 occurrit
1129 1898 1210 1923 tom.
1229 1890 1268 1923 11.
1291 1901 1320 1934 p.
1337 1896 1404 1934 389.
1437 1891 1475 1922 In
1499 1886 1606 1923 indice
1623 1901 1693 1923 ora-

8 1946 134 1984 Lonum,
160 1955 261 1990 quem
284 1945 360 1977 huie
382 1953 477 1977 tomo
504 1940 670 1976 Motellns
694 1938 878 1986 praemisit,
905 1942 966 1981 ait,
994 1953 1066 1974 eam
1090 1937 1121 1974 se
1145 1936 1355 1987 deprornfisse
1378 1953 1396 1974 e
1411 1941 1599 1988 germanica
1619 1938 1695 1974 edit.

8 1992 130 2029 winidis
151 1992 368 2029 Adrianenfis.
429 1992 491 2027 Sed
520 2005 622 2040 quum
649 1990 738 2026 nulla
760 1991 858 2026 exstet
883 1989 982 2026 editio
999 1989 1161 2033 Aristidis,
1189 1992 1225 2025 in
1240 1992 1417 2026 Germania
1433 1988 1569 2032 excusa,
1603 2003 1694 2039 grae-

8 2057 57 2080 am
80 2043 215 2080 scribere
237 2043 371 2080 voluisse
391 2042 573 2079 Morellum
597 2045 678 2078 mihi
703 2040 891 2090 persuadeo·
924 2044 1046 2076 Fabric.
1097 2044 1149 2077 De
1169 2044 1230 2077 hac
1247 2040 1322 2077 edit.
1338 2055 1368 2078 v.
1387 2041 1528 2082 Clement
1544 2042 1695 2078 biblioth.

8 2093 127 2142 utiense
141 2106 202 2132 etc.
230 2106 311 2132 tom.
326 2098 366 2130 11.
392 2108 464 2144 pag.
484 2103 539 2136 80.
559 2092 624 2143 seq.
656 2094 826 2129 Maittaire
849 2097 888 2128 A.
907 2094 952 2129 T.
977 2103 1060 2130 tom.
1074 2095 1115 2128 11.
1140 2106 1214 2142 pag.
1229 2101 1294 2137 138.
1317 2095 1468 2141 inprimis
1492 2106 1520 2139 p.
1538 2105 1612 2135 300.
1630 2091 1694 2142 seq.

9 2147 128 2183 {andini
149 2147 280 2183 annales
301 2151 470 2182 Iuntarum
496 2147 736 2194 typographiae
756 2155 814 2181 etc.
835 2155 916 2194 part.
931 2146 971 2180 11.
993 2157 1068 2192 pag.
1084 2157 1147 2189 ¹19·
1169 2155 1200 2179 et
1222 2158 1305 2193 quae
1319 2158 1383 2193 ego
1399 2141 1506 2193 scripfi
1521 2147 1555 2179 in
1571 2145 1693 2180 Introd.

10 2210 22 2233 ι
41 2198 111 2234 hist.
125 2201 180 2234 Gr.
197 2201 232 2234 L.
250 2201 290 2234 11.
306 2211 329 2234 1.
350 2211 425 2248 pag.
443 2210 513 2239 203.
538 2207 568 2232 et
589 2196 630 2232 de
653 2195 751 2231 dubia
774 2195 826 2232 ed.
845 2196 962 2232 Aldina
983 2209 1032 2244 gr.
1052 2210 1078 2231 a.
1095 2208 1178 2239 1527.
1201 2198 1324 2231 notaui.
1377 2198 1416 2230 In
1437 2195 1530 2231 catal.
1547 2195 1694 2232 biblioth.

10 2248 176 2286 inellianae
201 2249 269 2286 duo
294 2248 428 2285 fuerunt
453 2247 502 2284 ed.
526 2248 668 2284 Florent.
692 2247 912 2295 exemplaria,
943 2249 998 2293 (v.
1016 2245 1110 2283 catal.
1130 2247 1240 2282 Pinell.
1265 2249 1402 2283 tom.II.
1425 2259 1499 2296 pag.
1515 2258 1583 2289 170.
1606 2245 1694 2296 seq.)

11 2312 66 2337 uae
87 2302 168 2337 olim
193 2301 232 2337 ad
256 2304 432 2337 Burmann.
458 2302 702 2349 pertinuerunt,
738 2312 880 2348 quorum
914 2299 1051 2347 alterum
1086 2297 1129 2332 est
1161 2298 1314 2346 stipatum
1345 2297 1625 2333 emendationibus
1655 2309 1695 2333 ac

11 2353 69 2388 otis
89 2355 297 2403 autographis
321 2353 408 2390 Guil.
427 2353 579 2398 Canteri3
607 2352 765 2393 alterum,
790 2349 880 2399 quod
896 2364 934 2386 ex
951 2350 1024 2386 bibl.
1042 2352 1214 2395 Boemeti,
1241 2349 1366 2387 Theoi.
1380 2346 1464 2400 Lips.
1481 2347 1646 2394 transierat
1660 2351 1695 2384 in

974 2403 1003 2441 E
1028 2412 1046 2438 2
1615 2401 1695 2436 Bur-
