2013 2725
199 61 218 94 8
294 52 367 87 Lib.
391 51 457 85 JV.
478 62 499 84 c.
518 49 677 84 XXXII.
829 47 1030 83 HERODIS
1058 45 1291 81 TRIOPIVM

1316 117 1334 129 δ

202 142 448 193 componendas
465 141 519 177 (ibi
544 143 675 177 curauit.
731 139 1022 188 Qemadmodum
1044 142 1131 174 enim
1156 136 1412 186 opulentissimus
1439 135 1594 185 sophista,
1651 142 1708 186 qui
1733 138 1914 174 celebritate

202 196 388 232 sermonum
406 205 434 228 et
451 194 577 242 publiea
594 193 664 227 luce
680 191 849 227 laetaretur
862 218 869 232 ‚
895 192 1058 240 permulta
1074 204 1172 238 opera
1196 200 1226 225 et
1250 189 1396 225 aedificia
1421 191 1547 238 publica
1560 202 1628 224 non
1645 192 1776 225 Athenis
1797 188 1917 234 solum,

202 247 271 287 sed„
302 246 494 281 Philostrato
511 243 604 286 teste,
639 256 694 291 per
719 254 821 291 totam
853 257 954 290 paene
979 245 1164 283 Graeciam,
1200 240 1306 276 Asiam
1332 251 1362 276 et
1385 241 1510 275 ltaliam
1531 251 1562 275 et
1586 240 1790 284 instaurarat,
1823 252 1853 276 et
1875 240 1917 275 de

202 313 293 335 nouo
311 297 405 335 fecit,
432 297 628 344 statuasque,
655 294 800 342 templa,
830 294 962 334 balnea,
991 306 1146 340 aquarum
1163 292 1297 333 ductus,
1332 292 1501 327 simulacra
1517 292 1618 326 multa
1634 289 1759 340 posuit:
1795 295 1836 327 ita
1861 291 1917 327 sibi

201 359 459 388 monumentum
475 346 601 397 suisque
618 346 785 381 heredibus
802 349 833 380 in
850 349 963 394 primis
981 344 1090 379 struxit
1111 346 1141 380 in
1165 345 1299 388 Triopio
1315 340 1384 384 suo,
1413 343 1499 391 qnod
1516 341 1574 378 fuit
1595 341 1794 391 οἰπὸτμημοι
1810 341 1917 383 fundi.

203 417 298 454 quem
317 400 486 440 Herodes,
513 401 660 447 coniugis
679 397 857 438 beneficio,
884 396 924 432 ad
945 401 1074 432 tertium
1092 398 1130 432 ab
1149 398 1234 431 Vrbe
1252 395 1394 443 lapidem
1417 398 1451 429 in
1475 397 1524 430 via
1544 398 1649 442 Appia
1675 392 1833 444 poss‘edit,
1866 407 1919 442 ap·

204 455 360 503 pcllntnm
378 452 458 487 illud
481 466 497 486 a
519 453 669 499 Triopa,
705 449 934 485 Erisiclithonis
957 461 1044 497 patre
1062 453 1118 493 w),
1151 445 1376 483 consecratum
1404 448 1494 487 Diis,
1526 449 1656 494 τεμένει
1679 447 1868 481 inssruc‘tum
1889 455 1930 486 et„

204 505 354 555 sepulcro
369 506 466 539 etiam
483 500 628 538 familiae
644 501 846 537 destinatum.
900 503 948 534 Ex
963 503 1027 535 hoc
1044 501 1190 548 Triopio
1206 512 1293 534 nunc
1311 498 1443 548 quidem
1460 499 1717 547 quatuor.u0bis
1741 495 1920 546 inscriptio-

205 571 260 594 nes
280 561 466 597 innotuere,
492 567 569 603 quas
595 554 734 589 breuiter
753 550 1005 588 recensebimus:

305 652 330 685 Ι.
358 649 527 696 Inscriptio
549 647 672 681 duabus
698 646 850 681 colummis
873 645 982 693 incisa,
1019 658 1100 693 quae
1123 642 1226 680 saetae
1251 641 1322 679 sunt
1345 656 1362 678 e
1386 655 1552 678 marmore
1573 641 1726 686 Carystio
1755 642 1922 689 (ripollino

208 703 342 747 vrrde),
369 710 514 748 repertae
534 701 661 733 ineunte
685 700 757 732 XVl
781 695 931 739 saeculo,
966 708 994 732 et
1020 696 1151 744 pollhac
1173 698 1207 729 in
1232 698 1344 730 hortos
1364 693 1572 729 Farnel‘lanos
1595 693 1776 728 translatae.
1830 693 1925 727 Vnde

209 753 415 801 Farnqfianae
429 753 588 786 columnae
601 750 765 795 inscriptio
782 749 842 784 dici
861 746 949 783 solet.
1002 748 1079 782 Illae
1093 760 1170 781 vero
1185 746 1378 787 columnae,
1402 758 1497 794 quasi,
1526 743 1689 791 probabile
1704 744 1766 786 est,
1803 747 1835 779 in
1855 741 1923 793 ipso
1956 756 1959 757 ⁷
1996 748 2013 773 ι’

209 807 342 840 introitu
359 805 491 849 'sriopii
510 800 692 835 Herodiani
708 800 789 835 olim
807 797 900 834 fuiss'e
917 799 1057 839 emeras,
1085 800 1214 837 Cereri,
1243 794 1449 844 Proserpinae
1470 806 1501 830 et
1517 794 1724 830 subterraneis
1743 797 1810 830 Diis
1837 794 1925 830 dedi-

209 868 297 891 catae
322 853 408 894 snm,
442 854 710 901 praecipiuntque
732 851 797 885 loci
821 852 1034 885 reuerentiam
1060 862 1097 882 ac
1123 848 1317 896 religionem
1341 846 1549 888 adeuntibus,
1590 859 1667 881 cum
1689 849 1926 895 imprecatione

210 907 342 942 illorum
355 935 363 950 ‚
393 903 413 938 si
429 907 482 952 qui
498 901 584 938 forte
603 900 672 937 sede
695 902 762 937 illas
779 899 832 935 sua
848 913 999 942 mouere,
1027 910 1082 934 aut
1098 897 1222 933 sacrum
1243 899 1354 934 locum
1377 897 1499 932 violare
1522 897 1762 945 aggrediantur.
1813 895 1926 932 lnscri.

212 962 357 1006 ptionem
375 956 540 1002 publicam
556 952 660 989 fecere
677 955 815 1000 Scaliger
830 954 861 987 in
877 949 1210 986 animaduersionibus
1226 949 1267 985 ad
1283 948 1456 984 Eusebium
1476 961 1585 996 p.210.
1616 949 1783 983 Gruterm·
1801 951 1833 983 in
1844 950 1928 984 Cor-

212 1023 292 1058 pore
310 1007 559 1054 inscriptionum
587 1018 617 1052 p.
636 1017 684 1047 27.
713 1004 928 1048 lilontfaucon
943 1002 1174 1050 Palaeograpli.
1188 1015 1323 1050 graecae
1340 1003 1374 1035 L.
1392 1001 1430 1034 11.
1448 1014 1476 1048 p.
1493 1012 1554 1043 ¹33-
1582 1000 1690 1034 Lanzi
1707 1001 1826 1046 Saggio
1839 1000 1928 1046 sulla

216 1064 327 1107 lingua
343 1058 486 1105 Etrusca
502 1059 534 1092 P.
547 1058 568 1090 l.
584 1057 676 1097 avt,
690 1056 815 1101 9.th1.
834 1068 864 1103 p.
875 1057 945 1098 146.
961 1066 991 1088 et
1011 1054 1098 1088 Tab.
1110 1055 1164 1089 lV.
1180 1067 1211 1089 n.
1223 1055 1308 1087 XVI.
1344 1052 1552 1086 Rambachius
1568 1053 1599 1085 in
1614 1050 1858 1098 Supplementis
1870 1053 1929 1085 Ar-

215 1111 428 1158 chaeologiae
447 1111 645 1144 Potterianae
661 1118 742 1142 tom.
760 1108 815 1140 ΙΙΙ.
842 1119 873 1153 p.
889 1117 955 1151 254.
989 1104 1128 1153 denique
1153 1103 1301 1150 Viscomi
1324 1104 1462 1150 Inscriz.
1487 1103 1621 1148 Triopee
1640 1114 1698 1137 ora
1719 1102 1930 1151 Borghesianae

216 1178 247 1214 p.
261 1167 292 1197 6.
319 1165 494 1196 Caeterum
513 1161 672 1208 quoniam
687 1155 852 1205 inscriptio
868 1158 946 1192 haec
963 1155 1215 1205 antiquiffimam
1233 1153 1520 1190 resertAtticorum
1537 1154 1828 1202 orthographiam,
1855 1152 1930 1188 inde

217 1214 388 1262 multiplex
405 1212 446 1247 est
463 1225 499 1246 ea
515 1211 554 1245 de
568 1224 601 1244 re
616 1208 788 1258 disputatio
805 1219 897 1250 nata,
924 1219 994 1243 tum
1013 1210 1050 1242 iis
1066 1211 1137 1241 viris
1152 1206 1273 1250 alodiis,
1297 1219 1380 1255 quos
1403 1203 1540 1240 editores
1556 1202 1713 1247 rece-usui,
1741 1215 1810 1240 tum
1831 1207 1930 1239 etiam

217 1268 294 1302 aliis.
347 1268 386 1299 V.
404 1264 543 1311 Snlnmfii
564 1271 655 1296 notas
675 1260 713 1295 ad
735 1258 1023 1295 Consecrationcm
1049 1258 1162 1306 templi
1185 1261 1216 1293 in
1237 1260 1307 1306 agri
1332 1255 1492 1298 Herodis,
1527 1257 1634 1303 Masei
1661 1255 1812 1291 Creniani
1829 1257 1931 1300 primi

219 1332 249 1367 p.
269 1329 318 1358 42.
337 1314 405 1362 sqq.
435 1316 592 1360 Levesque
608 1314 784 1355 Excursiorz
800 1310 1043 1357 quatriemesw·
1059 1310 1313 1356 l’orthographie
1327 1310 1362 1342 de
1377 1308 1572 1355 Thurydide,
1599 1307 1704 1354 etsur
1720 1308 1865 1354 Iafhrmc
1879 1309 1932 1342 des

220 1372 328 1403 lettres
346 1368 422 1400 dont
444 1366 468 1399 il
487 1367 580 1411 asait
595 1356 721 1409 usages
745 1366 777 1397 in
801 1376 889 1397 noua
911 1361 1121 1405 Thucydidis
1138 1361 1283 1396 versione
1305 1358 1419 1402 (Paris.
1436 1362 1542 1405 1795.)
1575 1360 1685 1394 Tom.
1704 1359 1758 1393 1V.
1781 1371 1854 1408 pag.
1870 1369 1932 1405 315.

222 1419 303 1455 add.
327 1418 485 1464 Villofim
509 1415 675 1450 Anecdota
695 1427 810 1462 graeca
833 1413 909 1448 Vol.
928 1415 967 1448 11.
993 1426 1023 1461 p.
1041 1425 1101 1448 122.
1118 1410 1165 1461 sq.
1192 1415 1261 1458 169.
1286 1421 1355 1447 not.
1372 1424 1394 1446 ι.

322 1513 363 1547 Π.
392 1511 562 1557 Infiriptio
572 1508 779 1554 praediorum
796 1506 922 1542 Anniae
942 1506 1100 1552 Reginae,
1127 1507 1272 1553 primum
1290 1504 1423 1552 vulgata
1444 1507 1477 1538 iu
1497 1502 1711 1548 Montfizucon
1735 1503 1847 1538 Diario
1874 1492 1942 1538 Ita-P

223 1566 289 1601 lico
315 1560 424 1608 (Paris.
439 1574 527 1604 ¹702·
543 1558 618 1604 fol.)
642 1572 743 1607 p-ra5.
760 1561 895 1605 repetita
913 1558 1022 1605 postea
1039 1560 1071 1592 in
1083 1559 1227 1591 Fabrrtti
1243 1555 1399 1603 Inscriptt.
1420 1569 1447 1591 c.
1464 1558 1504 1589 V.
1527 1567 1558 1601 p.
1575 1567 1623 1598 43.
1640 1565 1671 1590 et
1687 1553 1773 1603 apud
1785 1554 1934 1602 Visltonti

224 1629 254 1664 p.
273 1628 297 1662 5,
335 1614 480 1649 Dubitari
501 1625 570 1647 non
594 1611 714 1659 potest.
749 1611 939 1645 columnam
958 1610 1060 1649 banc,
1093 1606 1146 1643 sex
1170 1606 1237 1643 fere
1258 1607 1354 1655 pedes
1376 1605 1583 1654 longitudine
1604 1615 1815 1653 aequantem,
1851 1617 1935 1652 quae

224 1665 344 1715 praedii
366 1666 487 1700 Anniae
504 1663 649 1709 Regillae
665 1661 745 1696 olim
761 1671 866 1695 metae
882 1671 934 1694 aut
949 1659 1029 1707 signi
1048 1659 1122 1694 loco
1141 1657 1262 1699 fuerat,
1289 1660 1326 1693 ab
1345 1657 1479 1692 Herode
1495 1658 1634 1691 erectam
1653 1660 1685 1690 in
1701 1656 1819 1691 eodem
1835 1657 1935 1691 Trsso·

225 1721 302 1767 pio,
329 1719 378 1750 via
396 1719 512 1763 Appia,
540 1711 645 1754 fuisse,
674 1714 706 1746 in
721 1725 787 1760 quo
804 1714 1001 1747 memoriam
1022 1712 1168 1755 coniugis
1184 1711 1251 1744 aliis
1265 1713 1362 1744 etiam
1379 1720 1448 1743 tum
1469 1706 1737 1755 inscriptionibus,
1763 1717 1832 1742 tum
1851 1707 1936 1742 aedi-

225 1771 304 1805 ficiis
319 1767 492 1814 posteritati
510 1763 771 1800 commendarat.
826 1763 954 1803 Postea,
984 1763 1143 1796 Mexentii
1166 1772 1331 1808 tempore,
1365 1757 1486 1794 inuersa
1508 1759 1686 1801 columna,
1712 1770 1743 1794 et
1764 1771 1825 1808 qua
1846 1768 1935 1807 parte

226 1821 352 1856 tenebat
376 1815 619 1864 inscriptionem
636 1818 759 1850 Anniae
776 1813 943 1861 Regsslae,
976 1812 1082 1847 defixa
1098 1815 1131 1846 in
1147 1822 1248 1850 terra,
1276 1825 1337 1861 pro
1357 1811 1513 1846 milliario
1529 1808 1600 1844 suit.

326 1914 380 1946 111.
408 1911 437 1945 C
438 1910 608 1957 onsecrario
635 1909 778 1953 Triopii.
797 1907 893 1954 fasta
908 1908 1077 1941 Mineruae
1091 1913 1121 1940 et
1139 1906 1264 1954 Nemefi.
1302 1904 1437 1940 Constat
1452 1902 1615 1950 inscriptio
1632 1915 1671 1950 39
1688 1901 1825 1938 versibus
1841 1876 1936 1937 hexa-

227 1965 355 2005 metris,
382 1972 470 1996 eruta
489 1975 514 1995 a.
533 1967 625 2004 1607.
647 1958 686 1994 ad
713 1960 821 1994 vrbem
838 1961 870 1992 in
887 1960 936 1992 via
956 1960 1076 2006 Appia,
1111 1955 1273 2005 praesente
1298 1955 1521 2002 Christoplzoro
1544 1956 1690 1990 Puteano
1711 1955 1778 2000 (du
1800 1953 1942 2002 Putes),

227 2017 316 2051 cuius
337 2026 436 2063 opera
456 2014 617 2047 Lutetiam
643 2014 747 2052 venit,
775 2023 855 2046 mox
877 2010 919 2043 ibi
944 2010 1104 2058 publicata
1126 2009 1164 2043 ab
1191 2007 1331 2043 eruditis.

1785 2081 1842 2115 IV.
1872 2078 1936 2115 De-

269 2193 315 2230 w)
338 2193 409 2222 Non
426 2197 533 2220 temere
549 2189 604 2218 hoc
624 2187 722 2229 ,scripsi
734 2211 742 2225 ‚
775 2198 868 2228 neque
890 2185 993 2218 inscius
1015 2185 1062 2216 vel
1107 2186 1171 2216 cnssi
1191 2187 1220 2216 in
1237 2184 1362 2215 Censura
1376 2183 1537 2214 Viscontini
1555 2184 1670 2223 operis,
1690 2192 1764 2222 quae
1779 2181 1884 2212 inserta
1897 2181 1936 2215 est

232 2235 354 2265 aliarum
373 2235 594 2267 sententiarum,
618 2231 662 2260 vel
680 2234 766 2261 etiam
783 2231 860 2260 illins
872 2251 880 2265 ‚
899 2241 985 2270 quam
999 2240 1063 2258 eru·
1110 2228 1362 2267 Ephraim-idibus
1378 2229 1459 2257 vniv.
1475 2226 1657 2262 litterariis,
1686 2229 1772 2256 lenae
1791 2223 1934 2266 prodeun-

234 2278 383 2308 ‹htiffimus
403 2274 537 2316 lsilconti
554 2275 588 2303 de
604 2273 795 2313 appellatione
811 2281 838 2303 et
856 2281 956 2302 natura
972 2273 1064 2301 Trio·
1110 2273 1204 2307 tibus,
1227 2282 1251 2300 a.
1273 2273 1353 2309 1796.
1379 2280 1407 2298 n.
1424 2273 1466 2299 6ι.
1494 2267 1603 2310 Eiclzst,

235 2324 275 2363 pii
293 2329 385 2361 nuper
401 2318 561 2360 proposuit.
609 2318 679 2346 Rem
696 2326 814 2345 omnem
830 2315 995 2353 diligentius
1017 2324 1065 2343 ex-
