<?xml version="1.0" encoding="UTF-8"?>
<!DOCTYPE html PUBLIC "-//W3C//DTD XHTML 1.0 Transitional//EN"
    "http://www.w3.org/TR/xhtml1/DTD/xhtml1-transitional.dtd">
<html xmlns="http://www.w3.org/1999/xhtml" xml:lang="en" lang="en">
 <head>
  <title>
</title>
<meta http-equiv="Content-Type" content="text/html;charset=utf-8" />
  <meta name='ocr-system' content='tesseract 3.04.00' />
  <meta name='ocr-capabilities' content='ocr_page ocr_carea ocr_par ocr_line ocrx_word'/>
</head>
<body>
  <div class='ocr_page' id='page_1' title='image "./bibliothecagraec05fabruoft_0459.png"; bbox 0 0 2049 2720; ppageno 0'>
   <div class='ocr_carea' id='block_1_1' title="bbox 400 151 1783 205">
    <p class='ocr_par' dir='ltr' id='par_1_1' title="bbox 400 151 1783 205">
     <span class='ocr_line' id='line_1_1' title="bbox 400 151 1783 205; baseline 0.001 -13"><span class='ocrx_word' id='word_1_1' title='bbox 400 151 467 192; x_wconf 71' lang='lat' dir='ltr'><strong>ET</strong></span> <span class='ocrx_word' id='word_1_2' title='bbox 499 152 684 205; x_wconf 65' lang='lat' dir='ltr'>QHDEM</span> <span class='ocrx_word' id='word_1_3' title='bbox 713 151 1043 197; x_wconf 84' lang='lat' dir='ltr'><strong>GENVINORVM‚</strong></span> <span class='ocrx_word' id='word_1_4' title='bbox 1079 155 1300 193; x_wconf 85' lang='lat' dir='ltr'><strong>RECENSIO</strong></span> <span class='ocrx_word' id='word_1_5' title='bbox 1350 156 1423 193; x_wconf 78' lang='lat' dir='ltr'><strong>Lib.</strong></span> <span class='ocrx_word' id='word_1_6' title='bbox 1437 155 1506 193; x_wconf 84' lang='lat' dir='ltr'><strong>IV.</strong></span> <span class='ocrx_word' id='word_1_7' title='bbox 1523 168 1547 192; x_wconf 88' lang='lat' dir='ltr'><strong>c.</strong></span> <span class='ocrx_word' id='word_1_8' title='bbox 1562 154 1672 193; x_wconf 81' lang='lat' dir='ltr'><strong>XIX.</strong></span> <span class='ocrx_word' id='word_1_9' title='bbox 1723 167 1783 203; x_wconf 82' lang='lat'><strong>437</strong></span> 
     </span>
    </p>
   </div>
   <div class='ocr_carea' id='block_1_2' title="bbox 65 246 1782 1069">
    <p class='ocr_par' dir='ltr' id='par_1_2' title="bbox 65 246 1782 1069">
     <span class='ocr_line' id='line_1_2' title="bbox 72 246 1779 303; baseline -0.001 -17"><span class='ocrx_word' id='word_1_10' title='bbox 72 247 289 303; x_wconf 63' lang='lat' dir='ltr'><strong>cap.‘6.&#39;pag.</strong></span> <span class='ocrx_word' id='word_1_11' title='bbox 304 259 355 293; x_wconf 80' lang='grc'><strong>44.</strong></span> <span class='ocrx_word' id='word_1_12' title='bbox 376 257 458 286; x_wconf 86' lang='lat' dir='ltr'><strong>tom.</strong></span> <span class='ocrx_word' id='word_1_13' title='bbox 474 250 500 286; x_wconf 95' lang='lat'><strong>1.</strong></span> <span class='ocrx_word' id='word_1_14' title='bbox 553 250 698 298; x_wconf 80' lang='lat' dir='ltr'>Scriptus</span> <span class='ocrx_word' id='word_1_15' title='bbox 714 247 778 285; x_wconf 82' lang='lat' dir='ltr'><strong>effe</strong></span> <span class='ocrx_word' id='word_1_16' title='bbox 797 246 923 285; x_wconf 84' lang='lat' dir='ltr'><strong>videtur</strong></span> <span class='ocrx_word' id='word_1_17' title='bbox 943 250 983 285; x_wconf 88' lang='lat' dir='ltr'><strong>ab</strong></span> <span class='ocrx_word' id='word_1_18' title='bbox 1001 262 1060 295; x_wconf 83' lang='lat' dir='ltr'><strong>eo,</strong></span> <span class='ocrx_word' id='word_1_19' title='bbox 1086 249 1257 299; x_wconf 77' lang='lat' dir='ltr'><strong>postquam</strong></span> <span class='ocrx_word' id='word_1_20' title='bbox 1278 253 1343 287; x_wconf 86' lang='lat' dir='ltr'><strong>iam</strong></span> <span class='ocrx_word' id='word_1_21' title='bbox 1365 253 1622 287; x_wconf 81' lang='lat' dir='ltr'><strong>commentarios</strong></span> <span class='ocrx_word' id='word_1_22' title='bbox 1643 253 1674 285; x_wconf 84' lang='lat' dir='ltr'><strong>in</strong></span> <span class='ocrx_word' id='word_1_23' title='bbox 1695 251 1779 299; x_wconf 87' lang='lat' dir='ltr'><strong>Hip·</strong></span> 
     </span>
     <span class='ocr_line' id='line_1_3' title="bbox 70 299 1779 353; baseline -0.002 -13"><span class='ocrx_word' id='word_1_24' title='bbox 70 313 261 353; x_wconf 84' lang='lat' dir='ltr'><strong>pocratem,</strong></span> <span class='ocrx_word' id='word_1_25' title='bbox 286 299 392 337; x_wconf 88' lang='lat' dir='ltr'><strong>saltim</strong></span> <span class='ocrx_word' id='word_1_26' title='bbox 416 300 543 351; x_wconf 81' lang='lat' dir='ltr'><strong>plures,</strong></span> <span class='ocrx_word' id='word_1_27' title='bbox 569 301 808 337; x_wconf 86' lang='lat' dir='ltr'><strong>elaborauerat:</strong></span> <span class='ocrx_word' id='word_1_28' title='bbox 831 310 945 336; x_wconf 87' lang='lat' dir='ltr'><strong>monet</strong></span> <span class='ocrx_word' id='word_1_29' title='bbox 965 304 1072 340; x_wconf 80' lang='lat' dir='ltr'><strong>enim,</strong></span> <span class='ocrx_word' id='word_1_30' title='bbox 1097 299 1130 337; x_wconf 88' lang='lat' dir='ltr'><strong>se</strong></span> <span class='ocrx_word' id='word_1_31' title='bbox 1149 301 1249 351; x_wconf 87' lang='lat' dir='ltr'><strong>longe</strong></span> <span class='ocrx_word' id='word_1_32' title='bbox 1271 303 1378 350; x_wconf 78' lang='lat' dir='ltr'><strong>plures</strong></span> <span class='ocrx_word' id='word_1_33' title='bbox 1402 304 1506 338; x_wconf 87' lang='lat' dir='ltr'><strong>adhuc</strong></span> <span class='ocrx_word' id='word_1_34' title='bbox 1529 315 1623 338; x_wconf 84' lang='lat' dir='ltr'><strong>voces</strong></span> <span class='ocrx_word' id='word_1_35' title='bbox 1649 304 1779 351; x_wconf 82' lang='lat' dir='ltr'><strong>Hippo·</strong></span> 
     </span>
     <span class='ocr_line' id='line_1_4' title="bbox 70 349 1780 404; baseline -0.002 -13"><span class='ocrx_word' id='word_1_36' title='bbox 70 356 167 391; x_wconf 86' lang='lat' dir='ltr'><strong>cratis</strong></span> <span class='ocrx_word' id='word_1_37' title='bbox 185 349 361 402; x_wconf 85' lang='lat' dir='ltr'><strong>collegisse.</strong></span> <span class='ocrx_word' id='word_1_38' title='bbox 413 352 657 401; x_wconf 72' lang='lat' dir='ltr'><strong>Complec‘titur</strong></span> <span class='ocrx_word' id='word_1_39' title='bbox 677 355 702 387; x_wconf 91' lang='lat' dir='ltr'><strong>is</strong></span> <span class='ocrx_word' id='word_1_40' title='bbox 724 353 806 388; x_wconf 88' lang='lat' dir='ltr'><strong>liber</strong></span> <span class='ocrx_word' id='word_1_41' title='bbox 826 365 896 388; x_wconf 93' lang='lat' dir='ltr'><strong>non</strong></span> <span class='ocrx_word' id='word_1_42' title='bbox 918 350 1025 388; x_wconf 91' lang='lat' dir='ltr'><strong>solum</strong></span> <span class='ocrx_word' id='word_1_43' title='bbox 1041 355 1185 402; x_wconf 86' lang='lat' dir='ltr'><strong>antiquas</strong></span> <span class='ocrx_word' id='word_1_44' title='bbox 1207 367 1320 395; x_wconf 88' lang='lat' dir='ltr'><strong>voces,</strong></span> <span class='ocrx_word' id='word_1_45' title='bbox 1347 357 1380 389; x_wconf 85' lang='lat' dir='ltr'><strong>in</strong></span> <span class='ocrx_word' id='word_1_46' title='bbox 1395 357 1604 404; x_wconf 77' lang='lat' dir='ltr'>Hippocratis</span> <span class='ocrx_word' id='word_1_47' title='bbox 1621 354 1706 388; x_wconf 89' lang='lat' dir='ltr'><strong>libris</strong></span> <span class='ocrx_word' id='word_1_48' title='bbox 1724 355 1780 388; x_wconf 85' lang='lat' dir='ltr'><strong>ob·</strong></span> 
     </span>
     <span class='ocr_line' id='line_1_5' title="bbox 69 403 1779 455; baseline -0.002 -14"><span class='ocrx_word' id='word_1_49' title='bbox 69 409 155 448; x_wconf 81' lang='lat' dir='ltr'><strong>vias,</strong></span> <span class='ocrx_word' id='word_1_50' title='bbox 179 403 234 441; x_wconf 87' lang='lat' dir='ltr'><strong>sed</strong></span> <span class='ocrx_word' id='word_1_51' title='bbox 256 408 355 440; x_wconf 85' lang='lat' dir='ltr'><strong>etiam</strong></span> <span class='ocrx_word' id='word_1_52' title='bbox 380 416 454 446; x_wconf 85' lang='lat' dir='ltr'><strong>eas,</strong></span> <span class='ocrx_word' id='word_1_53' title='bbox 488 404 601 454; x_wconf 83' lang='lat' dir='ltr'><strong>quibus</strong></span> <span class='ocrx_word' id='word_1_54' title='bbox 622 406 842 453; x_wconf 82' lang='lat' dir='ltr'><strong>Hippocrates</strong></span> <span class='ocrx_word' id='word_1_55' title='bbox 862 406 998 453; x_wconf 90' lang='lat' dir='ltr'><strong>proprio</strong></span> <span class='ocrx_word' id='word_1_56' title='bbox 1018 404 1130 453; x_wconf 90' lang='lat' dir='ltr'><strong>aliquo</strong></span> <span class='ocrx_word' id='word_1_57' title='bbox 1153 403 1278 447; x_wconf 90' lang='lat' dir='ltr'><strong>modo,</strong></span> <span class='ocrx_word' id='word_1_58' title='bbox 1311 415 1341 440; x_wconf 93' lang='lat' dir='ltr'><strong>et</strong></span> <span class='ocrx_word' id='word_1_59' title='bbox 1363 418 1489 455; x_wconf 79' lang='lat' dir='ltr'><strong>praeter</strong></span> <span class='ocrx_word' id='word_1_60' title='bbox 1511 403 1779 441; x_wconf 71' lang='lat' dir='ltr'><strong>consuetudinem</strong></span> 
     </span>
     <span class='ocr_line' id='line_1_6' title="bbox 69 453 1778 507; baseline -0.002 -14"><span class='ocrx_word' id='word_1_61' title='bbox 69 469 285 507; x_wconf 85' lang='lat' dir='ltr'><strong>graecorum,</strong></span> <span class='ocrx_word' id='word_1_62' title='bbox 306 453 376 491; x_wconf 81' lang='lat' dir='ltr'><strong>vsus</strong></span> <span class='ocrx_word' id='word_1_63' title='bbox 396 453 511 492; x_wconf 86' lang='lat' dir='ltr'><strong>fuerat.</strong></span> <span class='ocrx_word' id='word_1_64' title='bbox 538 476 591 483; x_wconf 93' lang='lat'><strong>—</strong></span> <span class='ocrx_word' id='word_1_65' title='bbox 617 454 733 491; x_wconf 86' lang='lat' dir='ltr'><strong>Codex</strong></span> <span class='ocrx_word' id='word_1_66' title='bbox 748 467 886 503; x_wconf 78' lang='lat' dir='ltr'><strong>graecus</strong></span> <span class='ocrx_word' id='word_1_67' title='bbox 907 455 1004 491; x_wconf 78' lang='lat' dir='ltr'><strong>exstat</strong></span> <span class='ocrx_word' id='word_1_68' title='bbox 1025 457 1058 490; x_wconf 90' lang='lat' dir='ltr'><strong>in</strong></span> <span class='ocrx_word' id='word_1_69' title='bbox 1078 455 1275 492; x_wconf 82' lang='lat' dir='ltr'><strong>bibliotheca</strong></span> <span class='ocrx_word' id='word_1_70' title='bbox 1289 456 1499 505; x_wconf 74' lang='lat' dir='ltr'><strong>Mosquenli‚</strong></span> <span class='ocrx_word' id='word_1_71' title='bbox 1526 456 1601 491; x_wconf 81' lang='lat' dir='ltr'><strong>telle</strong></span> <span class='ocrx_word' id='word_1_72' title='bbox 1621 456 1672 491; x_wconf 90' lang='lat' dir='ltr'><strong>Cl.</strong></span> <span class='ocrx_word' id='word_1_73' title='bbox 1692 457 1778 491; x_wconf 86' lang='lat' dir='ltr'><strong>Mat-</strong></span> 
     </span>
     <span class='ocr_line' id='line_1_7' title="bbox 70 505 1778 558; baseline -0.002 -13"><span class='ocrx_word' id='word_1_74' title='bbox 70 509 176 551; x_wconf 77' lang='lat' dir='ltr'><strong>thaei,</strong></span> <span class='ocrx_word' id='word_1_75' title='bbox 201 510 237 542; x_wconf 89' lang='lat' dir='ltr'><strong>in</strong></span> <span class='ocrx_word' id='word_1_76' title='bbox 253 506 405 556; x_wconf 87' lang='lat' dir='ltr'><strong>catalogo</strong></span> <span class='ocrx_word' id='word_1_77' title='bbox 419 507 516 543; x_wconf 91' lang='lat' dir='ltr'>MSS.</span> <span class='ocrx_word' id='word_1_78' title='bbox 533 507 746 543; x_wconf 81' lang='lat' dir='ltr'><strong>bibliothecae</strong></span> <span class='ocrx_word' id='word_1_79' title='bbox 762 507 983 556; x_wconf 87' lang='lat' dir='ltr'><strong>patriarchalis</strong></span> <span class='ocrx_word' id='word_1_80' title='bbox 998 505 1213 556; x_wconf 84' lang='lat' dir='ltr'><strong>Mosquenlis.</strong></span> <span class='ocrx_word' id='word_1_81' title='bbox 1237 506 1325 543; x_wconf 82' lang='lat' dir='ltr'><strong>conf.</strong></span> <span class='ocrx_word' id='word_1_82' title='bbox 1341 511 1480 544; x_wconf 71' lang='lat' dir='ltr'><strong>Franzii</strong></span> <span class='ocrx_word' id='word_1_83' title='bbox 1496 505 1630 558; x_wconf 78' lang='lat' dir='ltr'><strong>praefat.</strong></span> <span class='ocrx_word' id='word_1_84' title='bbox 1649 510 1681 543; x_wconf 88' lang='lat' dir='ltr'><strong>in</strong></span> <span class='ocrx_word' id='word_1_85' title='bbox 1697 509 1778 542; x_wconf 86' lang='lat' dir='ltr'><strong>Ero-</strong></span> 
     </span>
     <span class='ocr_line' id='line_1_8' title="bbox 69 557 1779 608; baseline -0.002 -13"><span class='ocrx_word' id='word_1_86' title='bbox 69 561 167 602; x_wconf 74' lang='lat' dir='ltr'><strong>uani,</strong></span> <span class='ocrx_word' id='word_1_87' title='bbox 193 557 310 594; x_wconf 90' lang='lat' dir='ltr'><strong>Galeni</strong></span> <span class='ocrx_word' id='word_1_88' title='bbox 333 568 365 593; x_wconf 87' lang='lat' dir='ltr'><strong>et</strong></span> <span class='ocrx_word' id='word_1_89' title='bbox 387 557 552 594; x_wconf 84' lang='lat' dir='ltr'><strong>Herodoti</strong></span> <span class='ocrx_word' id='word_1_90' title='bbox 574 557 726 606; x_wconf 86' lang='lat' dir='ltr'><strong>glossaria</strong></span> <span class='ocrx_word' id='word_1_91' title='bbox 744 560 778 594; x_wconf 87' lang='lat' dir='ltr'><strong>in</strong></span> <span class='ocrx_word' id='word_1_92' title='bbox 799 560 1038 607; x_wconf 84' lang='lat' dir='ltr'><strong>Hippocratem</strong></span> <span class='ocrx_word' id='word_1_93' title='bbox 1057 571 1132 608; x_wconf 86' lang='lat' dir='ltr'><strong>pag.</strong></span> <span class='ocrx_word' id='word_1_94' title='bbox 1150 571 1198 605; x_wconf 83' lang='lat'><strong>19.</strong></span> <span class='ocrx_word' id='word_1_95' title='bbox 1250 558 1348 593; x_wconf 81' lang='lat' dir='ltr'><strong>Aliud</strong></span> <span class='ocrx_word' id='word_1_96' title='bbox 1371 562 1443 596; x_wconf 84' lang='lat' dir='ltr'><strong>MS.</strong></span> <span class='ocrx_word' id='word_1_97' title='bbox 1462 557 1640 608; x_wconf 77' lang='lat' dir='ltr'><strong>glossarum</strong></span> <span class='ocrx_word' id='word_1_98' title='bbox 1663 559 1779 593; x_wconf 74' lang='lat' dir='ltr'><strong>Galeni</strong></span> 
     </span>
     <span class='ocr_line' id='line_1_9' title="bbox 66 608 1776 659; baseline -0.001 -14"><span class='ocrx_word' id='word_1_99' title='bbox 66 613 104 645; x_wconf 87' lang='lat' dir='ltr'><strong>in</strong></span> <span class='ocrx_word' id='word_1_100' title='bbox 126 612 366 659; x_wconf 82' lang='lat' dir='ltr'><strong>Hippocratem</strong></span> <span class='ocrx_word' id='word_1_101' title='bbox 390 609 526 645; x_wconf 86' lang='lat' dir='ltr'><strong>habebat</strong></span> <span class='ocrx_word' id='word_1_102' title='bbox 551 610 703 656; x_wconf 75' lang='lat' dir='ltr'><strong>cangius.</strong></span> <span class='ocrx_word' id='word_1_103' title='bbox 756 608 917 646; x_wconf 89' lang='lat' dir='ltr'><strong>Codicem</strong></span> <span class='ocrx_word' id='word_1_104' title='bbox 934 609 1248 658; x_wconf 77' lang='lat' dir='ltr'><strong>Amstclodamensem</strong></span> <span class='ocrx_word' id='word_1_105' title='bbox 1264 610 1405 645; x_wconf 88' lang='lat' dir='ltr'><strong>contulit</strong></span> <span class='ocrx_word' id='word_1_106' title='bbox 1423 614 1470 646; x_wconf 89' lang='lat' dir='ltr'><strong>Io.</strong></span> <span class='ocrx_word' id='word_1_107' title='bbox 1488 612 1575 645; x_wconf 75' lang='lat' dir='ltr'><strong>Phil.</strong></span> <span class='ocrx_word' id='word_1_108' title='bbox 1593 611 1776 645; x_wconf 69' lang='lat' dir='ltr'><strong>Dorzsillius</strong></span> 
     </span>
     <span class='ocr_line' id='line_1_10' title="bbox 68 659 1780 710; baseline 0 -14"><span class='ocrx_word' id='word_1_109' title='bbox 68 673 154 710; x_wconf 83' lang='lat' dir='ltr'><strong>quae</strong></span> <span class='ocrx_word' id='word_1_110' title='bbox 173 659 309 697; x_wconf 88' lang='lat' dir='ltr'><strong>collatio</strong></span> <span class='ocrx_word' id='word_1_111' title='bbox 335 659 454 708; x_wconf 76' lang='lat' dir='ltr'><strong>proflat</strong></span> <span class='ocrx_word' id='word_1_112' title='bbox 475 662 511 696; x_wconf 89' lang='lat' dir='ltr'><strong>in</strong></span> <span class='ocrx_word' id='word_1_113' title='bbox 533 659 708 697; x_wconf 78' lang='lat' dir='ltr'><strong>miscellan.</strong></span> <span class='ocrx_word' id='word_1_114' title='bbox 725 659 802 698; x_wconf 89' lang='lat' dir='ltr'><strong>obss.</strong></span> <span class='ocrx_word' id='word_1_115' title='bbox 820 662 891 697; x_wconf 90' lang='lat' dir='ltr'><strong>crit.</strong></span> <span class='ocrx_word' id='word_1_116' title='bbox 914 663 947 697; x_wconf 89' lang='lat' dir='ltr'><strong>in</strong></span> <span class='ocrx_word' id='word_1_117' title='bbox 963 663 1110 698; x_wconf 71' lang='lat' dir='ltr'><strong>audiores</strong></span> <span class='ocrx_word' id='word_1_118' title='bbox 1127 672 1247 697; x_wconf 86' lang='lat' dir='ltr'><strong>veteres</strong></span> <span class='ocrx_word' id='word_1_119' title='bbox 1263 670 1296 697; x_wconf 86' lang='lat' dir='ltr'><strong>et</strong></span> <span class='ocrx_word' id='word_1_120' title='bbox 1313 664 1508 698; x_wconf 84' lang='lat' dir='ltr'><strong>recentiores</strong></span> <span class='ocrx_word' id='word_1_121' title='bbox 1529 662 1563 697; x_wconf 86' lang='lat' dir='ltr'><strong>in</strong></span> <span class='ocrx_word' id='word_1_122' title='bbox 1578 661 1693 709; x_wconf 78' lang='lat' dir='ltr'><strong>Belgio</strong></span> <span class='ocrx_word' id='word_1_123' title='bbox 1715 661 1780 696; x_wconf 89' lang='lat' dir='ltr'><strong>col·</strong></span> 
     </span>
     <span class='ocr_line' id='line_1_11' title="bbox 67 709 1778 761; baseline -0.002 -12"><span class='ocrx_word' id='word_1_124' title='bbox 67 711 158 749; x_wconf 66' lang='lat' dir='ltr'><strong>lestis</strong></span> <span class='ocrx_word' id='word_1_125' title='bbox 180 721 212 748; x_wconf 90' lang='lat' dir='ltr'><strong>et</strong></span> <span class='ocrx_word' id='word_1_126' title='bbox 233 710 372 761; x_wconf 88' lang='lat' dir='ltr'><strong>proditis</strong></span> <span class='ocrx_word' id='word_1_127' title='bbox 395 713 428 746; x_wconf 90' lang='lat' dir='ltr'><strong>in</strong></span> <span class='ocrx_word' id='word_1_128' title='bbox 449 725 525 747; x_wconf 90' lang='lat' dir='ltr'><strong>ann.</strong></span> <span class='ocrx_word' id='word_1_129' title='bbox 541 724 634 758; x_wconf 83' lang='lat'>¹749·</span> <span class='ocrx_word' id='word_1_130' title='bbox 661 722 745 749; x_wconf 89' lang='lat' dir='ltr'><strong>tom.</strong></span> <span class='ocrx_word' id='word_1_131' title='bbox 761 714 814 749; x_wconf 79' lang='lat' dir='ltr'><strong>tx.</strong></span> <span class='ocrx_word' id='word_1_132' title='bbox 840 712 943 748; x_wconf 81' lang='lat' dir='ltr'><strong>Amst.</strong></span> <span class='ocrx_word' id='word_1_133' title='bbox 961 725 1052 759; x_wconf 77' lang='lat'><strong>17⁴9·</strong></span> <span class='ocrx_word' id='word_1_134' title='bbox 1103 714 1212 749; x_wconf 87' lang='lat' dir='ltr'><strong>Verba</strong></span> <span class='ocrx_word' id='word_1_135' title='bbox 1234 713 1389 749; x_wconf 89' lang='lat' dir='ltr'><strong>Doruillii</strong></span> <span class='ocrx_word' id='word_1_136' title='bbox 1415 716 1493 749; x_wconf 89' lang='lat' dir='ltr'><strong>haec</strong></span> <span class='ocrx_word' id='word_1_137' title='bbox 1514 709 1604 747; x_wconf 86' lang='lat' dir='ltr'><strong>sunt:</strong></span> <span class='ocrx_word' id='word_1_138' title='bbox 1632 713 1778 753; x_wconf 72' lang='lat' dir='ltr'><strong>„Tertio</strong></span> 
     </span>
     <span class='ocr_line' id='line_1_12' title="bbox 65 761 1777 812; baseline -0.002 -12"><span class='ocrx_word' id='word_1_139' title='bbox 65 762 147 800; x_wconf 80' lang='lat' dir='ltr'><strong>loco</strong></span> <span class='ocrx_word' id='word_1_140' title='bbox 164 764 357 799; x_wconf 82' lang='lat' dir='ltr'><strong>exhibentur</strong></span> <span class='ocrx_word' id='word_1_141' title='bbox 374 762 568 799; x_wconf 79' lang='lat' dir='ltr'><strong>collationes</strong></span> <span class='ocrx_word' id='word_1_142' title='bbox 588 765 684 800; x_wconf 84' lang='lat' dir='ltr'><strong>binae</strong></span> <span class='ocrx_word' id='word_1_143' title='bbox 704 763 798 800; x_wconf 87' lang='lat' dir='ltr'><strong>lexici</strong></span> <span class='ocrx_word' id='word_1_144' title='bbox 821 763 953 808; x_wconf 87' lang='lat' dir='ltr'><strong>medici,</strong></span> <span class='ocrx_word' id='word_1_145' title='bbox 973 765 1012 800; x_wconf 86' lang='lat' dir='ltr'><strong>ab</strong></span> <span class='ocrx_word' id='word_1_146' title='bbox 1028 766 1188 802; x_wconf 86' lang='lat' dir='ltr'><strong>Erotiano</strong></span> <span class='ocrx_word' id='word_1_147' title='bbox 1205 762 1398 812; x_wconf 85' lang='lat' dir='ltr'><strong>conscripti,</strong></span> <span class='ocrx_word' id='word_1_148' title='bbox 1425 764 1480 800; x_wconf 90' lang='lat' dir='ltr'><strong>illa</strong></span> <span class='ocrx_word' id='word_1_149' title='bbox 1497 761 1678 811; x_wconf 86' lang='lat' dir='ltr'><strong>glossarum</strong></span> <span class='ocrx_word' id='word_1_150' title='bbox 1697 765 1777 810; x_wconf 87' lang='lat' dir='ltr'><strong>Hip·</strong></span> 
     </span>
     <span class='ocr_line' id='line_1_13' title="bbox 67 813 1778 864; baseline -0.001 -13"><span class='ocrx_word' id='word_1_151' title='bbox 67 816 328 864; x_wconf 72' lang='lat' dir='ltr'><strong>pocmficarum,</strong></span> <span class='ocrx_word' id='word_1_152' title='bbox 355 827 433 864; x_wconf 90' lang='lat' dir='ltr'><strong>quas</strong></span> <span class='ocrx_word' id='word_1_153' title='bbox 451 814 608 851; x_wconf 87' lang='lat' dir='ltr'><strong>Claudius</strong></span> <span class='ocrx_word' id='word_1_154' title='bbox 621 815 763 851; x_wconf 88' lang='lat' dir='ltr'><strong>Galenus</strong></span> <span class='ocrx_word' id='word_1_155' title='bbox 783 815 933 864; x_wconf 84' lang='lat' dir='ltr'><strong>collegit,</strong></span> <span class='ocrx_word' id='word_1_156' title='bbox 958 828 1010 852; x_wconf 85' lang='lat' dir='ltr'><strong>eas</strong></span> <span class='ocrx_word' id='word_1_157' title='bbox 1033 829 1112 852; x_wconf 86' lang='lat' dir='ltr'><strong>meo</strong></span> <span class='ocrx_word' id='word_1_158' title='bbox 1133 825 1253 864; x_wconf 88' lang='lat' dir='ltr'><strong>rogatu</strong></span> <span class='ocrx_word' id='word_1_159' title='bbox 1275 813 1418 853; x_wconf 86' lang='lat' dir='ltr'><strong>confecit</strong></span> <span class='ocrx_word' id='word_1_160' title='bbox 1438 814 1477 851; x_wconf 88' lang='lat' dir='ltr'><strong>ad</strong></span> <span class='ocrx_word' id='word_1_161' title='bbox 1499 814 1649 851; x_wconf 87' lang='lat' dir='ltr'><strong>codicem</strong></span> <span class='ocrx_word' id='word_1_162' title='bbox 1666 827 1778 850; x_wconf 87' lang='lat' dir='ltr'><strong>meum</strong></span> 
     </span>
     <span class='ocr_line' id='line_1_14' title="bbox 66 864 1779 915; baseline -0.001 -14"><span class='ocrx_word' id='word_1_163' title='bbox 66 865 211 902; x_wconf 88' lang='lat' dir='ltr'><strong>medicus</strong></span> <span class='ocrx_word' id='word_1_164' title='bbox 227 864 312 914; x_wconf 89' lang='lat' dir='ltr'><strong>apud</strong></span> <span class='ocrx_word' id='word_1_165' title='bbox 327 864 658 903; x_wconf 75' lang='lat' dir='ltr'><strong>Amsselaedamenses</strong></span> <span class='ocrx_word' id='word_1_166' title='bbox 672 865 915 903; x_wconf 75' lang='lat' dir='ltr'><strong>litteratissimus</strong></span> <span class='ocrx_word' id='word_1_167' title='bbox 931 870 976 903; x_wconf 89' lang='grc' dir='ltr'><strong>Ῑο.</strong></span> <span class='ocrx_word' id='word_1_168' title='bbox 990 868 1169 915; x_wconf 61' lang='grc' dir='ltr'><strong>δίφΙΞαηιιῑ</strong></span> <span class='ocrx_word' id='word_1_169' title='bbox 1185 868 1386 903; x_wconf 78' lang='lat' dir='ltr'><strong>Bernardus.</strong></span> <span class='ocrx_word' id='word_1_170' title='bbox 1424 869 1452 901; x_wconf 86' lang='lat' dir='ltr'><strong>Is</strong></span> <span class='ocrx_word' id='word_1_171' title='bbox 1469 866 1585 905; x_wconf 82' lang='lat' dir='ltr'><strong>codex.</strong></span> <span class='ocrx_word' id='word_1_172' title='bbox 1607 864 1681 902; x_wconf 87' lang='lat' dir='ltr'><strong>sane</strong></span> <span class='ocrx_word' id='word_1_173' title='bbox 1699 867 1779 900; x_wconf 85' lang='lat' dir='ltr'><strong>bene</strong></span> 
     </span>
     <span class='ocr_line' id='line_1_15' title="bbox 68 917 1778 967; baseline -0.001 -14"><span class='ocrx_word' id='word_1_174' title='bbox 68 927 216 953; x_wconf 84' lang='lat' dir='ltr'><strong>exaratus</strong></span> <span class='ocrx_word' id='word_1_175' title='bbox 232 919 377 952; x_wconf 85' lang='lat' dir='ltr'><strong>continet</strong></span> <span class='ocrx_word' id='word_1_176' title='bbox 391 927 554 964; x_wconf 89' lang='lat' dir='ltr'><strong>praeterea</strong></span> <span class='ocrx_word' id='word_1_177' title='bbox 568 917 727 967; x_wconf 87' lang='lat' dir='ltr'><strong>quosdam</strong></span> <span class='ocrx_word' id='word_1_178' title='bbox 743 919 882 965; x_wconf 79' lang='lat' dir='ltr'><strong>Oribafii</strong></span> <span class='ocrx_word' id='word_1_179' title='bbox 894 917 1006 954; x_wconf 82' lang='lat' dir='ltr'><strong>libros.</strong></span> <span class='ocrx_word' id='word_1_180' title='bbox 1059 919 1206 955; x_wconf 90' lang='lat' dir='ltr'><strong>Collatio</strong></span> <span class='ocrx_word' id='word_1_181' title='bbox 1229 919 1324 954; x_wconf 85' lang='lat' dir='ltr'><strong>lexici</strong></span> <span class='ocrx_word' id='word_1_182' title='bbox 1339 918 1453 954; x_wconf 88' lang='lat' dir='ltr'><strong>Galeni</strong></span> <span class='ocrx_word' id='word_1_183' title='bbox 1475 920 1588 966; x_wconf 86' lang='lat' dir='ltr'><strong>incipit</strong></span> <span class='ocrx_word' id='word_1_184' title='bbox 1607 932 1626 954; x_wconf 90' lang='lat' dir='ltr'><strong>a</strong></span> <span class='ocrx_word' id='word_1_185' title='bbox 1641 931 1672 966; x_wconf 87' lang='lat' dir='ltr'><strong>p.</strong></span> <span class='ocrx_word' id='word_1_186' title='bbox 1688 929 1778 953; x_wconf 83' lang='lat'><strong>1020.</strong></span> 
     </span>
     <span class='ocr_line' id='line_1_16' title="bbox 66 966 1779 1018; baseline -0.001 -14"><span class='ocrx_word' id='word_1_187' title='bbox 66 966 108 1005; x_wconf 87' lang='lat' dir='ltr'><strong>ad</strong></span> <span class='ocrx_word' id='word_1_188' title='bbox 133 980 206 1016; x_wconf 87' lang='lat' dir='ltr'><strong>pag.</strong></span> <span class='ocrx_word' id='word_1_189' title='bbox 223 970 338 1013; x_wconf 77' lang='lat'><strong>1056.“</strong></span> <span class='ocrx_word' id='word_1_190' title='bbox 363 967 428 1004; x_wconf 86' lang='lat' dir='ltr'><strong>vid.</strong></span> <span class='ocrx_word' id='word_1_191' title='bbox 445 969 593 1004; x_wconf 66' lang='lat' dir='ltr'><strong>Franzii‘</strong></span> <span class='ocrx_word' id='word_1_192' title='bbox 611 967 748 1018; x_wconf 85' lang='lat' dir='ltr'><strong>praefat.</strong></span> <span class='ocrx_word' id='word_1_193' title='bbox 770 968 810 1005; x_wconf 89' lang='lat' dir='ltr'><strong>ad</strong></span> <span class='ocrx_word' id='word_1_194' title='bbox 832 972 975 1005; x_wconf 85' lang='lat' dir='ltr'><strong>Erotian.</strong></span> <span class='ocrx_word' id='word_1_195' title='bbox 998 982 1073 1018; x_wconf 87' lang='lat' dir='ltr'><strong>pag.</strong></span> <span class='ocrx_word' id='word_1_196' title='bbox 1090 973 1141 1006; x_wconf 88' lang='lat'><strong>16.</strong></span> <span class='ocrx_word' id='word_1_197' title='bbox 1192 969 1305 1005; x_wconf 89' lang='lat' dir='ltr'><strong>Editio</strong></span> <span class='ocrx_word' id='word_1_198' title='bbox 1329 970 1435 1005; x_wconf 80' lang='lat' dir='ltr'><strong>Henr.</strong></span> <span class='ocrx_word' id='word_1_199' title='bbox 1450 969 1600 1015; x_wconf 78' lang='lat' dir='ltr'><strong>Stephani</strong></span> <span class='ocrx_word' id='word_1_200' title='bbox 1619 972 1651 1004; x_wconf 90' lang='lat' dir='ltr'><strong>in</strong></span> <span class='ocrx_word' id='word_1_201' title='bbox 1675 967 1779 1017; x_wconf 90' lang='lat' dir='ltr'><strong>duplo</strong></span> 
     </span>
     <span class='ocr_line' id='line_1_17' title="bbox 67 1017 1782 1069; baseline 0.001 -15"><span class='ocrx_word' id='word_1_202' title='bbox 67 1019 191 1069; x_wconf 84' lang='lat' dir='ltr'><strong>prostat</strong></span> <span class='ocrx_word' id='word_1_203' title='bbox 212 1020 247 1053; x_wconf 90' lang='lat' dir='ltr'><strong>in</strong></span> <span class='ocrx_word' id='word_1_204' title='bbox 266 1018 341 1054; x_wconf 89' lang='lat' dir='ltr'><strong>bibl.</strong></span> <span class='ocrx_word' id='word_1_205' title='bbox 363 1017 452 1055; x_wconf 85' lang='lat' dir='ltr'><strong>acad.</strong></span> <span class='ocrx_word' id='word_1_206' title='bbox 468 1018 572 1068; x_wconf 89' lang='lat' dir='ltr'><strong>Lugd.</strong></span> <span class='ocrx_word' id='word_1_207' title='bbox 588 1021 699 1057; x_wconf 86' lang='lat' dir='ltr'><strong>Batau.</strong></span> <span class='ocrx_word' id='word_1_208' title='bbox 750 1020 850 1057; x_wconf 82' lang='lat' dir='ltr'><strong>Alteri</strong></span> <span class='ocrx_word' id='word_1_209' title='bbox 867 1020 1046 1069; x_wconf 87' lang='lat' dir='ltr'><strong>exemplari</strong></span> <span class='ocrx_word' id='word_1_210' title='bbox 1064 1021 1193 1068; x_wconf 70' lang='lat' dir='ltr'><strong>Uaacus</strong></span> <span class='ocrx_word' id='word_1_211' title='bbox 1207 1021 1251 1056; x_wconf 92' lang='lat' dir='ltr'><em>V</em></span> <span class='ocrx_word' id='word_1_212' title='bbox 1247 1022 1336 1067; x_wconf 87' lang='lat' dir='ltr'><strong>offius</strong></span> <span class='ocrx_word' id='word_1_213' title='bbox 1351 1019 1511 1068; x_wconf 83' lang='lat' dir='ltr'><strong>quaedam</strong></span> <span class='ocrx_word' id='word_1_214' title='bbox 1530 1018 1712 1069; x_wconf 74' lang='lat' dir='ltr'><strong>adscripsit,</strong></span> <span class='ocrx_word' id='word_1_215' title='bbox 1737 1019 1782 1055; x_wconf 85' lang='lat' dir='ltr'><strong>al·</strong></span> 
     </span>
    </p>
   </div>
   <div class='ocr_carea' id='block_1_3' title="bbox 7 1069 1781 1121">
    <p class='ocr_par' dir='ltr' id='par_1_3' title="bbox 7 1069 1781 1121">
     <span class='ocr_line' id='line_1_18' title="bbox 7 1069 1781 1121; baseline 0 -14"><span class='ocrx_word' id='word_1_216' title='bbox 7 1095 11 1097; x_wconf 90' lang='lat'>-</span> <span class='ocrx_word' id='word_1_217' title='bbox 66 1080 173 1107; x_wconf 73' lang='lat' dir='ltr'><strong>terum</strong></span> <span class='ocrx_word' id='word_1_218' title='bbox 201 1069 246 1105; x_wconf 84' lang='lat' dir='ltr'><strong>est</strong></span> <span class='ocrx_word' id='word_1_219' title='bbox 274 1083 351 1105; x_wconf 91' lang='lat' dir='ltr'><strong>curn</strong></span> <span class='ocrx_word' id='word_1_220' title='bbox 371 1072 458 1106; x_wconf 89' lang='lat' dir='ltr'><strong>notis</strong></span> <span class='ocrx_word' id='word_1_221' title='bbox 483 1072 580 1107; x_wconf 87' lang='lat' dir='ltr'>MSS.</span> <span class='ocrx_word' id='word_1_222' title='bbox 604 1072 851 1107; x_wconf 88' lang='lat' dir='ltr'><strong>Bonauenturae</strong></span> <span class='ocrx_word' id='word_1_223' title='bbox 872 1071 1035 1106; x_wconf 90' lang='lat' dir='ltr'><strong>Vulcanii.</strong></span> <span class='ocrx_word' id='word_1_224' title='bbox 1092 1070 1169 1109; x_wconf 90' lang='lat' dir='ltr'><strong>Vid.</strong></span> <span class='ocrx_word' id='word_1_225' title='bbox 1192 1072 1287 1108; x_wconf 84' lang='lat' dir='ltr'><strong>catal.</strong></span> <span class='ocrx_word' id='word_1_226' title='bbox 1307 1075 1347 1108; x_wconf 90' lang='lat' dir='ltr'><strong>ei.</strong></span> <span class='ocrx_word' id='word_1_227' title='bbox 1368 1072 1598 1112; x_wconf 86' lang='lat' dir='ltr'><strong>bibliothecae,</strong></span> <span class='ocrx_word' id='word_1_228' title='bbox 1629 1084 1703 1121; x_wconf 85' lang='lat' dir='ltr'><strong>pag.</strong></span> <span class='ocrx_word' id='word_1_229' title='bbox 1719 1081 1781 1115; x_wconf 82' lang='lat'><strong>135.</strong></span> 
     </span>
    </p>
   </div>
   <div class='ocr_carea' id='block_1_4' title="bbox 63 1119 1815 2499">
    <p class='ocr_par' dir='ltr' id='par_1_4' title="bbox 63 1119 1815 2453">
     <span class='ocr_line' id='line_1_19' title="bbox 64 1119 1782 1171; baseline -0.001 -13"><span class='ocrx_word' id='word_1_230' title='bbox 64 1123 213 1158; x_wconf 84' lang='lat' dir='ltr'><strong>Lexicon</strong></span> <span class='ocrx_word' id='word_1_231' title='bbox 236 1122 512 1171; x_wconf 85' lang='lat' dir='ltr'><strong>Hippocraticum</strong></span> <span class='ocrx_word' id='word_1_232' title='bbox 536 1121 652 1158; x_wconf 88' lang='lat' dir='ltr'><strong>Galeni</strong></span> <span class='ocrx_word' id='word_1_233' title='bbox 679 1121 724 1158; x_wconf 84' lang='lat' dir='ltr'><strong>est</strong></span> <span class='ocrx_word' id='word_1_234' title='bbox 750 1125 834 1159; x_wconf 84' lang='lat' dir='ltr'><strong>inter</strong></span> <span class='ocrx_word' id='word_1_235' title='bbox 858 1121 934 1158; x_wconf 90' lang='lat' dir='ltr'><strong>cod.</strong></span> <span class='ocrx_word' id='word_1_236' title='bbox 956 1123 1054 1158; x_wconf 91' lang='lat' dir='ltr'><strong>MSS.</strong></span> <span class='ocrx_word' id='word_1_237' title='bbox 1077 1119 1115 1158; x_wconf 84' lang='lat' dir='ltr'><strong>ls.</strong></span> <span class='ocrx_word' id='word_1_238' title='bbox 1133 1121 1234 1158; x_wconf 86' lang='lat' dir='ltr'><strong>Voffii</strong></span> <span class='ocrx_word' id='word_1_239' title='bbox 1255 1136 1304 1159; x_wconf 91' lang='lat' dir='ltr'><strong>nr.</strong></span> <span class='ocrx_word' id='word_1_240' title='bbox 1321 1134 1406 1166; x_wconf 81' lang='lat'><strong>2171.</strong></span> <span class='ocrx_word' id='word_1_241' title='bbox 1429 1142 1480 1150; x_wconf 90' lang='lat'><strong>—</strong></span> <span class='ocrx_word' id='word_1_242' title='bbox 1509 1123 1625 1158; x_wconf 83' lang='lat' dir='ltr'><strong>Graece</strong></span> <span class='ocrx_word' id='word_1_243' title='bbox 1646 1120 1782 1158; x_wconf 81' lang='lat' dir='ltr'><strong>seorfim</strong></span> 
     </span>
     <span class='ocr_line' id='line_1_20' title="bbox 65 1171 1782 1224; baseline -0.001 -16"><span class='ocrx_word' id='word_1_244' title='bbox 65 1171 191 1224; x_wconf 82' lang='lat' dir='ltr'><strong>prodiit</strong></span> <span class='ocrx_word' id='word_1_245' title='bbox 206 1185 283 1208; x_wconf 91' lang='lat' dir='ltr'><strong>cum</strong></span> <span class='ocrx_word' id='word_1_246' title='bbox 306 1175 453 1222; x_wconf 85' lang='lat' dir='ltr'><strong>principe</strong></span> <span class='ocrx_word' id='word_1_247' title='bbox 469 1174 618 1209; x_wconf 89' lang='lat' dir='ltr'><strong>Erotiani</strong></span> <span class='ocrx_word' id='word_1_248' title='bbox 639 1172 782 1210; x_wconf 87' lang='lat' dir='ltr'><strong>editione</strong></span> <span class='ocrx_word' id='word_1_249' title='bbox 799 1175 904 1209; x_wconf 89' lang='lat' dir='ltr'><strong>Henr.</strong></span> <span class='ocrx_word' id='word_1_250' title='bbox 919 1174 1093 1222; x_wconf 82' lang='lat' dir='ltr'><strong>Stephani,</strong></span> <span class='ocrx_word' id='word_1_251' title='bbox 1118 1173 1232 1209; x_wconf 89' lang='lat' dir='ltr'><strong>titulo:</strong></span> <span class='ocrx_word' id='word_1_252' title='bbox 1259 1175 1498 1210; x_wconf 69' lang='lat' dir='ltr'><strong>Dictionarium</strong></span> <span class='ocrx_word' id='word_1_253' title='bbox 1514 1172 1703 1214; x_wconf 82' lang='lat' dir='ltr'><strong>medicum,</strong></span> <span class='ocrx_word' id='word_1_254' title='bbox 1728 1171 1782 1208; x_wconf 86' lang='lat' dir='ltr'><strong>vel</strong></span> 
     </span>
     <span class='ocr_line' id='line_1_21' title="bbox 66 1222 1782 1274; baseline -0.001 -13"><span class='ocrx_word' id='word_1_255' title='bbox 66 1223 285 1274; x_wconf 83' lang='lat' dir='ltr'><strong>expolitiones</strong></span> <span class='ocrx_word' id='word_1_256' title='bbox 309 1235 431 1258; x_wconf 90' lang='lat' dir='ltr'><strong>vocum</strong></span> <span class='ocrx_word' id='word_1_257' title='bbox 454 1222 702 1260; x_wconf 84' lang='lat' dir='ltr'><strong>medicinalium</strong></span> <span class='ocrx_word' id='word_1_258' title='bbox 722 1223 762 1260; x_wconf 86' lang='lat' dir='ltr'><strong>ad</strong></span> <span class='ocrx_word' id='word_1_259' title='bbox 786 1225 920 1260; x_wconf 86' lang='lat' dir='ltr'><strong>verbum</strong></span> <span class='ocrx_word' id='word_1_260' title='bbox 945 1233 1116 1272; x_wconf 85' lang='lat' dir='ltr'><strong>excerptae</strong></span> <span class='ocrx_word' id='word_1_261' title='bbox 1138 1237 1176 1259; x_wconf 84' lang='lat' dir='ltr'><strong>ex</strong></span> <span class='ocrx_word' id='word_1_262' title='bbox 1200 1226 1427 1274; x_wconf 83' lang='lat' dir='ltr'><strong>Hippocrate,</strong></span> <span class='ocrx_word' id='word_1_263' title='bbox 1452 1227 1611 1270; x_wconf 80' lang='lat' dir='ltr'><strong>Aretaeo,</strong></span> <span class='ocrx_word' id='word_1_264' title='bbox 1640 1224 1782 1267; x_wconf 86' lang='lat' dir='ltr'><strong>Galeno,</strong></span> 
     </span>
     <span class='ocr_line' id='line_1_22' title="bbox 66 1271 1782 1322; baseline 0.001 -12"><span class='ocrx_word' id='word_1_265' title='bbox 66 1273 235 1316; x_wconf 86' lang='lat' dir='ltr'><strong>Oribafio,</strong></span> <span class='ocrx_word' id='word_1_266' title='bbox 261 1271 354 1310; x_wconf 89' lang='lat' dir='ltr'><strong>Rufo</strong></span> <span class='ocrx_word' id='word_1_267' title='bbox 370 1273 531 1322; x_wconf 87' lang='lat' dir='ltr'><strong>Ephefio,</strong></span> <span class='ocrx_word' id='word_1_268' title='bbox 559 1277 676 1318; x_wconf 82' lang='lat' dir='ltr'><strong>Aetio,</strong></span> <span class='ocrx_word' id='word_1_269' title='bbox 703 1275 796 1311; x_wconf 80' lang='lat' dir='ltr'><strong>Alex.</strong></span> <span class='ocrx_word' id='word_1_270' title='bbox 811 1274 1000 1318; x_wconf 57' lang='lat' dir='ltr'><strong>Tulliano,</strong></span> <span class='ocrx_word' id='word_1_271' title='bbox 1028 1274 1130 1310; x_wconf 86' lang='lat' dir='ltr'><strong>Paulo</strong></span> <span class='ocrx_word' id='word_1_272' title='bbox 1148 1276 1326 1322; x_wconf 78' lang='lat' dir='ltr'><strong>Aegineta,</strong></span> <span class='ocrx_word' id='word_1_273' title='bbox 1352 1275 1656 1318; x_wconf 47' lang='lat' dir='ltr'><strong>ACtuariosCorn.</strong></span> <span class='ocrx_word' id='word_1_274' title='bbox 1672 1272 1782 1311; x_wconf 90' lang='lat' dir='ltr'><strong>Celso.</strong></span> 
     </span>
     <span class='ocr_line' id='line_1_23' title="bbox 65 1324 1782 1375; baseline -0.001 -12"><span class='ocrx_word' id='word_1_275' title='bbox 65 1328 155 1363; x_wconf 88' lang='lat' dir='ltr'><strong>Cum</strong></span> <span class='ocrx_word' id='word_1_276' title='bbox 178 1325 277 1362; x_wconf 80' lang='lat' dir='ltr'><strong>latina</strong></span> <span class='ocrx_word' id='word_1_277' title='bbox 299 1328 574 1375; x_wconf 88' lang='lat' dir='ltr'><strong>interpretatione.</strong></span> <span class='ocrx_word' id='word_1_278' title='bbox 623 1328 740 1363; x_wconf 88' lang='lat' dir='ltr'><strong>Lexica</strong></span> <span class='ocrx_word' id='word_1_279' title='bbox 763 1325 831 1362; x_wconf 90' lang='lat' dir='ltr'><strong>duo</strong></span> <span class='ocrx_word' id='word_1_280' title='bbox 850 1328 884 1362; x_wconf 92' lang='lat' dir='ltr'><strong>in</strong></span> <span class='ocrx_word' id='word_1_281' title='bbox 899 1327 1139 1374; x_wconf 87' lang='lat' dir='ltr'><strong>Hippocratem</strong></span> <span class='ocrx_word' id='word_1_282' title='bbox 1160 1327 1238 1361; x_wconf 88' lang='lat' dir='ltr'><strong>huic</strong></span> <span class='ocrx_word' id='word_1_283' title='bbox 1251 1325 1385 1362; x_wconf 87' lang='lat' dir='ltr'><strong>editioni</strong></span> <span class='ocrx_word' id='word_1_284' title='bbox 1401 1327 1547 1375; x_wconf 85' lang='lat' dir='ltr'><strong>praefixa</strong></span> <span class='ocrx_word' id='word_1_285' title='bbox 1561 1324 1652 1370; x_wconf 78' lang='lat' dir='ltr'><strong>sunt,</strong></span> <span class='ocrx_word' id='word_1_286' title='bbox 1678 1339 1782 1363; x_wconf 87' lang='lat' dir='ltr'><strong>vnum</strong></span> 
     </span>
     <span class='ocr_line' id='line_1_24' title="bbox 64 1376 1781 1427; baseline -0.001 -11"><span class='ocrx_word' id='word_1_287' title='bbox 64 1377 230 1419; x_wconf 81' lang='lat' dir='ltr'><strong>Erotiani,</strong></span> <span class='ocrx_word' id='word_1_288' title='bbox 256 1389 440 1427; x_wconf 85' lang='lat' dir='ltr'><strong>numquam</strong></span> <span class='ocrx_word' id='word_1_289' title='bbox 456 1387 549 1413; x_wconf 88' lang='lat' dir='ltr'><strong>antea</strong></span> <span class='ocrx_word' id='word_1_290' title='bbox 562 1376 703 1421; x_wconf 85' lang='lat' dir='ltr'><strong>editum,</strong></span> <span class='ocrx_word' id='word_1_291' title='bbox 730 1378 870 1414; x_wconf 89' lang='lat' dir='ltr'><strong>alterum</strong></span> <span class='ocrx_word' id='word_1_292' title='bbox 886 1378 1022 1421; x_wconf 83' lang='lat' dir='ltr'><strong>Galeni,</strong></span> <span class='ocrx_word' id='word_1_293' title='bbox 1048 1377 1156 1413; x_wconf 89' lang='lat' dir='ltr'><strong>multo</strong></span> <span class='ocrx_word' id='word_1_294' title='bbox 1172 1377 1372 1414; x_wconf 87' lang='lat' dir='ltr'><strong>emendatius</strong></span> <span class='ocrx_word' id='word_1_295' title='bbox 1390 1391 1492 1427; x_wconf 87' lang='lat' dir='ltr'><strong>quam</strong></span> <span class='ocrx_word' id='word_1_296' title='bbox 1506 1388 1600 1414; x_wconf 89' lang='lat' dir='ltr'><strong>antea</strong></span> <span class='ocrx_word' id='word_1_297' title='bbox 1616 1376 1781 1415; x_wconf 84' lang='lat' dir='ltr'><strong>excusum.</strong></span> 
     </span>
     <span class='ocr_line' id='line_1_25' title="bbox 63 1427 1781 1478; baseline -0.001 -12"><span class='ocrx_word' id='word_1_298' title='bbox 63 1430 144 1466; x_wconf 83' lang='lat' dir='ltr'><strong>Exc.</strong></span> <span class='ocrx_word' id='word_1_299' title='bbox 162 1431 266 1465; x_wconf 90' lang='lat' dir='ltr'><strong>Henr.</strong></span> <span class='ocrx_word' id='word_1_300' title='bbox 281 1431 472 1478; x_wconf 81' lang='lat' dir='ltr'><strong>Stephanus.</strong></span> <span class='ocrx_word' id='word_1_301' title='bbox 497 1427 591 1465; x_wconf 84' lang='lat' dir='ltr'><strong>Paris.</strong></span> <span class='ocrx_word' id='word_1_302' title='bbox 609 1431 696 1475; x_wconf 87' lang='lat'><strong>1564.</strong></span> <span class='ocrx_word' id='word_1_303' title='bbox 710 1438 740 1470; x_wconf 84' lang='lat'><strong>8.</strong></span> <span class='ocrx_word' id='word_1_304' title='bbox 754 1433 770 1451; x_wconf 76' lang='lat'>⁸</span> <span class='ocrx_word' id='word_1_305' title='bbox 821 1428 932 1465; x_wconf 87' lang='lat' dir='ltr'><strong>Edidit</strong></span> <span class='ocrx_word' id='word_1_306' title='bbox 947 1429 1049 1464; x_wconf 83' lang='lat' dir='ltr'><strong>Henr.</strong></span> <span class='ocrx_word' id='word_1_307' title='bbox 1068 1429 1247 1474; x_wconf 79' lang='lat' dir='ltr'><strong>Stephanus</strong></span> <span class='ocrx_word' id='word_1_308' title='bbox 1270 1428 1386 1465; x_wconf 89' lang='lat' dir='ltr'><strong>Galeni</strong></span> <span class='ocrx_word' id='word_1_309' title='bbox 1412 1427 1604 1477; x_wconf 68' lang='lat' dir='ltr'><strong>glossarium</strong></span> <span class='ocrx_word' id='word_1_310' title='bbox 1626 1428 1781 1466; x_wconf 81' lang='lat' dir='ltr'><strong>emenda·</strong></span> 
     </span>
     <span class='ocr_line' id='line_1_26' title="bbox 65 1478 1781 1530; baseline 0 -14"><span class='ocrx_word' id='word_1_311' title='bbox 65 1483 146 1524; x_wconf 86' lang='lat' dir='ltr'><strong>tius,</strong></span> <span class='ocrx_word' id='word_1_312' title='bbox 172 1478 384 1517; x_wconf 85' lang='lat' dir='ltr'><strong>emendatum</strong></span> <span class='ocrx_word' id='word_1_313' title='bbox 405 1478 526 1517; x_wconf 90' lang='lat' dir='ltr'><strong>scilicet</strong></span> <span class='ocrx_word' id='word_1_314' title='bbox 550 1494 589 1517; x_wconf 88' lang='lat' dir='ltr'><strong>ex</strong></span> <span class='ocrx_word' id='word_1_315' title='bbox 610 1479 774 1517; x_wconf 84' lang='lat' dir='ltr'><strong>codicibus</strong></span> <span class='ocrx_word' id='word_1_316' title='bbox 794 1481 953 1517; x_wconf 84' lang='lat' dir='ltr'><strong>veteribus</strong></span> <span class='ocrx_word' id='word_1_317' title='bbox 975 1478 1082 1516; x_wconf 79' lang='lat' dir='ltr'><strong>studio</strong></span> <span class='ocrx_word' id='word_1_318' title='bbox 1104 1480 1196 1517; x_wconf 67' lang='lat' dir='ltr'><strong>Patr.</strong></span> <span class='ocrx_word' id='word_1_319' title='bbox 1215 1481 1319 1516; x_wconf 81' lang='lat' dir='ltr'><strong>Gillii.</strong></span> <span class='ocrx_word' id='word_1_320' title='bbox 1369 1479 1504 1517; x_wconf 86' lang='lat' dir='ltr'><strong>Addidit</strong></span> <span class='ocrx_word' id='word_1_321' title='bbox 1527 1482 1633 1517; x_wconf 89' lang='lat' dir='ltr'><strong>Henr.</strong></span> <span class='ocrx_word' id='word_1_322' title='bbox 1647 1481 1781 1530; x_wconf 87' lang='lat' dir='ltr'><strong>Stepha-</strong></span> 
     </span>
     <span class='ocr_line' id='line_1_27' title="bbox 65 1529 1780 1582; baseline -0.001 -14"><span class='ocrx_word' id='word_1_323' title='bbox 65 1545 126 1568; x_wconf 86' lang='lat' dir='ltr'><strong>nus</strong></span> <span class='ocrx_word' id='word_1_324' title='bbox 153 1529 392 1568; x_wconf 79' lang='lat' dir='ltr'><strong>obseruationes</strong></span> <span class='ocrx_word' id='word_1_325' title='bbox 413 1530 635 1581; x_wconf 88' lang='lat' dir='ltr'><strong>quorumdam</strong></span> <span class='ocrx_word' id='word_1_326' title='bbox 663 1533 876 1581; x_wconf 72' lang='lat' dir='ltr'><strong>Hippocratis</strong></span> <span class='ocrx_word' id='word_1_327' title='bbox 900 1531 1083 1574; x_wconf 68' lang='lat' dir='ltr'><strong>dictorum,</strong></span> <span class='ocrx_word' id='word_1_328' title='bbox 1121 1530 1160 1566; x_wconf 88' lang='lat' dir='ltr'><strong>ad</strong></span> <span class='ocrx_word' id='word_1_329' title='bbox 1184 1535 1249 1567; x_wconf 92' lang='lat' dir='ltr'><strong>eius</strong></span> <span class='ocrx_word' id='word_1_330' title='bbox 1269 1530 1438 1568; x_wconf 83' lang='lat' dir='ltr'><strong>saeculum·</strong></span> <span class='ocrx_word' id='word_1_331' title='bbox 1455 1532 1661 1582; x_wconf 83' lang='lat' dir='ltr'><strong>peculiariter</strong></span> <span class='ocrx_word' id='word_1_332' title='bbox 1683 1533 1780 1582; x_wconf 85' lang='lat' dir='ltr'><strong>perti-</strong></span> 
     </span>
     <span class='ocr_line' id='line_1_28' title="bbox 66 1581 1815 1633; baseline -0.001 -13"><span class='ocrx_word' id='word_1_333' title='bbox 66 1585 234 1627; x_wconf 79' lang='lat' dir='ltr'><strong>nentium,</strong></span> <span class='ocrx_word' id='word_1_334' title='bbox 259 1595 300 1618; x_wconf 85' lang='lat' dir='ltr'><strong>ex</strong></span> <span class='ocrx_word' id='word_1_335' title='bbox 315 1583 443 1620; x_wconf 76' lang='lat' dir='ltr'><strong>Galerio</strong></span> <span class='ocrx_word' id='word_1_336' title='bbox 464 1596 539 1632; x_wconf 86' lang='lat' dir='ltr'><strong>pag.</strong></span> <span class='ocrx_word' id='word_1_337' title='bbox 556 1592 605 1625; x_wconf 82' lang='lat'><strong>181</strong></span> <span class='ocrx_word' id='word_1_338' title='bbox 621 1582 666 1632; x_wconf 89' lang='lat' dir='ltr'><strong>sq.</strong></span> <span class='ocrx_word' id='word_1_339' title='bbox 692 1586 726 1618; x_wconf 89' lang='lat' dir='ltr'><strong>in</strong></span> <span class='ocrx_word' id='word_1_340' title='bbox 749 1583 865 1633; x_wconf 86' lang='lat' dir='ltr'><strong>quibus</strong></span> <span class='ocrx_word' id='word_1_341' title='bbox 881 1582 955 1618; x_wconf 86' lang='lat' dir='ltr'><strong>loca</strong></span> <span class='ocrx_word' id='word_1_342' title='bbox 977 1582 1018 1619; x_wconf 89' lang='lat' dir='ltr'><strong>de</strong></span> <span class='ocrx_word' id='word_1_343' title='bbox 1035 1581 1111 1618; x_wconf 84' lang='lat' dir='ltr'><strong>ssilo</strong></span> <span class='ocrx_word' id='word_1_344' title='bbox 1125 1585 1358 1633; x_wconf 88' lang='lat' dir='ltr'><strong>Hippocratis,</strong></span> <span class='ocrx_word' id='word_1_345' title='bbox 1382 1583 1578 1620; x_wconf 72' lang='lat' dir='ltr'><strong>delectione</strong></span> <span class='ocrx_word' id='word_1_346' title='bbox 1597 1586 1781 1633; x_wconf 79' lang='lat' dir='ltr'><strong>Hippocra-</strong></span> <span class='ocrx_word' id='word_1_347' title='bbox 1812 1594 1815 1596; x_wconf 88' lang='grc'><em>·</em></span> 
     </span>
     <span class='ocr_line' id='line_1_29' title="bbox 64 1633 1781 1684; baseline -0.001 -14"><span class='ocrx_word' id='word_1_348' title='bbox 64 1637 104 1670; x_wconf 80' lang='lat' dir='ltr'><strong>tis</strong></span> <span class='ocrx_word' id='word_1_349' title='bbox 125 1645 185 1670; x_wconf 90' lang='lat' dir='ltr'><strong>cet.</strong></span> <span class='ocrx_word' id='word_1_350' title='bbox 213 1648 252 1670; x_wconf 89' lang='lat' dir='ltr'><strong>ex</strong></span> <span class='ocrx_word' id='word_1_351' title='bbox 275 1634 403 1671; x_wconf 87' lang='lat' dir='ltr'><strong>Galeno</strong></span> <span class='ocrx_word' id='word_1_352' title='bbox 425 1634 569 1683; x_wconf 85' lang='lat' dir='ltr'><strong>collegit.</strong></span> <span class='ocrx_word' id='word_1_353' title='bbox 593 1656 640 1662; x_wconf 93' lang='lat'><strong>——</strong></span> <span class='ocrx_word' id='word_1_354' title='bbox 677 1636 800 1671; x_wconf 87' lang='lat' dir='ltr'><strong>Graece</strong></span> <span class='ocrx_word' id='word_1_355' title='bbox 823 1644 853 1670; x_wconf 91' lang='lat' dir='ltr'><strong>et</strong></span> <span class='ocrx_word' id='word_1_356' title='bbox 873 1634 974 1670; x_wconf 87' lang='lat' dir='ltr'><strong>latine</strong></span> <span class='ocrx_word' id='word_1_357' title='bbox 995 1633 1120 1684; x_wconf 89' lang='lat' dir='ltr'><strong>prodiit</strong></span> <span class='ocrx_word' id='word_1_358' title='bbox 1139 1637 1175 1670; x_wconf 89' lang='lat' dir='ltr'><strong>in</strong></span> <span class='ocrx_word' id='word_1_359' title='bbox 1197 1633 1272 1671; x_wconf 87' lang='lat' dir='ltr'><strong>edit.</strong></span> <span class='ocrx_word' id='word_1_360' title='bbox 1296 1636 1327 1671; x_wconf 84' lang='lat'><strong>1.</strong></span> <span class='ocrx_word' id='word_1_361' title='bbox 1345 1634 1388 1670; x_wconf 90' lang='lat' dir='ltr'><strong>G.</strong></span> <span class='ocrx_word' id='word_1_362' title='bbox 1406 1635 1467 1670; x_wconf 84' lang='lat' dir='ltr'><strong>Fr.</strong></span> <span class='ocrx_word' id='word_1_363' title='bbox 1482 1635 1639 1678; x_wconf 77' lang='lat' dir='ltr'><strong>Franzii‚</strong></span> <span class='ocrx_word' id='word_1_364' title='bbox 1665 1634 1781 1671; x_wconf 89' lang='lat' dir='ltr'><strong>titulo:</strong></span> 
     </span>
     <span class='ocr_line' id='line_1_30' title="bbox 64 1683 1780 1735; baseline -0.002 -12"><span class='ocrx_word' id='word_1_365' title='bbox 64 1687 231 1733; x_wconf 85' lang='lat' dir='ltr'><strong>Erotiani,</strong></span> <span class='ocrx_word' id='word_1_366' title='bbox 271 1685 388 1722; x_wconf 86' lang='lat' dir='ltr'><strong>Galeni</strong></span> <span class='ocrx_word' id='word_1_367' title='bbox 411 1696 443 1722; x_wconf 89' lang='lat' dir='ltr'><strong>et</strong></span> <span class='ocrx_word' id='word_1_368' title='bbox 464 1685 629 1722; x_wconf 90' lang='lat' dir='ltr'><strong>Herodoti</strong></span> <span class='ocrx_word' id='word_1_369' title='bbox 659 1683 812 1735; x_wconf 73' lang='lat' dir='ltr'><strong>glossaria</strong></span> <span class='ocrx_word' id='word_1_370' title='bbox 837 1688 871 1722; x_wconf 89' lang='lat' dir='ltr'><strong>in</strong></span> <span class='ocrx_word' id='word_1_371' title='bbox 898 1687 1139 1734; x_wconf 88' lang='lat' dir='ltr'><strong>Hippocratem</strong></span> <span class='ocrx_word' id='word_1_372' title='bbox 1168 1698 1210 1721; x_wconf 88' lang='lat' dir='ltr'><strong>ex</strong></span> <span class='ocrx_word' id='word_1_373' title='bbox 1241 1684 1428 1721; x_wconf 78' lang='lat' dir='ltr'><strong>recensione</strong></span> <span class='ocrx_word' id='word_1_374' title='bbox 1458 1687 1598 1722; x_wconf 89' lang='lat' dir='ltr'><strong>Henrici</strong></span> <span class='ocrx_word' id='word_1_375' title='bbox 1612 1687 1780 1735; x_wconf 81' lang='lat' dir='ltr'><strong>Stephani,</strong></span> 
     </span>
     <span class='ocr_line' id='line_1_31' title="bbox 64 1735 1780 1787; baseline 0 -14"><span class='ocrx_word' id='word_1_376' title='bbox 64 1750 179 1787; x_wconf 86' lang='lat' dir='ltr'><strong>graece</strong></span> <span class='ocrx_word' id='word_1_377' title='bbox 195 1747 227 1774; x_wconf 88' lang='lat' dir='ltr'><strong>et</strong></span> <span class='ocrx_word' id='word_1_378' title='bbox 240 1737 347 1774; x_wconf 87' lang='lat' dir='ltr'><strong>latine.</strong></span> <span class='ocrx_word' id='word_1_379' title='bbox 398 1735 605 1775; x_wconf 77' lang='lat' dir='ltr'><strong>Accefferunt</strong></span> <span class='ocrx_word' id='word_1_380' title='bbox 620 1735 866 1774; x_wconf 87' lang='lat' dir='ltr'><strong>emendationes</strong></span> <span class='ocrx_word' id='word_1_381' title='bbox 880 1738 985 1777; x_wconf 77' lang='lat' dir='ltr'><strong>Henr.</strong></span> <span class='ocrx_word' id='word_1_382' title='bbox 1001 1738 1174 1784; x_wconf 89' lang='lat' dir='ltr'><strong>Stephani,</strong></span> <span class='ocrx_word' id='word_1_383' title='bbox 1196 1736 1440 1774; x_wconf 82' lang='lat' dir='ltr'><strong>Bartholomaei</strong></span> <span class='ocrx_word' id='word_1_384' title='bbox 1458 1736 1642 1780; x_wconf 80' lang='lat' dir='ltr'><strong>Eustachii,</strong></span> <span class='ocrx_word' id='word_1_385' title='bbox 1666 1737 1780 1774; x_wconf 82' lang='lat' dir='ltr'><strong>Adria-</strong></span> 
     </span>
     <span class='ocr_line' id='line_1_32' title="bbox 63 1786 1781 1838; baseline -0.002 -12"><span class='ocrx_word' id='word_1_386' title='bbox 63 1792 98 1826; x_wconf 83' lang='lat' dir='ltr'><strong>ni</strong></span> <span class='ocrx_word' id='word_1_387' title='bbox 116 1791 293 1838; x_wconf 81' lang='lat' dir='ltr'><strong>Heringae.</strong></span> <span class='ocrx_word' id='word_1_388' title='bbox 345 1786 536 1836; x_wconf 70' lang='lat' dir='ltr'><strong>Recensust,</strong></span> <span class='ocrx_word' id='word_1_389' title='bbox 557 1791 747 1825; x_wconf 88' lang='lat' dir='ltr'><strong>varietatem</strong></span> <span class='ocrx_word' id='word_1_390' title='bbox 764 1788 913 1824; x_wconf 70' lang='lat' dir='ltr'><strong>ledlionis</strong></span> <span class='ocrx_word' id='word_1_391' title='bbox 933 1801 973 1824; x_wconf 88' lang='lat' dir='ltr'><strong>ex</strong></span> <span class='ocrx_word' id='word_1_392' title='bbox 988 1789 1086 1824; x_wconf 91' lang='lat' dir='ltr'><strong>MSS.</strong></span> <span class='ocrx_word' id='word_1_393' title='bbox 1100 1786 1197 1823; x_wconf 90' lang='lat' dir='ltr'><strong>codd.</strong></span> <span class='ocrx_word' id='word_1_394' title='bbox 1215 1788 1371 1824; x_wconf 87' lang='lat' dir='ltr'><strong>Doruillii</strong></span> <span class='ocrx_word' id='word_1_395' title='bbox 1391 1798 1423 1824; x_wconf 89' lang='lat' dir='ltr'><strong>et</strong></span> <span class='ocrx_word' id='word_1_396' title='bbox 1440 1787 1635 1836; x_wconf 84' lang='lat' dir='ltr'><strong>Mosquenfi</strong></span> <span class='ocrx_word' id='word_1_397' title='bbox 1655 1788 1781 1824; x_wconf 83' lang='lat' dir='ltr'><strong>addidit</strong></span> 
     </span>
     <span class='ocr_line' id='line_1_33' title="bbox 65 1837 1779 1893; baseline -0.001 -16"><span class='ocrx_word' id='word_1_398' title='bbox 65 1837 201 1893; x_wconf 53' lang='lat' dir='ltr'><strong>suasque</strong></span> <span class='ocrx_word' id='word_1_399' title='bbox 229 1839 525 1876; x_wconf 79' lang='lat' dir='ltr'><strong>animaduerfiones</strong></span> <span class='ocrx_word' id='word_1_400' title='bbox 545 1839 675 1876; x_wconf 72' lang='lat' dir='ltr'><strong>›adiecit</strong></span> <span class='ocrx_word' id='word_1_401' title='bbox 696 1843 746 1875; x_wconf 90' lang='lat' dir='ltr'><strong>Io.</strong></span> <span class='ocrx_word' id='word_1_402' title='bbox 765 1841 807 1875; x_wconf 86' lang='lat' dir='ltr'><strong>G.</strong></span> <span class='ocrx_word' id='word_1_403' title='bbox 824 1841 883 1875; x_wconf 84' lang='lat' dir='ltr'><strong>Fr.</strong></span> <span class='ocrx_word' id='word_1_404' title='bbox 899 1841 1076 1875; x_wconf 74' lang='lat' dir='ltr'><strong>Franzius.</strong></span> <span class='ocrx_word' id='word_1_405' title='bbox 1110 1837 1194 1888; x_wconf 80' lang='lat' dir='ltr'><strong>Lips.</strong></span> <span class='ocrx_word' id='word_1_406' title='bbox 1218 1847 1308 1883; x_wconf 84' lang='lat'><strong>1780.</strong></span> <span class='ocrx_word' id='word_1_407' title='bbox 1331 1845 1363 1878; x_wconf 88' lang='lat'><strong>8.</strong></span> <span class='ocrx_word' id='word_1_408' title='bbox 1376 1843 1398 1866; x_wconf 88' lang='grc'>*</span> <span class='ocrx_word' id='word_1_409' title='bbox 1437 1839 1565 1874; x_wconf 62' lang='grc' dir='ltr'><strong>63161ιί</strong></span> <span class='ocrx_word' id='word_1_410' title='bbox 1593 1839 1779 1887; x_wconf 84' lang='lat' dir='ltr'><strong>explanatio</strong></span> 
     </span>
     <span class='ocr_line' id='line_1_34' title="bbox 66 1888 1778 1940; baseline -0.001 -13"><span class='ocrx_word' id='word_1_411' title='bbox 66 1890 164 1928; x_wconf 83' lang='lat' dir='ltr'><strong>exstat</strong></span> <span class='ocrx_word' id='word_1_412' title='bbox 181 1891 224 1926; x_wconf 93' lang='lat' dir='ltr'><strong>ibi</strong></span> <span class='ocrx_word' id='word_1_413' title='bbox 241 1905 259 1925; x_wconf 87' lang='lat' dir='ltr'><strong>a</strong></span> <span class='ocrx_word' id='word_1_414' title='bbox 272 1903 348 1940; x_wconf 86' lang='lat' dir='ltr'><strong>pag.</strong></span> <span class='ocrx_word' id='word_1_415' title='bbox 363 1904 438 1934; x_wconf 80' lang='lat'><strong>400.</strong></span> <span class='ocrx_word' id='word_1_416' title='bbox 452 1891 491 1926; x_wconf 91' lang='lat' dir='ltr'><strong>ad</strong></span> <span class='ocrx_word' id='word_1_417' title='bbox 507 1904 581 1940; x_wconf 89' lang='lat' dir='ltr'><strong>pag.</strong></span> <span class='ocrx_word' id='word_1_418' title='bbox 598 1893 679 1926; x_wconf 84' lang='lat'><strong>600.</strong></span> <span class='ocrx_word' id='word_1_419' title='bbox 732 1890 869 1926; x_wconf 81' lang='lat' dir='ltr'><strong>Additae</strong></span> <span class='ocrx_word' id='word_1_420' title='bbox 888 1888 961 1926; x_wconf 88' lang='lat' dir='ltr'><strong>sunt</strong></span> <span class='ocrx_word' id='word_1_421' title='bbox 975 1893 1084 1926; x_wconf 88' lang='lat' dir='ltr'><strong>variae</strong></span> <span class='ocrx_word' id='word_1_422' title='bbox 1105 1890 1193 1926; x_wconf 67' lang='lat' dir='ltr'><strong>lectt.</strong></span> <span class='ocrx_word' id='word_1_423' title='bbox 1213 1902 1252 1925; x_wconf 89' lang='lat' dir='ltr'><strong>ex</strong></span> <span class='ocrx_word' id='word_1_424' title='bbox 1266 1891 1342 1926; x_wconf 88' lang='lat' dir='ltr'><strong>MS.</strong></span> <span class='ocrx_word' id='word_1_425' title='bbox 1357 1889 1513 1925; x_wconf 86' lang='lat' dir='ltr'><strong>Doruillii</strong></span> <span class='ocrx_word' id='word_1_426' title='bbox 1526 1898 1558 1925; x_wconf 88' lang='lat' dir='ltr'><strong>et</strong></span> <span class='ocrx_word' id='word_1_427' title='bbox 1572 1889 1778 1939; x_wconf 81' lang='lat' dir='ltr'><strong>Mosquenli,</strong></span> 
     </span>
     <span class='ocr_line' id='line_1_35' title="bbox 66 1938 1780 1990; baseline -0.001 -11"><span class='ocrx_word' id='word_1_428' title='bbox 66 1955 128 1979; x_wconf 86' lang='lat' dir='ltr'><strong>nec</strong></span> <span class='ocrx_word' id='word_1_429' title='bbox 147 1956 216 1978; x_wconf 89' lang='lat' dir='ltr'><strong>non</strong></span> <span class='ocrx_word' id='word_1_430' title='bbox 245 1954 283 1977; x_wconf 88' lang='lat' dir='ltr'><strong>ex</strong></span> <span class='ocrx_word' id='word_1_431' title='bbox 305 1940 382 1977; x_wconf 87' lang='lat' dir='ltr'><strong>edit.</strong></span> <span class='ocrx_word' id='word_1_432' title='bbox 404 1940 522 1977; x_wconf 80' lang='lat' dir='ltr'><strong>Aldina</strong></span> <span class='ocrx_word' id='word_1_433' title='bbox 541 1954 681 1989; x_wconf 88' lang='lat' dir='ltr'><strong>operum</strong></span> <span class='ocrx_word' id='word_1_434' title='bbox 705 1941 929 1990; x_wconf 86' lang='lat' dir='ltr'><strong>Hippocratis.</strong></span> <span class='ocrx_word' id='word_1_435' title='bbox 989 1940 1126 1976; x_wconf 87' lang='lat' dir='ltr'><strong>Additae</strong></span> <span class='ocrx_word' id='word_1_436' title='bbox 1148 1942 1248 1976; x_wconf 89' lang='lat' dir='ltr'><strong>etiam</strong></span> <span class='ocrx_word' id='word_1_437' title='bbox 1271 1938 1344 1975; x_wconf 91' lang='lat' dir='ltr'><strong>sunt</strong></span> <span class='ocrx_word' id='word_1_438' title='bbox 1363 1940 1431 1975; x_wconf 79' lang='lat' dir='ltr'><strong>lani</strong></span> <span class='ocrx_word' id='word_1_439' title='bbox 1448 1942 1602 1976; x_wconf 86' lang='lat' dir='ltr'><strong>Cornarii</strong></span> <span class='ocrx_word' id='word_1_440' title='bbox 1625 1940 1780 1978; x_wconf 87' lang='lat' dir='ltr'><strong>emenda-</strong></span> 
     </span>
     <span class='ocr_line' id='line_1_36' title="bbox 66 1989 1780 2042; baseline -0.003 -12"><span class='ocrx_word' id='word_1_441' title='bbox 66 1996 173 2030; x_wconf 78' lang='lat' dir='ltr'><strong>tiones</strong></span> <span class='ocrx_word' id='word_1_442' title='bbox 190 2003 222 2029; x_wconf 90' lang='lat' dir='ltr'><strong>et</strong></span> <span class='ocrx_word' id='word_1_443' title='bbox 234 1993 459 2035; x_wconf 65' lang='lat' dir='ltr'><strong>coniecturae,</strong></span> <span class='ocrx_word' id='word_1_444' title='bbox 485 2006 564 2042; x_wconf 88' lang='lat' dir='ltr'><strong>quas</strong></span> <span class='ocrx_word' id='word_1_445' title='bbox 587 1991 724 2028; x_wconf 82' lang='lat' dir='ltr'><strong>editioni</strong></span> <span class='ocrx_word' id='word_1_446' title='bbox 742 2005 875 2040; x_wconf 86' lang='lat' dir='ltr'><strong>graecae</strong></span> <span class='ocrx_word' id='word_1_447' title='bbox 889 1989 980 2026; x_wconf 82' lang='lat' dir='ltr'><strong>Bafil.</strong></span> <span class='ocrx_word' id='word_1_448' title='bbox 1004 2005 1088 2041; x_wconf 87' lang='lat' dir='ltr'><strong>quae</strong></span> <span class='ocrx_word' id='word_1_449' title='bbox 1109 1994 1142 2027; x_wconf 93' lang='lat' dir='ltr'><strong>in</strong></span> <span class='ocrx_word' id='word_1_450' title='bbox 1157 1991 1350 2027; x_wconf 83' lang='lat' dir='ltr'><strong>bibliotheca</strong></span> <span class='ocrx_word' id='word_1_451' title='bbox 1364 1990 1488 2027; x_wconf 77' lang='lat' dir='ltr'><strong>lenensi</strong></span> <span class='ocrx_word' id='word_1_452' title='bbox 1506 1989 1670 2035; x_wconf 87' lang='lat' dir='ltr'><strong>seruatur,</strong></span> <span class='ocrx_word' id='word_1_453' title='bbox 1696 1995 1780 2029; x_wconf 80' lang='lat' dir='ltr'><strong>Cor.</strong></span> 
     </span>
     <span class='ocr_line' id='line_1_37' title="bbox 66 2041 1778 2093; baseline -0.001 -11"><span class='ocrx_word' id='word_1_454' title='bbox 66 2047 174 2082; x_wconf 83' lang='lat' dir='ltr'><strong>narius</strong></span> <span class='ocrx_word' id='word_1_455' title='bbox 195 2041 422 2092; x_wconf 74' lang='lat' dir='ltr'><strong>adscripscrat,</strong></span> <span class='ocrx_word' id='word_1_456' title='bbox 454 2057 603 2093; x_wconf 87' lang='lat' dir='ltr'><strong>quosque</strong></span> <span class='ocrx_word' id='word_1_457' title='bbox 625 2043 679 2079; x_wconf 91' lang='lat' dir='ltr'><strong>Cl.</strong></span> <span class='ocrx_word' id='word_1_458' title='bbox 695 2044 860 2078; x_wconf 87' lang='lat' dir='ltr'><strong>Grunerus</strong></span> <span class='ocrx_word' id='word_1_459' title='bbox 881 2041 993 2091; x_wconf 81' lang='lat' dir='ltr'><strong>postea</strong></span> <span class='ocrx_word' id='word_1_460' title='bbox 1013 2041 1112 2078; x_wconf 89' lang='lat' dir='ltr'><strong>edidit</strong></span> <span class='ocrx_word' id='word_1_461' title='bbox 1133 2045 1166 2078; x_wconf 90' lang='lat' dir='ltr'><strong>in</strong></span> <span class='ocrx_word' id='word_1_462' title='bbox 1190 2044 1303 2091; x_wconf 86' lang='lat' dir='ltr'><strong>Progr.</strong></span> <span class='ocrx_word' id='word_1_463' title='bbox 1329 2041 1417 2078; x_wconf 87' lang='lat' dir='ltr'><strong>acad.</strong></span> <span class='ocrx_word' id='word_1_464' title='bbox 1432 2042 1569 2081; x_wconf 82' lang='lat' dir='ltr'><strong>1—1V.</strong></span> <span class='ocrx_word' id='word_1_465' title='bbox 1599 2045 1665 2080; x_wconf 90' lang='lat' dir='ltr'><strong>Ien.</strong></span> <span class='ocrx_word' id='word_1_466' title='bbox 1683 2052 1778 2090; x_wconf 83' lang='lat'><strong>1789.</strong></span> 
     </span>
     <span class='ocr_line' id='line_1_38' title="bbox 67 2092 1780 2144; baseline -0.001 -12"><span class='ocrx_word' id='word_1_467' title='bbox 67 2094 203 2132; x_wconf 78' lang='lat' dir='ltr'><strong>Addidit</strong></span> <span class='ocrx_word' id='word_1_468' title='bbox 223 2097 321 2131; x_wconf 87' lang='lat' dir='ltr'><strong>etiam</strong></span> <span class='ocrx_word' id='word_1_469' title='bbox 343 2092 421 2131; x_wconf 76' lang='lat' dir='ltr'><strong>obss.</strong></span> <span class='ocrx_word' id='word_1_470' title='bbox 442 2094 638 2144; x_wconf 85' lang='lat' dir='ltr'><strong>marginales</strong></span> <span class='ocrx_word' id='word_1_471' title='bbox 654 2107 693 2131; x_wconf 86' lang='lat' dir='ltr'><strong>ex</strong></span> <span class='ocrx_word' id='word_1_472' title='bbox 709 2094 810 2130; x_wconf 88' lang='lat' dir='ltr'><strong>latina</strong></span> <span class='ocrx_word' id='word_1_473' title='bbox 825 2097 990 2129; x_wconf 86' lang='lat' dir='ltr'><strong>luntarum</strong></span> <span class='ocrx_word' id='word_1_474' title='bbox 1007 2093 1166 2136; x_wconf 69' lang='lat' dir='ltr'><strong>editione,</strong></span> <span class='ocrx_word' id='word_1_475' title='bbox 1192 2103 1223 2130; x_wconf 85' lang='lat' dir='ltr'><strong>et</strong></span> <span class='ocrx_word' id='word_1_476' title='bbox 1237 2093 1386 2131; x_wconf 77' lang='lat' dir='ltr'><strong>Andreae</strong></span> <span class='ocrx_word' id='word_1_477' title='bbox 1401 2095 1569 2142; x_wconf 87' lang='lat' dir='ltr'><strong>Heringae</strong></span> <span class='ocrx_word' id='word_1_478' title='bbox 1584 2092 1780 2131; x_wconf 86' lang='lat' dir='ltr'><strong>obseruatio-</strong></span> 
     </span>
     <span class='ocr_line' id='line_1_39' title="bbox 69 2143 1777 2196; baseline -0.002 -12"><span class='ocrx_word' id='word_1_479' title='bbox 69 2160 135 2185; x_wconf 84' lang='lat' dir='ltr'><strong>nes.</strong></span> <span class='ocrx_word' id='word_1_480' title='bbox 187 2147 324 2182; x_wconf 73' lang='lat' dir='ltr'><strong>Latinae</strong></span> <span class='ocrx_word' id='word_1_481' title='bbox 351 2149 629 2196; x_wconf 84' lang='lat' dir='ltr'><strong>interpretationes</strong></span> <span class='ocrx_word' id='word_1_482' title='bbox 654 2144 725 2182; x_wconf 88' lang='lat' dir='ltr'><strong>sunt</strong></span> <span class='ocrx_word' id='word_1_483' title='bbox 747 2147 853 2181; x_wconf 80' lang='lat' dir='ltr'><strong>Marii</strong></span> <span class='ocrx_word' id='word_1_484' title='bbox 867 2145 1011 2186; x_wconf 66' lang='lat' dir='ltr'><strong>Maelii,</strong></span> <span class='ocrx_word' id='word_1_485' title='bbox 1035 2143 1270 2188; x_wconf 69' lang='lat' dir='ltr'><strong>Bruxdlenfis,</strong></span> <span class='ocrx_word' id='word_1_486' title='bbox 1296 2158 1401 2193; x_wconf 63' lang='lat' dir='ltr'><strong>&gt;quam</strong></span> <span class='ocrx_word' id='word_1_487' title='bbox 1424 2145 1537 2180; x_wconf 88' lang='lat' dir='ltr'><strong>multis</strong></span> <span class='ocrx_word' id='word_1_488' title='bbox 1560 2146 1642 2181; x_wconf 88' lang='lat' dir='ltr'><strong>locis</strong></span> <span class='ocrx_word' id='word_1_489' title='bbox 1669 2159 1777 2182; x_wconf 74' lang='lat' dir='ltr'><strong>emen-</strong></span> 
     </span>
     <span class='ocr_line' id='line_1_40' title="bbox 67 2195 1777 2246; baseline -0.002 -11"><span class='ocrx_word' id='word_1_490' title='bbox 67 2197 158 2235; x_wconf 75' lang='lat' dir='ltr'><strong>dauit</strong></span> <span class='ocrx_word' id='word_1_491' title='bbox 174 2197 378 2245; x_wconf 55' lang='lat' dir='ltr'><strong>Augustinus</strong></span> <span class='ocrx_word' id='word_1_492' title='bbox 395 2199 610 2234; x_wconf 75' lang='lat' dir='ltr'><strong>Gadaldinus.</strong></span> <span class='ocrx_word' id='word_1_493' title='bbox 662 2199 710 2233; x_wconf 85' lang='lat' dir='ltr'><strong>Ea</strong></span> <span class='ocrx_word' id='word_1_494' title='bbox 730 2197 850 2244; x_wconf 87' lang='lat' dir='ltr'><strong>legitur</strong></span> <span class='ocrx_word' id='word_1_495' title='bbox 872 2199 905 2231; x_wconf 92' lang='lat' dir='ltr'><strong>in</strong></span> <span class='ocrx_word' id='word_1_496' title='bbox 926 2195 1014 2232; x_wconf 88' lang='lat' dir='ltr'><strong>editt.</strong></span> <span class='ocrx_word' id='word_1_497' title='bbox 1037 2197 1186 2232; x_wconf 84' lang='lat' dir='ltr'><strong>luminis.</strong></span> <span class='ocrx_word' id='word_1_498' title='bbox 1212 2217 1262 2225; x_wconf 94' lang='lat'>—</span> <span class='ocrx_word' id='word_1_499' title='bbox 1287 2198 1361 2233; x_wconf 80' lang='lat' dir='ltr'><strong>Iani</strong></span> <span class='ocrx_word' id='word_1_500' title='bbox 1379 2197 1547 2238; x_wconf 64' lang='lat' dir='ltr'><strong>Coi-narii,</strong></span> <span class='ocrx_word' id='word_1_501' title='bbox 1574 2210 1657 2246; x_wconf 86' lang='lat' dir='ltr'><strong>quae</strong></span> <span class='ocrx_word' id='word_1_502' title='bbox 1677 2197 1720 2232; x_wconf 83' lang='lat' dir='ltr'><strong>est</strong></span> <span class='ocrx_word' id='word_1_503' title='bbox 1743 2200 1777 2232; x_wconf 89' lang='lat' dir='ltr'><strong>in</strong></span> 
     </span>
     <span class='ocr_line' id='line_1_41' title="bbox 70 2246 1777 2299; baseline -0.001 -13"><span class='ocrx_word' id='word_1_504' title='bbox 70 2248 146 2287; x_wconf 85' lang='lat' dir='ltr'><strong>edit.</strong></span> <span class='ocrx_word' id='word_1_505' title='bbox 175 2249 274 2296; x_wconf 77' lang='lat' dir='ltr'><strong>latina</strong></span> <span class='ocrx_word' id='word_1_506' title='bbox 300 2263 440 2299; x_wconf 91' lang='lat' dir='ltr'><strong>operum</strong></span> <span class='ocrx_word' id='word_1_507' title='bbox 474 2249 610 2291; x_wconf 87' lang='lat' dir='ltr'><strong>Galeni,</strong></span> <span class='ocrx_word' id='word_1_508' title='bbox 643 2251 711 2284; x_wconf 86' lang='lat' dir='ltr'><strong>Iani</strong></span> <span class='ocrx_word' id='word_1_509' title='bbox 730 2249 893 2284; x_wconf 87' lang='lat' dir='ltr'><strong>Cornarii.</strong></span> <span class='ocrx_word' id='word_1_510' title='bbox 928 2246 1019 2285; x_wconf 83' lang='lat' dir='ltr'><strong>Balil.</strong></span> <span class='ocrx_word' id='word_1_511' title='bbox 1042 2259 1126 2294; x_wconf 76' lang='lat'><strong>1549.</strong></span> <span class='ocrx_word' id='word_1_512' title='bbox 1149 2246 1210 2284; x_wconf 90' lang='lat' dir='ltr'><strong>fol.</strong></span> <span class='ocrx_word' id='word_1_513' title='bbox 1240 2267 1289 2276; x_wconf 79' lang='lat'><em>—</em></span> <span class='ocrx_word' id='word_1_514' title='bbox 1322 2249 1426 2283; x_wconf 85' lang='lat' dir='ltr'><strong>Marii</strong></span> <span class='ocrx_word' id='word_1_515' title='bbox 1444 2249 1569 2282; x_wconf 78' lang='lat' dir='ltr'><strong>Nizolii</strong></span> <span class='ocrx_word' id='word_1_516' title='bbox 1593 2246 1777 2284; x_wconf 76' lang='lat' dir='ltr'><strong>versionem</strong></span> 
     </span>
     <span class='ocr_line' id='line_1_42' title="bbox 69 2298 1777 2338; baseline -0.002 -1"><span class='ocrx_word' id='word_1_517' title='bbox 69 2300 329 2337; x_wconf 81' lang='lat' dir='ltr'><strong>emendatiorem</strong></span> <span class='ocrx_word' id='word_1_518' title='bbox 356 2302 502 2337; x_wconf 88' lang='lat' dir='ltr'><strong>exhibuit</strong></span> <span class='ocrx_word' id='word_1_519' title='bbox 525 2304 608 2338; x_wconf 87' lang='lat' dir='ltr'><strong>Ren.</strong></span> <span class='ocrx_word' id='word_1_520' title='bbox 624 2302 819 2336; x_wconf 89' lang='lat' dir='ltr'><strong>Charterius.</strong></span> <span class='ocrx_word' id='word_1_521' title='bbox 843 2320 895 2328; x_wconf 90' lang='lat'>-</span> <span class='ocrx_word' id='word_1_522' title='bbox 920 2301 1073 2334; x_wconf 89' lang='lat' dir='ltr'><strong>Cornarii</strong></span> <span class='ocrx_word' id='word_1_523' title='bbox 1093 2299 1276 2335; x_wconf 79' lang='lat' dir='ltr'><strong>versionem</strong></span> <span class='ocrx_word' id='word_1_524' title='bbox 1298 2298 1559 2335; x_wconf 87' lang='lat' dir='ltr'><strong>emendatiorem</strong></span> <span class='ocrx_word' id='word_1_525' title='bbox 1580 2299 1723 2334; x_wconf 87' lang='lat' dir='ltr'><strong>exhibuit</strong></span> <span class='ocrx_word' id='word_1_526' title='bbox 1742 2301 1777 2334; x_wconf 89' lang='lat' dir='ltr'><strong>in</strong></span> 
     </span>
     <span class='ocr_line' id='line_1_43' title="bbox 69 2347 1777 2400; baseline -0.001 -14"><span class='ocrx_word' id='word_1_527' title='bbox 69 2350 148 2389; x_wconf 86' lang='lat' dir='ltr'><strong>edit.</strong></span> <span class='ocrx_word' id='word_1_528' title='bbox 168 2352 365 2400; x_wconf 87' lang='lat' dir='ltr'><strong>graeco-lat.</strong></span> <span class='ocrx_word' id='word_1_529' title='bbox 389 2353 568 2388; x_wconf 57' lang='lat' dir='ltr'><strong>Francius.</strong></span> <span class='ocrx_word' id='word_1_530' title='bbox 603 2372 654 2379; x_wconf 91' lang='lat'><strong>—-</strong></span> <span class='ocrx_word' id='word_1_531' title='bbox 688 2350 738 2386; x_wconf 83' lang='lat' dir='ltr'><strong>Ad</strong></span> <span class='ocrx_word' id='word_1_532' title='bbox 769 2353 861 2386; x_wconf 85' lang='lat' dir='ltr'><strong>huius</strong></span> <span class='ocrx_word' id='word_1_533' title='bbox 887 2350 959 2385; x_wconf 89' lang='lat' dir='ltr'><strong>libri</strong></span> <span class='ocrx_word' id='word_1_534' title='bbox 982 2353 1279 2399; x_wconf 88' lang='lat' dir='ltr'><strong>interpretationem</strong></span> <span class='ocrx_word' id='word_1_535' title='bbox 1305 2348 1447 2386; x_wconf 86' lang='lat' dir='ltr'><strong>faciunt:</strong></span> <span class='ocrx_word' id='word_1_536' title='bbox 1485 2353 1612 2385; x_wconf 85' lang='lat' dir='ltr'><strong>Ottonis</strong></span> <span class='ocrx_word' id='word_1_537' title='bbox 1628 2347 1777 2385; x_wconf 82' lang='lat' dir='ltr'><strong>Brunfels</strong></span> 
     </span>
     <span class='ocr_line' id='line_1_44' title="bbox 70 2399 1776 2453; baseline -0.004 -12"><span class='ocrx_word' id='word_1_538' title='bbox 70 2402 231 2444; x_wconf 79' lang='lat' dir='ltr'><strong>onomast.</strong></span> <span class='ocrx_word' id='word_1_539' title='bbox 244 2402 360 2440; x_wconf 87' lang='lat' dir='ltr'><strong>medie.</strong></span> <span class='ocrx_word' id='word_1_540' title='bbox 375 2403 498 2440; x_wconf 68' lang='lat' dir='ltr'><strong>Amatis·</strong></span> <span class='ocrx_word' id='word_1_541' title='bbox 513 2405 613 2453; x_wconf 79' lang='lat' dir='ltr'><strong>Foefii</strong></span> <span class='ocrx_word' id='word_1_542' title='bbox 634 2405 832 2441; x_wconf 82' lang='lat' dir='ltr'><strong>oeconomia</strong></span> <span class='ocrx_word' id='word_1_543' title='bbox 847 2404 1075 2452; x_wconf 82' lang='lat' dir='ltr'><strong>Hippocratis,</strong></span> <span class='ocrx_word' id='word_1_544' title='bbox 1100 2402 1262 2452; x_wconf 86' lang='lat' dir='ltr'><strong>alphabeti</strong></span> <span class='ocrx_word' id='word_1_545' title='bbox 1281 2400 1362 2438; x_wconf 82' lang='lat' dir='ltr'><strong>serie</strong></span> <span class='ocrx_word' id='word_1_546' title='bbox 1383 2399 1526 2436; x_wconf 69' lang='lat' dir='ltr'><strong>distincta</strong></span> <span class='ocrx_word' id='word_1_547' title='bbox 1537 2427 1548 2445; x_wconf 93' lang='lat'><strong>,</strong></span> <span class='ocrx_word' id='word_1_548' title='bbox 1573 2399 1613 2437; x_wconf 84' lang='lat' dir='ltr'><strong>de</strong></span> <span class='ocrx_word' id='word_1_549' title='bbox 1631 2414 1694 2450; x_wconf 86' lang='lat' dir='ltr'><strong>qua</strong></span> <span class='ocrx_word' id='word_1_550' title='bbox 1712 2400 1776 2436; x_wconf 84' lang='lat' dir='ltr'><strong>vid.</strong></span> 
     </span>
    </p>

    <p class='ocr_par' dir='ltr' id='par_1_5' title="bbox 921 2454 1776 2499">
     <span class='ocr_line' id='line_1_45' title="bbox 921 2454 1776 2499; baseline -0.002 -10"><span class='ocrx_word' id='word_1_551' title='bbox 921 2454 980 2489; x_wconf 85' lang='lat' dir='ltr'><strong>lii</strong></span> <span class='ocrx_word' id='word_1_552' title='bbox 1005 2467 1024 2499; x_wconf 81' lang='lat'><em>3</em></span> <span class='ocrx_word' id='word_1_553' title='bbox 1716 2465 1776 2489; x_wconf 73' lang='lat' dir='ltr'><strong>nos</strong></span> 
     </span>
    </p>
   </div>
  </div>
 </body>
</html>
