2013 2725
347 158 545 198 Lib.1V..c.
558 156 670 192 XIX.
742 155 910 192 -GALENI
943 154 1211 192 MEDICINALI
1243 156 1452 193 SCIENTIA

206 176 270 212 392

207 272 313 308 ..0qu
341 255 471 305 prolixo
492 250 644 288 sermone
664 261 765 300 ‘atque
786 251 894 300 aliqua
919 250 1036 285 nebula
1063 247 1094 285 se
1115 250 1272 293 inuoluit,
1306 260 1337 286 et
1363 258 1509 285 veterum
1531 262 1746 287 monumenta
1767 265 1844 288 cum
1865 249 1928 288 sui·

216 316 256 346 ita
275 307 419 349 miscuit,
443 317 476 341 vt
494 315 524 340 et
544 317 626 352 quae
641 303 736 353 ipsius
753 301 830 344 fiat,
858 315 941 349 quae
965 302 1126 345 aliorum,
1153 316 1236 350 quae
1257 303 1403 338 hominis
1427 299 1490 335 siut
1513 312 1748 346 monumenta,
1775 317 1857 352 quae
1879 305 1931 340 be.

215 363 309 401 stiae,
333 373 402 395 non
417 357 603 405 distinguam
655 354 779 391 Eadem
796 357 894 390 etiam
909 356 942 388 in
959 354 1028 389 aliis
1043 354 1129 389 libris
1143 355 1237 389 aliter
1253 354 1366 394 tradit,
1394 351 1484 401 quod
1505 352 1581 388 iude
1597 353 1735 401 pendet,
1763 358 1931 404 quoniam,

217 427 298 463 quae
317 411 409 447 senex
424 408 595 447 scribebat,
625 407 781 454 politiora
798 416 906 443 erant,
930 415 1025 454 atque
1041 418 1080 440 ex
1095 408 1258 441 iteratiore
1276 402 1500 441 obseruatione
1515 418 1554 439 ac
1571 407 1797 454 experimento
1821 409 1932 454 petita,

211 478 323 514 neque
345 474 472 504 tamen,
500 462 656 509 propriae
674 457 781 495 laudis
805 458 1017 495 veliementer
1039 455 1213 501 studiosus,
1247 470 1332 506 quae
1359 458 1485 492 iuuenis
1511 453 1698 506 scripserat,
1729 459 1780 494 his
1803 457 1935 494 volebat

212 515 400 553 confutare.

313 589 453 628 Nullam
470 588 567 624 aliam
580 585 765 623 ¹medicinae
786 594 933 635 partem,
959 586 1094 622 medicis
1115 584 1173 622 suo
1195 599 1282 622 aeuo
1305 594 1441 627 notam,
1468 585 1623 620 intactam
1646 584 1787 633 reliquit.
1840 583 1935 619 Bota-

218 648 305 681 nices
322 641 378 679 etsl
392 645 500 676 minus
518 636 693 682 studiosus,
720 639 888 686 aliquanto
903 640 1072 686 pauciores
1091 638 1216 688 plantas
1228 664 1237 679 ,
1265 650 1363 688 quam
1387 634 1613 675 Dioscorides,
1640 634 1814 676 recensuit,
1841 633 1936 683 plura

219 709 331 734 tamen
345 704 375 730 et
392 692 544 728 animalia
558 691 670 731 habet,
698 699 730 725 et
749 694 890 724 mineras
914 689 1166 726 numerosiores.
1217 691 1256 725 In
1276 689 1401 737 reliqua
1425 691 1561 724 materia
1584 686 1727 729 medica,
1754 690 1852 736 inque
1875 687 1936 722 mi·

220 752 305 786 neris
322 744 406 790 misy
420 755 456 780 >et
468 755 552 779 terra
567 744 702 778 Lemnia
718 742 803 776 reste
819 739 1055 789 cognoscendis
1075 744 1247 791 proprium
1262 741 1411 777 laborem
1427 738 1546 789 posuit,
1572 742 1696 775 rariora
1712 751 1873 788 quaeque,
1894 732 1941 773 ad

220 797 451 838 medicinalem
465 798 636 830 materiam
649 795 855 843 pertinentia,
871 792 1023 841 collegit,
1048 804 1079 829 et
1094 795 1221 842 ingenti
1237 792 1390 830 mercede
1413 791 1590 834 conduxit,
1613 805 1632 828 a
1657 791 1775 841 quibus
1796 788 1939 827 medica.

216 862 414 890 mentorum
432 849 560 884 reelam
579 846 864 895 praeparationem
891 844 1060 894 acciperet.

324 926 534 962 Pharmaciae
550 919 853 970 fuitperitiffimus,
879 930 909 955 et
925 917 1246 968 ipse‘medieamenta
1266 919 1407 957 sollicita
1429 932 1506 956 cura
1525 917 1580 954 sua
1600 931 1700 955 manu
1722 918 1940 969 praeparauit,

221 979 316 1027 saepe
336 980 433 1013 etiam
454 975 543 1016 ruri,
569 982 601 1007 et
621 985 677 1019 per
693 974 847 1019 inopiam
868 982 1076 1020 receptorum
1098 972 1438 1012 medicamentorum,
1464 984 1552 1006 noua
1576 981 1607 1006 et
1628 969 1827 1019 simpliciora
1849 981 1942 1005 com·

225 1029 341 1082 posuit.
409 1030 514 1063 Porro
542 1022 866 1059 medicamentorum
889 1021 1203 1071 componendorum
1224 1033 1356 1065 artem,
1393 1022 1592 1065 invidetur,
1631 1020 1788 1072 exquifite
1820 1020 1940 1057 didicit.

218 1084 413 1122 ,Chemiaim
439 1075 593 1113 nondum
609 1078 793 1117 inuentam,
822 1076 929 1123 vtique
941 1077 1127 1123 ignorauit,
1151 1072 1246 1110 sensit
1266 1084 1389 1118 tamen,
1414 1073 1470 1110 sibi
1491 1071 1604 1110 deesse.

323 1158 421 1195 Felici
437 1155 632 1191 morborum
648 1154 816 1187 curatione
832 1149 1045 1199 diagnossque
1059 1153 1224 1188 exadlaac
1239 1149 1405 1199 praesagio
1428 1149 1615 1187 futurorum
1638 1159 1817 1186 euentuum
1840 1149 1944 1184 maxi-

228 1225 321 1249 mam
335 1212 466 1244 Romae
479 1205 621 1254 gloriam
634 1201 855 1252 consequutus
871 1202 934 1244 est,
962 1203 1142 1252 talemque,
1166 1213 1199 1238 vt
1211 1217 1289 1252 prae
1306 1204 1462 1238 omnibus
1479 1203 1547 1238 aliis
1563 1200 1701 1238 medicis
1714 1203 1849 1250 graeciS,
1874 1202 1942 1236 Ro-

228 1277 304 1301 mae
321 1259 378 1296 suo
395 1270 545 1306 tempore
559 1255 758 1303 degentibu3‚
776 1256 914 1289 maximi
930 1255 1101 1289 haberetur
1112 1253 1163 1301 ¹¹).
1214 1256 1378 1303 Sequutus
1391 1255 1449 1297 est,
1471 1268 1570 1302 quem
1586 1264 1617 1289 et
1634 1253 1814 1301 dogmatici
1829 1262 1860 1288 et
1876 1265 1946 1288 em·

230 1316 322 1366 pirici
345 1311 554 1350 neglexerant
577 1309 609 1341 in
633 1320 670 1341 ea
686 1305 887 1340 medicinalis
903 1305 1031 1341 artificii
1047 1316 1157 1355 parte,
1183 1307 1424 1355 Hippocratem
1450 1308 1481 1340 in
1504 1307 1697 1341 morborum
1720 1303 1944 1345 adnotatione,

231 1378 337 1413 neque
363 1350 473 1398 tamen
497 1364 528 1394 in
553 1359 748 1393 morborum
773 1356 929 1399 historiis,
952 1370 1031 1405 quas
1055 1355 1195 1405 scripsit,
1216 1358 1304 1393 adeo
1326 1355 1427 1392 solers
1451 1355 1512 1392 fuit
1526 1370 1706 1405 curansque
1723 1359 1821 1392 etiam
1837 1358 1946 1391 minu-

232 1416 430 1454 tissimorum
442 1441 452 1454 ,
478 1424 579 1459 quam
597 1411 833 1457 Hippocrates3
859 1408 1009 1457 deceptus·
1026 1408 1091 1444 fine
1110 1408 1211 1444 dubio
1227 1408 1409 1444 abditarum
1426 1407 1627 1450 caussarum,
1654 1420 1732 1457 quas
1754 1404 1946 1452 adfedlabag

231 1469 358 1510 studio,
385 1467 564 1511 animoque
581 1464 646 1496 eius
661 1474 718 1508 per
733 1459 764 1495 id
780 1464 861 1495 inter
881 1458 1023 1495 sedulam
1041 1458 1301 1496 obseruationem
1319 1471 1414 1509 atque
1432 1459 1472 1495 de
1496 1460 1612 1496 altiore
1634 1461 1762 1508 origine
1783 1468 1814 1494 et
1835 1457 1948 1494 indole

226 1521 340 1558 :morbi
355 1517 523 1554 ratiocinia
538 1510 654 1549 diuiso.
693 1512 818 1549 Multas
832 1510 1041 1548 'sanationum
1056 1513 1206 1548 historias
1222 1527 1240 1547 a
1254 1510 1285 1547 se
1300 1514 1506 1562 peractarum
1522 1509 1588 1562 ipse
1603 1513 1782 1555 manauit,
1808 1511 1950 1561 proban·

1890 1571 1949 1606 tes,

278 1666 315 1705 11)
335 1661 422 1694 Conf-
438 1660 575 1702 inprimis
589 1657 696 1689 Galerii
712 1656 820 1687 librum
847 1656 882 1686 de
899 1658 1070 1697 praenotio·
1112 1663 1187 1687 tom.
1204 1657 1255 1686 VI.
1298 1659 1342 1687 De
1357 1656 1433 1687 fama
1444 1680 1453 1693 ‚
1475 1667 1563 1699 quam
1588 1657 1620 1687 in
1635 1657 1808 1689 morborum
1824 1658 1950 1688 curatio-

236 1722 273 1741 ne
288 1708 324 1738 ad
339 1708 496 1748 Epigenem
507 1725 516 1738 ,
536 1704 567 1732 in
584 1712 642 1741 quo
658 1702 732 1729 mira
748 1699 892 1740 permulta
912 1700 947 1729 de
964 1709 1071 1729 euentu

235 1753 475 1794 praenotionum,
500 1756 516 1774 a
537 1744 565 1774 se
585 1744 746 1779 saetarum,
770 1751 893 1772 enarrat.
940 1744 1032 1772 Exstat
1049 1745 1072 1772 ie

235 1796 311 1826 liber
324 1795 354 1823 in
369 1800 440 1822 tom.
455 1790 539 1819 VIII.
556 1786 624 1817 edit.
639 1785 723 1816 Paris.
746 1797 773 1826 p.
793 1791 858 1821 829.
904 1785 969 1815 Vid.
985 1787 1072 1814 etiam

238 1837 341 1869 Galen.
356 1835 390 1864 de
407 1832 501 1863 crifib.
520 1829 586 1860 libr.
603 1832 624 1860 1.
641 1840 701 1870 cap.
719 1839 762 1858 20.
780 1838 807 1868 p.
822 1832 894 1866 406.
911 1829 1071 1858 tom.VIII.

240 1881 274 1911 de
290 1878 435 1909 different.
451 1874 525 1904 febr.
542 1872 609 1902 libr.
624 1874 645 1901 1.
660 1882 721 1912 cap.
739 1880 767 1908 7.
794 1882 822 1912 p.
841 1881 895 1905 ¹¹4-
917 1879 988 1900 tom.
1005 1872 1072 1900 VII.

238 1926 272 1955 In
288 1919 442 1965 praesagiis
461 1915 624 1947 formandis
645 1925 680 1943 ne
704 1924 756 1955 per
777 1922 869 1943 totam
889 1912 968 1943 suam
985 1915 1074 1942 vitam

238 1975 366 2007 vnquam
382 1951 542 1994 offendisse,
566 1968 618 2001 per
633 1956 709 1998 ipsos
728 1958 806 1986 Deos
820 1958 936 1986 testatur
952 1958 980 1985 in
997 1967 1074 1985 com-

240 2018 329 2040 ment.
347 2008 399 2038 111.
416 2007 446 2034 in
463 2005 605 2043 Hippocr.
628 2000 695 2031 libr.
713 2002 735 2031 1.
763 2000 797 2029 de
821 2000 916 2029 morb.
931 1998 1075 2037 vulgarib.

241 2059 311 2084 text.
331 2059 372 2086 17.
388 2057 451 2089 pag.
467 2055 516 2084 97.
532 2054 602 2074 tom.
619 2046 669 2075 lx.
714 2042 825 2073 Multos
841 2042 1022 2078 existimasse,
1048 2042 1075 2070 se

243 2095 364 2126 numine
381 2089 510 2131 quodam
526 2087 655 2117 afflatum
672 2086 771 2116 futura
788 2088 818 2115 in
835 2086 945 2115 morbis
963 2085 1076 2126 praedi-

243 2148 319 2172 cere,
334 2134 424 2166 refert
442 2134 472 2162 in
487 2138 642 2160 comment.
658 2132 707 2160 m.
723 2131 753 2158 in
769 2130 915 2170 prognost.
932 2130 1076 2168 Hippocr.

243 2188 313 2211 text.
336 2187 381 2213 37.
402 2186 465 2217 pag.
481 2177 543 2208 685.
567 2180 637 2202 tom.
655 2174 734 2202 v111.
770 2171 847 2201 conf.
872 2171 908 2201 de
929 2171 1076 2201 different.

243 2223 317 2255 febr.
334 2220 402 2251 libr.
419 2220 455 2248 II.
474 2227 535 2257 cap.
551 2224 578 2251 7.
594 2226 657 2255 pag.
673 2223 722 2250 ¹33-
738 2216 884 2246 tom.V11‚
907 2214 942 2243 de
958 2213 1076 2254 simplic.

245 2266 446 2296 medicament.
461 2258 588 2289 facultat.
606 2257 671 2287 libr.
689 2259 724 2287 X.
739 2267 799 2297 cap.
818 2267 844 2286 2.
861 2267 905 2287 nr.
922 2260 950 2287 6.
966 2267 993 2297 p.
1011 2266 1077 2294 279.

246 2317 319 2340 tom.
335 2306 414 2336 xm.
437 2303 473 2332 de
497 2301 552 2331 loc.
574 2299 678 2330 adfeet.
702 2299 769 2330 libr.
786 2301 821 2329 V.
845 2309 906 2340 cap.
922 2307 949 2335 7.
965 2307 989 2332 8.
1013 2309 1078 2339 pag.

246 2359 302 2388 493
317 2349 356 2390 sq.
379 2346 527 2377 tom.VII.
549 2343 655 2383 quibus
672 2342 812 2383 capitibus
828 2341 971 2382 permulta
988 2341 1022 2371 de
1036 2341 1080 2371 fe-

248 2395 377 2427 licitate,
401 2399 458 2430 qua
481 2389 511 2417 in
535 2385 688 2428 praesagiis
704 2385 768 2414 vsus
791 2385 842 2419 sit,
865 2384 964 2417 refert,
1010 2384 1078 2414 Vid.

249 2439 337 2468 etiam
358 2433 392 2464 de
415 2431 532 2462 sanitate
553 2429 659 2460 tuenda
689 2427 756 2460 libr.
772 2428 795 2458 1.
825 2436 885 2469 cap.
902 2433 925 2461 8,
949 2437 1015 2469 pag.
1031 2435 1078 2463 54.

1115 1701 1201 1729 nibus
1217 1698 1411 1741 consequutus
1426 1702 1484 1737 est,
1507 1701 1569 1731 vid.
1586 1701 1622 1730 de
1635 1700 1689 1730 loc.
1705 1701 1809 1732 adfec‘t.
1824 1700 1889 1731 libr.
1900 1701 1949 1730 lv.

1116 1754 1177 1783 cap.
1194 1754 1219 1772 z.
1250 1754 1314 1782 pag.
1332 1752 1399 1780 454.
1429 1751 1500 1773 tom.
1516 1746 1581 1773 VII.
1612 1744 1662 1773 vbi
1678 1743 1780 1780 refert,
1803 1755 1838 1774 ex
1854 1745 1950 1774 1berin

1117 1789 1224 1821 etiam,
1252 1785 1376 1819 celtica,
1398 1786 1477 1821 Asta,
1508 1787 1657 1820 Thracia,
1679 1785 1800 1827 aliisque
1822 1788 1952 1825 regioni·

1114 1829 1166 1858 bus
1183 1838 1236 1869 per
1256 1827 1390 1869 epistolas
1413 1837 1596 1866 aegrotantes
1618 1828 1773 1859 oculorum
1796 1829 1952 1860 suffusione

1115 1872 1151 1901 ab
1167 1882 1201 1900 eo
1215 1871 1423 1900 medicamenta
1438 1871 1560 1912 petiisse.
1606 1874 1672 1909 an
1694 1874 1808 1902 ratione
1823 1882 1896 1902 vero
1918 1874 1953 1902 in

1116 1913 1298 1944 medicinalis
1315 1913 1448 1943 scientiae
1464 1914 1557 1944 studio
1572 1915 1636 1943 vsus
1651 1915 1683 1944 fit
1694 1937 1703 1950 ‚
1727 1913 1901 1956 perspicitur
1915 1924 1951 1947 ex

1118 1956 1250 1986 methodi
1264 1956 1400 1986 medendi
1415 1955 1480 1987 libr.
1497 1958 1562 1988 VII.
1584 1968 1648 1998 cap.
1663 1967 1692 1993 4.
1707 1968 1735 1998 p.
1753 1966 1813 1996 157.
1829 1966 1900 1990 tom.
1914 1957 1952 1990 X.

1119 2000 1155 2029 de
1182 1999 1331 2040 composit.
1353 1999 1592 2031 medicamentor.
1613 2010 1667 2042 per
1689 2011 1796 2039 genera
1817 2000 1883 2030 libr.
1899 2002 1952 2032 111.
2009 2021 2013 2030 .

1120 2053 1180 2083 cap.
1197 2053 1222 2071 2.
1238 2053 1301 2083 pag.
1318 2052 1371 2080 7¹7
1389 2040 1418 2083 sq
1449 2051 1517 2073 tom.
1533 2044 1613 2075 xm.
1637 2043 1672 2073 de
1694 2042 1844 2074 succorum
1867 2044 1952 2074 boni·

1119 2093 1176 2116 tate
1197 2093 1226 2115 et
1248 2088 1323 2115 vitio
1344 2095 1405 2126 cap.
1423 2094 1446 2120 ς.
1468 2095 1532 2127 pag.
1546 2091 1610 2121 428.
1634 2094 1703 2116 tom.
1722 2089 1772 2117 VI.
1818 2087 1919 2117 Sanata
1934 2095 1953 2117 ι

1118 2130 1202 2166 graui
1223 2128 1329 2157 morbo
1359 2131 1482 2167 coniuge
1501 2129 1606 2159 Boethi
1626 2128 1750 2160 consulis
1768 2131 1794 2159 is
1814 2129 1952 2170 quadrin-

1120 2179 1223 2210 gentos
1239 2181 1343 2200 aureos
1359 2170 1395 2200 ad
1414 2181 1480 2200 eum
1502 2172 1593 2207 misit,
1615 2173 1754 2212 auxitque
1771 2171 1954 2202 medicorum

1121 2214 1275 2249 inuidiam,
1300 2213 1381 2252 quod
1394 2215 1416 2243 is
1433 2213 1567 2243 laudibus
1583 2225 1648 2243 eum
1665 2213 1829 2245 extolleret.
1872 2216 1952 2252 Quin

1122 2259 1208 2287 etiam
1234 2256 1294 2298 ipse
1316 2257 1463 2291 Boethus,
1498 2257 1743 2297 quemadmodum
1769 2265 1797 2287 et
1819 2259 1954 2294 Seuerus.

1121 2310 1209 2340 opera
1232 2310 1247 2329 a
1267 2299 1294 2329 se
1317 2301 1392 2336 gesta
1413 2299 1491 2329 haud
1512 2300 1689 2330 detrectabat
1709 2300 1838 2330 indicare
1853 2302 1954 2331 Marco

1122 2342 1242 2373 Aurelio
1268 2344 1431 2376 Antonino,
1476 2344 1625 2373 Romanae
1658 2343 1737 2373 vrbis
1774 2344 1954 2384 imperator-i.

1121 2386 1181 2416 vid.
1198 2385 1297 2461 {affin
1314 2384 1350 2415 de
1364 2393 1495 2426 praenot.
1510 2386 1546 2417 ad
1562 2388 1720 2429 Epigenem
1733 2396 1796 2428 cap.
1812 2391 1840 2422 Β.
1854 2397 1882 2429 p.
1891 2392 1954 2424 484.

1121 2436 1192 2460 tom.
1228 2431 1235 2440 '
1281 2451 1289 2459 .
