2049 2720
51 143 358 179 v01.1X-i>-74³P742
695 137 755 175 DE
783 137 940 188 inssvs
968 137 1134 177 sviDAS.
1412 135 1486 172 Lib.
1501 133 1548 172 V.
1569 135 1652 171 eX.
1705 142 1769 179 493

48 241 181 280 Nerua,
203 238 437 277 Romanorum
454 238 535 284 imp.
552 235 724 275 Ioannem,
746 233 1000 282 euangelissam,
1021 246 1059 269 ex
1077 234 1212 274 Patmo,
1239 243 1306 281 quo
1332 228 1493 280 relegatus
1512 238 1597 275 erat,
1630 239 1764 263 reuoca-

148 300 237 331 tum,
264 286 428 338 Ephesum
445 287 588 324 reduxit:
610 299 651 322 eo
667 296 816 334 tempore
832 287 874 331 ἵ),
899 299 967 335 quo
983 296 1014 322 et
1034 286 1312 321 Manichaeorum
1334 281 1460 332 dogma
1480 284 1514 316 in
1533 281 1643 317 lucem
1665 277 1764 328 prod·

149 344 206 387 iit,
238 344 374 378 Manete
401 339 546 376 haerefin
570 336 662 374 suam
683 348 792 388 aperte
816 337 964 373 docente.

47 394 227 432 Nestorius.
275 392 349 428 Post
376 395 548 428 Manetem
567 400 598 426 et
638 390 775 426 Paulum
810 399 841 425 et
868 389 1098 438 Apollinarem
1129 398 1160 424 et
1188 386 1415 424 Theodorum
1443 383 1554 434 prodit
1580 381 1764 421 Nestorius,

145 446 381 486 Germanicea,
409 446 524 488 Syriae
539 444 633 486 vrbe,
657 441 830 483 oriundus,
855 444 909 491 qui
929 439 1001 477 sede
1024 440 1127 477 CPol.
1150 451 1265 488 potus,
1306 452 1389 475 voce
1411 437 1553 474 duarum
1573 437 1607 471 iri
1629 431 1763 470 Christo

150 508 340 532 naturarum
363 496 453 531 malo
469 508 580 530 errore
601 493 714 530 abusus
730 494 791 534 est,
818 506 919 542 aeque
934 507 970 529 ac
988 493 1102 528 Paulus
1124 501 1154 526 et
1178 490 1400 531 Theodorus,
1432 505 1451 525 a
1467 489 1580 538 quibus
1610 497 1714 535 genus
1732 484 1764 526 Γ)

144 547 248 584 duxit.
302 548 392 582 Nam
416 546 501 582 filius
524 545 584 583 fuit
607 545 735 590 Cilicis,
763 545 970 593 (Theodori)
994 555 1026 580 et
1048 541 1250 580 Samosateni
1274 543 1395 590 (Pauli)
1418 554 1533 590 nepos.
1585 537 1659 576 Post
1677 538 1765 572 hunc

139 600 304 645 Eutyches
321 599 438 634 exstitit
458 609 519 634 etc.

44 650 181 692 Nestor,
204 649 427 691 Larandenlis,
450 665 468 686 e
483 651 605 696 Lycia,
631 660 730 699 poeta
760 651 887 699 epicus,
912 659 1004 697 pater
1024 657 1140 697 poetae
1167 643 1332 689 Pisandri,
1368 643 1432 681 suit
1458 641 1515 679 sub
1537 646 1617 690 imp.
1642 641 1766 685 Seuero

144 700 333 751 scripsitque
353 704 483 738 Iliadem
497 699 833 752 λειπογςοὶμμσιτον,
857 701 970 736 litteris
993 703 1085 736 certis
1109 709 1291 737 carentem,
1323 696 1456 746 perinde
1485 706 1519 730 vt
1546 688 1766 739 Tryphiodo-

144 766 198 789 rus
220 751 411 798 Odyffeam.
463 754 551 789 Nam
575 757 608 788 in
631 755 744 803 primo
767 754 852 789 libro
875 752 1005 788 nullum
1034 753 1195 800 reperitur
1217 766 1259 792 οι,
1287 752 1321 785 in
1341 747 1486 784 secundo
1505 745 1634 781 nullum
1658 740 1688 785 β
1705 750 1765 776 etc.

144 805 276 854 Scripsit
299 807 397 841 etiam
416 805 704 851 Metamorphosis,
729 814 761 840 vt
779 807 988 847 Parthenius,
1012 802 1192 844 Nicae'nfis,
1218 812 1249 837 et
1271 801 1343 837 alia.

42 857 240 905 Nicagoras,
265 855 428 899 Mnesaei,
452 859 603 903 rhetoris,
625 859 660 893 F.
686 857 905 898 Atheniensis,
929 855 1087 904 sophista,
1114 866 1263 903 tempore
1277 852 1437 900 Philippi,
1460 849 1517 897 [ff]
1535 851 1616 895 imP·
1634 840 1767 901 scripsit

145 911 228 944 vitas
244 909 398 944 clarorum
412 911 566 944 virorum.
617 909 673 943 De
693 909 886 955 Cleopatra,
911 921 990 956 quae
1001 908 1075 956 fuit
1101 909 1135 942 in
1157 906 1293 941 Troade.
1336 904 1543 943 Orationem,
1572 898 1714 933 habitam
1732 905 1766 927 in

145 960 311 1009 legatione
330 962 374 994 ad
395 961 601 1007 Philippum,
633 962 715 1009 imp.
1744 997 1751 1003 ⁶

16 1057 18 1059 ι
41 1010 226 1052 Nicander,
250 1013 460 1060 Xen‘ophanis
476 1014 509 1047 F.
533 1011 766 1059 Colophonius
788 1010 841 1047 vel
863 1010 1018 1052 Aetolus,
1055 1011 1310 1058 grammaticus,
1344 1015 1461 1056 poeta,
1495 1000 1660 1044 medicus,
1685 998 1766 1055 viiii(

143 1074 294 1112 tempore
317 1064 412 1098 Attali
437 1065 595 1104 iunioris,
620 1062 687 1099 fiue
709 1065 814 1098 vltimi
842 1063 1073 1102 Galatonieae‚
1107 1064 1158 1096 cui
1186 1073 1327 1107 regnum
1355 1056 1523 1093 adeintum
1544 1068 1563 1088 a
1592 1054 1766 1086 Romanis.

144 1113 274 1162 Scripsit
291 1117 452 1155 theriaca,
481 1115 752 1159 alexipharmaca,
774 1118 946 1162 georgica,
969 1114 1197 1164 ἑτεροιεμένων
1213 1113 1251 1146 de
1267 1111 1467 1157 corporibus,
1491 1109 1522 1141 in
1543 1105 1624 1138 alias
1636 1103 1766 1158 formos

142 1169 295 1206 mutatu,
326 1169 425 1201 libros
448 1167 495 1204 V.
536 1167 757 1202 Remediorum
792 1167 1021 1205 coffiffloncnu
1053 1162 1259 1210 prognostica
1293 1160 1450 1199 versibus,
1484 1171 1522 1193 ex
1553 1157 1764 1210 Hippocratss

143 1218 360 1266 prognosticis
385 1217 552 1252 translata:
579 1221 616 1252 de
636 1220 780 1252 omnibus
800 1219 938 1252 oraculis
957 1219 1054 1252 libros
1076 1218 1150 1251 III.
1178 1224 1209 1250 et
1229 1213 1291 1250 alia
1307 1212 1467 1261 plurima,
1492 1209 1638 1243 carmine
1659 1213 1765 1260 epico-

39 1269 219 1305 Nicanores
240 1279 301 1303 tres
320 1267 468 1304 suerunt:
496 1282 596 1308 viius,
631 1270 715 1305 filius
740 1269 885 1315 Balacri,
913 1269 1013 1310 alter,
1049 1269 1290 1306 Parmenionis,
1317 1265 1455 1309 tertius,
1490 1271 1609 1309 genere
1636 1257 1764 1303 Stagiri-

139 1331 190 1362 ta,
217 1323 306 1355 cuius
329 1322 481 1356 meminit
503 1320 689 1368 Hyperides
714 1324 862 1356 orati0ne
882 1323 918 1354 iri
942 1319 1216 1355 Demosthenem.

37 1371 184 1409 Nicanor
208 1373 365 1408 Hermiae
388 1373 423 1407 F.
449 1371 705 1414 Alexandrinus,
737 1374 974 1421 grammaticus
999 1371 1201 1419 temporibus
1215 1367 1394 1407 Hadriani,
1421 1368 1502 1411 imp.
1528 1374 1595 1410 quo
1616 1367 1767 1405 tempore

142 1436 174 1460 et
189 1425 410 1473 Hermippus,
432 1425 599 1468 Berytius,
622 1427 710 1460 vixit.
763 1423 893 1472 Scripsit
908 1423 984 1472 περὶ
999 1423 1144 1471 ς-ιγμῆς,
1172 1423 1208 1455 de
1223 1419 1350 1467 punfifis
1364 1417 1451 1463 apud
1468 1415 1655 1452 Homerum,
1679 1416 1708 1444 et
1731 1408 1767 1441 de

140 1476 338 1523 dfflrcntia,
363 1488 440 1522 quac
469 1477 539 1509 inde
568 1477 602 1510 in
618 1476 718 1523 finsu
748 1478 857 1511 oritur
865 1488 878 1515 ,¹
904 1478 939 1509 de
966 1472 1221 1520 interpunfl‘ione
1242 1475 1276 1507 in
1299 1482 1435 1519 genere,
1463 1470 1563 1504 libros
1588 1464 1627 1501 V
1626 1464 1656 1497 I·
1696 1459 1764 1496 ΗΟ·

141 1540 213 1562 rum
241 1529 456 1572 compendium
482 1528 565 1561 libro
594 1529 627 1563 I.
669 1527 724 1562 De
749 1527 881 1573 punffis
911 1527 1001 1574 apud
1025 1526 1271 1568 Callimachum,
1296 1533 1328 1558 et
1348 1522 1421 1557 alia.

37 1594 176 1631 Nicetas.
242 1596 347 1643 Supra
371 1597 401 1629 iu
419 1593 612 1634 Heraclide,
641 1596 758 1640 Lycio.

37 1663 256 1701 Nicochares‚
278 1659 482 1706 Philonidae‚
503 1663 643 1701 cornici,
668 1661 702 1696 F.
728 1658 950 1702 Atheniensis,
978 1660 1143 1699 comicus,
1171 1655 1312 1705 aequalis
1337 1651 1574 1711 Aristophanis.
1626 1648 1676 1682 Ex
1699 1646 1766 1680 eius

852 1707 862 1720 Ι

139 1711 257 1749 fabulis
274 1708 344 1746 sunt
363 1708 553 1761 Ἀμυμώνη,
581 1710 728 1758 Πέλοψ,
754 1717 961 1754 sanare-10⁶,
987 1710 1164 1761 Ἡρακλῆς
1179 1708 1322 1757 γαμῶν,
1347 1713 1508 1755 Χορηγος,
1531 1701 1668 1751 Κρῆτες,
1695 1691 1766 1734 Λοξ-

141 1780 258 1804 κωνες,
287 1761 446 1812 Ariminus,
477 1765 677 1811 Κένταυροι,
703 1759 961 1813 ΧειξοῪοὶ-τοςες.

38 1832 214 1873 Nicolaus,
247 1843 287 1866 ex
302 1832 414 1874 Myris
443 1832 582 1874 Lyciae,
614 1828 759 1865 feruidus
774 1827 1036 1864 Christianorum
1060 1836 1294 1876 propugnator
1314 1834 1346 1859 et
1365 1820 1530 1866 sacerdos,
1567 1820 1622 1868 qui
1644 1825 1767 1864 magna

137 1895 213 1918 cum
240 1880 361 1916 fiducia
384 1883 478 1916 DEO
497 1894 609 1930 preces
625 1880 808 1916 adhibebat.
861 1882 927 1915 Hic
955 1879 1037 1915 nihil
1061 1878 1195 1928 quidem
1219 1875 1359 1925 scripsit,
1386 1872 1441 1909 sed
1474 1876 1509 1908 in
1535 1868 1658 1906 somnis
1683 1870 1764 1915 imp.

140 1933 358 1970 Constantino
379 1932 504 1968 adstans
532 1942 593 1968 etc.

38 1987 214 2025 Nicolaitis,
246 1982 486 2025 Damascenus,
510 1987 634 2019 amicus
649 1993 679 2019 et
695 1980 866 2019 familiaris
883 1979 1047 2021 Herodis,
1070 1982 1154 2028 regis
1176 1979 1375 2016 ludaeorum
1397 1985 1429 2012 et
1451 1972 1586 2023 Augusti
1609 1967 1766 2011 Caesaris,

142 2039 198 2086 qui
222 2035 384 2084 placentas
411 2035 568 2077 mellitas,
602 2036 640 2071 ab
665 2049 705 2071 eo
729 2032 838 2069 missas
867 2034 1014 2068 Nicolaos
1045 2031 1245 2078 adpellabat:
1282 2026 1500 2079 philosophus
1531 2024 1766 2074 peripateticus,

140 2099 196 2124 aut
212 2087 405 2137 platonicus.
457 2086 586 2135 Scripsit
599 2086 760 2133 historiam
776 2085 981 2131 uniuerfizlcm
997 2084 1086 2118 libris
1101 2082 1254 2118 LXXX.
1277 2091 1341 2127 aut,
1357 2078 1532 2115 secuudum
1549 2077 1764 2114 Athenaeum,

140 2141 237 2177 CXL.
260 2138 334 2175 libr.
356 2149 428 2183 aut,
455 2140 605 2175 CXXIV.
626 2139 759 2175 audiore
787 2135 1151 2233 losepthQitemque
1179 2135 1217 2169 de
1246 2136 1314 2169 vita
1342 2139 1371 2167 et
1402 2131 1582 2167 educatione
1613 2126 1762 2213 Οὲςβπνίτ.

1023 2200 1075 2236 qq
1100 2198 1117 2230 3
1658 2188 1762 2213 atrem

81 2313 120 2355 q)
140 2311 290 2344 Videntur
306 2311 362 2341 hoc
385 2309 451 2341 loco
479 2309 556 2352 apud
580 2309 697 2341 Suiclam
713 2306 857 2340 nonnulla
881 2306 1026 2338 exeidifl‘e.
1070 2306 1150 2337 Nam
1170 2304 1413 2337 Manichaeorum
1431 2299 1522 2331 steine
1545 2299 1632 2336 origo
1654 2305 1671 2324 a
1685 2296 1761 2325 Ner-

214 2364 268 2385 vae
285 2363 379 2385 aetate
400 2363 515 2385 remota
533 2355 572 2384 est
589 2357 670 2384 annis
686 2352 811 2394 amplius
827 2355 965 2382 centeniu.

82 2421 118 2464 r)
145 2421 278 2463 intellige
301 2422 489 2462 dogmatum,
531 2431 592 2454 non
618 2420 874 2461 consanguinitatis
889 2418 1162 2462 propinquitatem..
1219 2455 1227 2460 ..
