2013 2725
200 143 262 173 204
364 129 436 165 Lib.
452 127 517 165 IV
516 155 524 165 .
540 139 562 163 c.
577 128 688 164 XIII.
791 127 1055 164 PLVTARCHI
1089 126 1335 164 EDITIONES

304 225 354 259 De
376 224 553 271 differentia
574 225 659 258 inter
672 222 777 258 odium
798 229 827 258 et
843 222 1014 262 inuidiam,
1039 235 1114 257 cum
1131 220 1331 262 Censorino,
1359 221 1478 256 cebete
1495 230 1553 256 etc.
1579 221 1634 257 lat.
1661 222 1727 259 sine
1743 223 1812 260 vllis
1828 227 1914 261 notis

200 278 402 323 typograph.
427 288 456 318 4.
483 295 532 303 —-
559 275 621 310 alia
643 274 761 316 editio,
789 275 958 310 Bononiae.
986 286 1072 320 1497.
1096 287 1127 318 4.
1161 272 1226 308 vid.
1244 274 1397 318 Foffium,
1424 274 1447 308 Ι.
1473 286 1545 321 pag.
1564 286 1610 318 511
1629 272 1698 323 sqq.
1742 278 1873 311 szzer
1889 278 1915 312 1.

200 339 276 377 pag.
295 338 364 370 234.
385 339 434 362 nr.
453 339 515 370 231.
547 347 599 354 —
632 329 780 376 inprimis
802 326 891 361 Audi
920 339 946 361 r.
973 323 1106 374 specim.
1130 324 1217 360 editt.
1242 325 1307 360 ital.
1328 321 1408 359 suec.
1426 325 1496 360 XV.
1527 338 1601 374 pag.
1619 339 1669 361 112
1686 326 1731 376 sq.
1753 348 1803 354 —
1836 331 1916 363 item

201 390 280 412 cum
297 378 365 413 aliis
380 376 491 428 opusc.
521 379 660 416 Venetiis
677 391 734 427 per
751 378 902 414 Bernard.
920 381 1086 414 Venetam
1103 375 1142 413 de
1159 375 1326 412 Vitalibus.
1353 390 1381 411 a.
1401 388 1489 421 1500.
1506 389 1535 420 4.
1562 379 1706 413 Panzer.
1723 381 1776 414 111.
1793 393 1824 428 p.
1840 391 1915 423 477.

200 443 251 466 nr.
267 432 369 473 2646„

299 513 491 549 Amatoriae
511 515 732 553 narrationes,
754 515 928 562 interprete
943 513 1070 561 Angelo
1088 511 1267 550 Politiano,
1295 509 1360 546 fine
1375 510 1397 545 l.
1414 520 1487 546 eta.
1516 510 1590 555 (nifi
1614 525 1686 560 pars
1710 512 1746 548 fit
1767 512 1918 549 Politiani

201 566 388 614 Operume>
415 576 510 614 atque
537 564 640 601 verfio
661 564 718 601 illa
739 566 817 601 inest
840 579 972 614 quoque
997 567 1031 600 in
1053 564 1200 600 Politiani
1225 566 1312 612 Opp.
1339 562 1485 597 Venetiis
1507 576 1556 611 ap.
1578 563 1651 599 Ald.
1668 567 1796 600 Manut.
1825 573 1917 609 ¹498·

200 614 262 652 fol.
285 636 335 643 —-
363 627 394 652 et
415 618 617 657 Florentiae,
642 630 743 666 opera
759 627 790 652 et
809 615 954 666 impensa
969 619 1070 652 Leon.
1087 615 1127 651 de
1146 617 1252 664 Arigis
1269 614 1309 650 de
1325 609 1511 650 Gesoriaco.
1538 626 1631 661 1499.
1647 613 1709 653 sol.
1737 615 1802 652 vid.
1816 617 1920 652 Mitu-

201 668 273 703 relli
293 667 368 722 adp.
388 681 464 718 pag.
482 681 537 713 373
552 667 598 717 sq.
624 678 655 704 et
670 669 805 715 Foffium
823 671 862 703 11.
880 682 956 717 pag.
973 681 1036 715 390
1051 665 1121 717 sqq.

304 752 359 787 De
380 751 486 787 liberis
510 752 698 792 educandis,
732 754 905 801 interprete
927 753 1097 794 Guarino,
1129 764 1204 787 cum
1222 752 1314 787 Petri
1330 750 1442 786 Paulli
1458 750 1498 785 V
1497 753 1612 798 ergerii
1632 764 1687 801 op.
1709 749 1749 787 de
1771 753 1922 800 ingenuis

202 803 370 845 moribus,
402 804 550 849 Xenoplz.
574 802 613 838 de
636 803 809 849 tyrannide
833 801 944 852 opusc.
972 819 990 839 a
1015 802 1188 840 Leonardo
1212 804 1324 838 Bruno
1349 804 1486 837 Aretino
1505 802 1559 838 lat.
1583 801 1690 845 verso,
1723 805 1841 853 Bafilio
1863 812 1921 839 etc.

202 854 345 891 Florent.
366 852 390 891 s.
408 869 437 890 a.
459 867 489 898 4.
517 875 565 882 —
592 853 659 890 vid.
676 854 768 889 Audi
796 868 825 891 r.
849 855 872 891 l.
896 868 922 891 c.
951 869 1025 905 pag.
1045 864 1118 899 380.
1136 864 1243 898 et424
1259 852 1302 904 sq.
1330 853 1418 889 aliud
1440 854 1629 903 exemplar,
1663 853 1684 890 s.
1707 869 1736 890 a.
1759 865 1790 890 et
1811 855 1833 891 l.
1869 852 1921 890 sed

202 919 372 941 mancum.
399 906 464 944 vid.
481 906 616 951 Fqffinm
630 900 669 942 1i.
689 919 762 954 pag.
780 915 840 950 782
856 917 886 942 et
901 914 966 949 831.
992 927 1045 933 —
1072 920 1149 942 cum
1168 907 1365 954 Hieronymo
1380 906 1420 940 de
1437 906 1551 941 officiis
1573 906 1752 941 liberorum
1770 916 1828 942 etc.
1854 903 1923 941 fine

203 956 227 992 l.
244 968 318 992 eta.
344 956 408 992 vid.
425 959 542 992 Goetz.
557 957 578 992 l.
601 970 627 991 e.
646 959 701 992 111.
717 970 792 1005 pag.
809 969 877 1002 409
896 956 940 1006 sq.
967 978 1018 985 -—
1045 960 1170 992 Brixiae
1192 964 1275 1002 1485.
1293 971 1321 1002 4.
1350 955 1415 991 vid.
1431 958 1592 991 Mitmwlli
1610 957 1748 1005 adpend.
1767 970 1840 1006 pag.
1853 968 1924 1001 473.

200 1007 394 1054 ‘Audiffredi
416 1006 498 1056 spec.
522 1007 594 1042 edd.
616 1006 683 1042 ital.
709 1017 767 1042 etc.
791 1021 866 1055 pag.
883 1017 940 1050 148
955 1018 985 1043 et
1003 1021 1060 1055 151.
1085 1028 1135 1035 —
1163 1021 1239 1043 cum
1256 1010 1437 1055 Vergerio‚
1465 1018 1497 1043 et
1514 1008 1633 1058 Basilio
1652 1007 1691 1044 de
1715 1008 1840 1045 liberal.
1861 1007 1923 1044 ssu-

171 1067 176 1075 '
201 1058 273 1094 diis.
299 1060 424 1094 Brixiae
440 1070 527 1106 1495.
555 1071 606 1107 ap.
622 1059 711 1094 Ana'i
740 1072 766 1095 r.
780 1059 801 1094 l.
816 1072 843 1094 e.
858 1072 933 1109 pag.
949 1071 1011 1103 172.

304 1154 359 1189 De
379 1154 524 1189 breuibus
545 1153 706 1188 clarorum
725 1156 885 1188 nominum
910 1155 995 1188 inter
1006 1153 1046 1200 se
1067 1155 1315 1189 contentionibus
1336 1167 1355 1190 a
1371 1154 1546 1190 Plutarcho
1566 1153 1712 1195 colleHis,
1739 1166 1758 1187 a
1774 1144 1923 1189 Guarino

203 1207 239 1240 in
257 1204 392 1239 latinum
416 1206 587 1253 conneifis‚
613 1218 670 1253 per
692 1206 857 1240 Boninum
879 1205 919 1240 de
942 1206 1085 1240 Boninis.
1111 1205 1247 1240 Brixiae
1263 1213 1348 1250 1485.
1367 1220 1398 1250 4.
1428 1204 1492 1241 vid.
1509 1207 1626 1241 Pinelli
1649 1206 1739 1242 catal.
1758 1207 1781 1244 1.
1803 1219 1836 1257 p.
1853 1217 1923 1250 237.

202 1268 252 1292 nr.
271 1267 348 1302 1353.
373 1264 405 1292 et
420 1256 603 1303 Andiffred.
624 1253 759 1306 specim.
782 1256 848 1293 ital.
868 1255 1004 1294 verfion.
1026 1255 1108 1293 saec.
1122 1258 1193 1292 XV.
1215 1270 1291 1306 pag.
1308 1261 1378 1302 146.

459 1376 740 1412 Editiones
789 1390 1023 1425 graecae,
1086 1385 1131 1413 et
1180 1377 1672 1426 graecolatinaer'fl).

304 1458 459 1504 Κέβητος
489 1458 608 1509 πίναξ.
656 1457 819 1500 naemei&
849 1461 896 1500 τέ
922 1456 1068 1509 μεγάλε
1096 1457 1202 1508 λέγος
1231 1482 1298 1497 —-.
1349 1458 1602 1512 Πλετοὶςχε
1635 1460 1731 1511 περὶ
1761 1455 1926 1499 noetiani

202 1509 392 1557 dalmatiis.
431 1513 649 1561 Ξενοφῶντος
668 1509 767 1563 ἱερῶν.
799 1525 927 1561 graece.
955 1511 1021 1547 fine
1044 1513 1065 1547 l.
1089 1522 1120 1547 et
1138 1527 1165 1548 a.
1197 1524 1295 1556 nota,
1321 1515 1355 1548 in
1377 1521 1408 1553 8.
1437 1525 1468 1549 at
1494 1511 1575 1548 saec.
1590 1515 1662 1548 XV.
1683 1522 1835 1556 exeunte,
1868 1521 1924 1547 aut

202 1563 326 1597 XV1m0
347 1560 548 1611 auspicante,
580 1563 700 1600 eodem
729 1565 932 1607 cliaraffire,
966 1577 1033 1613 quo
1056 1565 1188 1599 zachar.
1205 1564 1400 1612 Calliergius
1429 1568 1472 1600 vti
1501 1563 1641 1608 solebat,
1675 1566 1825 1606 Romae.
1856 1573 1923 1602 aut,

202 1613 293 1662 quod
314 1613 419 1663 placet
440 1616 591 1650 Panzero
606 1617 647 1650 V.
663 1617 701 1650 C.
719 1617 773 1650 111.
794 1629 871 1665 pag.
889 1629 963 1660 500.
992 1618 1147 1652 Veneriis.
1184 1617 1247 1652 vid.
1264 1617 1399 1662 Fofflum
1414 1618 1437 1651 1.
1453 1630 1528 1666 pag.
1543 1629 1614 1662 507.
1650 1616 1766 1652 Pinelli
1790 1613 1882 1652 catal.
1897 1616 1921 1650 1.

199 1678 275 1714 pag.
293 1678 361 1713 234.
386 1679 463 1702 cum
486 1677 565 1704 nota
586 1666 735 1703 Morelli.

303 1760 444 1795 Iunfflm
458 1758 653 1809 prodierunt
669 1763 837 1810 primurn:
858 1761 1022 1808 Opnfinla
1035 1762 1192 1807 (moralia
1206 1762 1269 1807 ⁴¹))
1285 1762 1472 1795 LXXXXII.
1486 1774 1535 1809 gr.
1555 1774 1631 1797 cura
1644 1772 1677 1797 et
1691 1761 1924 1801 emendatione

201 1810 364 1846 Demetrii
378 1812 508 1853 Ducere,
531 1812 703 1862 Cretersss;
732 1814 845 1861 quibus
867 1816 1084 1860 praemittitur
1108 1812 1181 1848 Aldi
1203 1815 1246 1847 Pii
1271 1813 1415 1847 Manutii
1439 1813 1526 1860 epist.
1579 1816 1616 1848 In
1638 1814 1745 1850 calce:
1773 1814 1921 1849 Venetiis

203 1864 234 1896 in
251 1862 377 1896 aedibus
394 1863 476 1897 Aldi
493 1869 523 1897 et
541 1863 692 1899 Andreae
706 1864 964 1910 Asulanisbceri.
994 1877 1039 1898 m.
1055 1866 1180 1899 Martio
1193 1864 1321 1900 MDIX.
1345 1866 1474 1910 (1509.)
1497 1861 1560 1902 fol.
1584 1863 1650 1902 vid.
1667 1865 1810 1900 Bandini
1828 1863 1920 1900 catal.

202 1911 300 1948 codd.
321 1926 372 1962 gr.
391 1914 514 1950 Medic.
533 1914 598 1949 vol.
614 1917 652 1950 ll.
676 1928 749 1962 pag.
767 1919 841 1961 506.
898 1918 935 1950 ln
955 1915 1100 1951 biblioth.
1124 1914 1269 1950 Leidenfi
1296 1914 1339 1950 est
1368 1915 1536 1962 exemplar
1562 1929 1637 1950 cum
1661 1917 1703 1951 V.
1720 1918 1759 1954 L.
1788 1925 1820 1951 et
1840 1928 1920 1952 con-

202 1966 333 2000 ietsturis
355 1966 477 2001 Donati
497 1966 646 2001 Ianoc'fii.
679 1987 730 1993 —
769 1966 870 2001 Aldus
898 1964 1052 2013 inscripsit
1075 1965 1148 2002 edit.
1173 1967 1294 2002 Iacobo
1316 1969 1509 2015 Antiquario
1531 1966 1701 2010 Perufino,
1733 1976 1765 2002 et
1783 1967 1919 2015 epistola

200 2017 246 2050 ita
269 2015 450 2051 clauditur:
486 2019 597 2052 Libuit
620 2017 682 2052 heic
701 2018 896 2065 stabiungeie
920 2019 1206 2068 hendecasyllabos,
1239 2030 1335 2067 quos,
1365 2030 1460 2064 quum
1482 2021 1553 2053 veni
1574 2021 1618 2054 ad
1637 2026 1666 2054 te
1690 2019 1918 2060 Mediolanum,

202 2066 359 2165 lusistifix
389 2075 542 2116 tempore,
568 2081 652 2115 prae
661 2070 790 2117 summo
809 2071 933 2118 gaudio
956 2072 1111 2106 aduentus
1132 2069 1251 2117 nostri,
1293 2077 1329 2105 vt
1343 2071 1474 2118 faciant
1496 2076 1525 2106 et
1543 2070 1813 2121 Vlzifidaemxmntui
1835 2083 1920 2108 amo-

198 2130 247 2153 νυ
266 2130 307 2153 no
336 2131 389 2154 ri:

1815 2199 1917 2233 'Aldus

241 2320 297 2359 pp)
333 2321 375 2350 De
401 2319 581 2354 editionibus
605 2321 738 2364 pluribus
766 2325 825 2354 iam
854 2324 972 2356 disserui
1002 2326 1031 2355 in
1129 2326 1186 2367 qq)
1206 2329 1245 2357 Vt
1266 2326 1397 2358 moralia
1418 2328 1499 2368 prius
1522 2326 1600 2357 edita
1625 2326 1706 2361 sunt,
1729 2326 1822 2368 quam'
1835 2327 1915 2357 vitae

199 2362 362 2394 introduct.
390 2366 421 2394 in
441 2365 505 2398 hist.
528 2368 561 2399 L.
584 2366 636 2398 Gr.
667 2377 741 2408 quae
769 2370 869 2399 omnia
897 2377 1030 2409 repetere
1083 2369 1254 2409 parandam
1285 2371 1318 2398 fic
1341 2371 1478 2410 pleraque
1499 2369 1621 2401 illorum
1641 2372 1730 2401 etiam
1749 2377 1816 2402 ante
1838 2371 1914 2402 vim

199 2404 280 2444 uolo.
1082 2411 1218 2453 scripfiss'e
1244 2414 1359 2446 ridetur
1381 2413 1559 2444 Plutarchus.
