2049 2720
38 113 157 144 vomv.
175 118 258 146 v-173
706 111 920 147 AMMONII
954 110 1076 146 VARII
1235 111 1309 147 Lib.
1323 110 1392 150 IV.
1407 125 1430 151 e.
1443 112 1591 149 XXIX.
1695 125 1750 161 7¹5

42 148 258 165 μ-

139 220 169 251 7.
194 206 413 248 Ammonius,
450 204 632 240 monachus
659 204 916 245 Alexandrinus,
951 207 1007 253 qui
1036 203 1078 239 ad
1106 204 1329 254 episcopatum
1354 221 1431 243 cum
1456 210 1538 243 trahi
1565 205 1596 244 se
1617 207 1750 251 videret,

39 272 151 298 aurem
171 257 228 293 fibi
241 260 441 305 amputauit,
465 256 540 291 telle
555 257 680 290 Socrate
699 259 752 291 lV.
771 269 819 299 23.
834 268 863 291 et
879 256 1023 290 Palladio
1041 259 1073 290 in
1095 258 1228 293 historia
1246 259 1394 294 Lausiaca
1416 272 1489 307 pag.
1506 272 1544 303 27
1565 257 1610 308 sq.
1662 262 1751 295 Huic

40 311 131 347 Guil.
147 310 274 344 camus
290 308 454 343 verisimili
471 305 599 356 prorsus
616 309 801 342 coniectura
824 309 932 342 tribuit
950 308 1115 342 historiam
1142 309 1182 344 de
1205 309 1369 345 excisione
1391 313 1634 346 monachorum
1658 325 1754 346 mon·

40 365 79 398 tis
99 363 185 397 Sinai
209 371 240 395 et
263 361 384 394 Raithu
409 374 438 394 a.
455 361 534 394 Chr.
547 371 614 402 377.
636 373 654 393 a
676 361 839 394 Saracenis
863 356 966 401 facta,
995 372 1094 407 quam
1114 374 1152 395 ex
1170 363 1376 408 Aegyptiaco
1394 360 1515 397 versam
1532 375 1647 410 graece
1666 377 1684 397 a
1702 365 1754 397 10-

39 414 149 449 hanne
165 409 310 460 quodam
330 412 538 459 presbytero,
564 423 640 444 cum
657 410 756 445 latina
771 409 918 445 versione
937 420 967 444 et
982 413 1067 444 notis
1082 411 1181 446 edidit
1194 414 1384 459 Fiancisitus
1401 412 1597 463 Comhefistus
1618 427 1657 449 ex
1679 413 1753 450 cod.

39 465 198 501 Mazarin.
215 473 247 497 et
261 464 490 509 Seguieriano‚
517 465 551 496 iu
575 463 653 497 actis
678 473 864 507 martyrum
887 464 1025 510 antiquis
1047 461 1140 497 Paris.
1157 466 1251 499 1660.
1271 472 1300 504 8.
1331 478 1405 513 pag.
1424 472 1596 507 88—132.
1624 466 1752 501 Fabric.

41 512 142 549 Conf.
166 511 271 555 infra,
303 513 359 550 lib.
374 515 414 547 V.
437 525 484 558 45.
512 512 577 548 vol.
593 515 630 548 X.
652 526 727 561 pag.
744 524 813 556 475.
848 514 903 548 IX.
927 525 1000 560 pag.
1019 525 1083 557 ¹25·
1114 535 1166 541 —
1198 513 1283 550 Cod.
1302 517 1441 551 Coislin.
1463 516 1545 551 olim
1565 518 1753 563 Seguerian.

38 567 112 601 CV.
145 564 219 600 cod.
245 565 476 599 CCLXXXlll.
509 575 541 599 et
566 564 639 599 cod.
662 566 825 599 CCCVII.
865 563 926 598 vid.
942 565 1166 610 Illonffarccon.
1188 566 1335 601 biblioth.
1361 567 1500 602 Coislin.
1522 569 1687 602 CLXXIX
1716 581 1754 603 ac

41 617 238 652 CCCXCIX
254 626 285 651 et
299 617 545 657 CCCCXXHI.
564 635 617 642 —-
641 614 738 650 codd.
755 616 862 650 DXlll
879 625 911 650 et
927 616 1140 651 MCLXXIX.
1156 619 1190 652 in
1206 617 1279 652 bibl.
1294 619 1385 666 publ.
1401 619 1560 667 Parisina.
1587 619 1688 654 Harl.

142 700 172 734 8.
205 692 522 733 AMMON1VS‚
547 693 802 740 grammaticuS‚
829 693 920 726 cuius
944 699 975 726 et
994 691 1157 735 Helladis,
1180 692 1292 729 itidem
1317 696 1546 742 grammatici,
1569 693 1755 730 auditorem

17 744 21 751 '
40 740 135 780 fuisse
148 740 198 785 se,
225 745 459 788 (Ammonium
477 755 554 779 vero
571 742 704 785 πιθήκε
719 744 830 778 Simiae
844 740 1074 788 sacerdotem‚)
1091 743 1220 779 testatur
1234 747 1379 780 Socrates
1400 745 1550 781 historiae
1573 745 1757 781 ecclesiasti-

40 808 96 832 cae
112 792 256 843 scriptor.
274 797 314 830 V.
331 799 376 831 16.
395 807 469 843 pag.
485 806 551 839 275-
567 795 635 830 edit,
644 797 810 843 *Mogunn
831 804 1002 843 narratque
1022 796 1216 831 Alexandria
1237 810 1293 832 eos
1320 795 1499 846 profugisse
1525 800 1558 832 in
1580 800 1672 844 graui
1695 797 1755 833 illo

42 846 198 888 tumultu,
211 848 266 894 qui
285 846 403 881 accidit
418 860 446 881 a.
462 847 541 881 Chr.
558 840 682 891 389.”‘')
709 846 751 880 ob
766 843 875 880 euersa
886 845 1069 881 Theodosii
1088 849 1168 896 imp.
1186 845 1266 882 iussu
1287 852 1493 884 ethnicorum
1511 849 1643 896 templa.
1695 850 1758 884 Ex.

41 897 102 933 stat
117 899 230 939 huius,
257 906 289 932 vt
303 894 466 944 suspicor,
492 899 664 932 Ammonii
678 898 754 947 περὶ
771 896 883 946 ἑμοίων
900 913 956 944 &9²1
972 893 1140 947 διαφέρων
1166 896 1289 948 λέξεων
1306 898 1382 944 ¹³⁶⁶),
1410 900 1476 935 siue
1500 900 1539 935 de
1561 900 1758 948 distinguen-

41 947 89 983 dis
107 948 272 984 vocabulis
286 947 430 985 adfinem
443 947 715 997 significationem
742 950 931 984 habentibus
953 950 1035 984 liber
1058 951 1152 986 lexici
1174 964 1269 986 more
1287 949 1489 1000 conscriptus
1506 950 1624 987 ordine
1645 951 1756 1000 alpha-

41 1000 158 1036 betico.
1480 1005 1484 1008 ’

143 1076 285 1123 [Codices
305 1079 392 1112 mssti
413 1078 446 1111 hi
469 1074 538 1111 fere
558 1073 641 1113 sunt.
694 1078 731 1111 In
753 1075 900 1112 biblioth.
919 1077 1045 1112 Veneta
1062 1077 1102 1112 D.
1119 1079 1226 1113 Marci
1249 1077 1322 1114 cod.
1338 1080 1468 1114 DCLII.
1499 1078 1664 1114 Ammonis
1680 1079 1758 1129 περὶ

43 1127 157 1178 ὅμοίων
181 1144 237 1176 »φη
260 1126 426 1178 διαφέρων
446 1126 568 1178 λέξεων
590 1141 688 1176 vsque
709 1127 748 1162 ad
772 1142 840 1163 voc.
858 1129 995 1170 Οἷκῆοις.
1022 1128 1084 1164 vid.
1104 1130 1144 1164 V
1142 1131 1277 1175 illoison.
1293 1129 1403 1165 anecd.
1421 1143 1469 1178 gr.
1490 1139 1570 1165 tom.
1590 1133 1628 1165 11.
1652 1144 1683 1177 p.
1700 1143 1759 1166 102

41 1188 73 1216 'et
93 1192 161 1225 149.
179 1200 227 1205 ——-
255 1180 361 1227 Paris]
378 1183 411 1214 in
427 1181 500 1215 bibl.
517 1179 604 1226 publ.
620 1182 655 1214 in
670 1177 766 1214 codd.
782 1181 986 1214 MMDCLH
1003 1190 1034 1214 et
1050 1182 1309 1215 MMDCLXIX.
1327 1192 1358 1215 at
1371 1183 1406 1215 in
1421 1179 1496 1216 cod.
1511 1182 1760 1217 MMDCLXU.

43 1228 105 1267 effe
129 1229 247 1265 dicitur
273 1230 382 1275 (catal.
400 1229 496 1265 codd.
515 1242 597 1266 torn.
616 1233 653 1265 11.
672 1243 745 1278 pag.
766 1233 850 1276 536.)
873 1233 1034 1275 anonymi
1059 1229 1099 1267 de
1120 1231 1277 1266 similibus
1302 1243 1331 1266 et
1353 1230 1575 1267 differentibus
1594 1231 1760 1268 vocabulis

41 1281 180 1319 libellus,
206 1281 245 1315 ab
258 1282 442 1316 AmmonIO
461 1292 491 1316 et
508 1282 696 1316 Ptolemaeo
715 1279 896 1316 Ascalonita
912 1280 1073 1322 diuersus,
1100 1286 1188 1317 cuius
1209 1294 1317 1318 tamen
1335 1296 1398 1332 ope
1414 1286 1613 1319 Ammonius
1627 1283 1760 1331 prodire

41 1331 137 1384 possit
157 1330 370 1368 emendatior.
424 1335 461 1367 In
481 1332 594 1367 eadem
620 1333 692 1367 bibl.
710 1331 755 1367 est
770 1334 903 1368 autf'rore
918 1335 1043 1369 Lahheo
1059 1337 1091 1368 in
1109 1347 1196 1369 noua
1212 1335 1286 1370 bibl.
1302 1337 1412 1370 Msst.
1430 1336 1545 1370 libror.
1564 1333 1655 1370 Paris.
1673 1337 1757 1378 1653.

42 1397 118 1434 pag.
133 1396 197 1427 ¹03-
221 1382 294 1418 cod.
311 1386 394 1419 MD.
418 1383 520 1432 (apud
539 1385 629 1419 Fabr.
650 1382 806 1432 scriptum
830 1395 915 1426 erat,
941 1384 1015 1420 cod.
1034 1387 1168 1433 XXIV.)
1200 1389 1385 1421 Ammonio
1405 1385 1445 1422 de
1463 1384 1626 1423 different.
1645 1385 1757 1422 adiun-

44 1437 114 1472 &us
132 1434 174 1470 est
193 1434 337 1470 eiusdem
360 1435 500 1470 auctoris
525 1435 649 1471 libellus
669 1434 710 1480 ¹¹¹)
736 1436 813 1485 περὶ
836 1434 1077 1486 οἰκυξολογίαις.
1124 1436 1284 1473 Eiusdem
1306 1437 1393 1472 tituli
1420 1437 1549 1473 libellus
1578 1449 1681 1473 mstus
1705 1451 1759 1472 au.

44 1489 134 1524 <flore
148 1488 284 1535 Polybio
300 1487 456 1522 Sardiano
474 1487 573 1523 exstat
587 1490 620 1524 in
637 1487 710 1523 bibl.
728 1491 817 1536 regia
831 1489 965 1524 Matrit.
989 1489 1064 1525 teste
1078 1491 1195 1525 Iriarto
1214 1492 1249 1525 in
1269 1490 1362 1526 catal.
1385 1488 1483 1527 codd.
1502 1502 1550 1538 gr.
1564 1492 1587 1527 1.
1607 1502 1682 1540 pag.
1697 1502 1759 1575 ΗΞ..

875 1542 904 1575 Χ
915 1553 934 1575 x
951 1553 1000 1576 xx
1026 1551 1044 1574 2
1665 1554 1729 1576 con
1748 1567 1758 1575 .

85 1639 137 1677 ἰὶί)
167 1639 208 1670 Ad
237 1640 313 1670 hunc
339 1650 446 1673 annum
470 1639 560 1671 refert
576 1641 700 1682 'quoque
728 1642 878 1672 Ammonii
921 1651 986 1672 cum
1015 1640 1211 1683 differentia,-
1243 1641 1324 1684 quod
1349 1650 1444 1674 tamen
1472 1642 1594 1685 paucula
1625 1643 1758 1684 quidem,

41 1690 166 1713 aetatem
186 1682 303 1713 Saxius
323 1686 354 1712 in
378 1685 484 1714 Onom.
503 1685 525 1714 Ι.
551 1694 577 1724 p.
595 1695 664 1720 449.
692 1685 878 1716 Valckenaer
918 1682 1021 1720 ἵμοια,
1044 1686 1120 1725 apud
1147 1689 1283 1726 antiquo·
1301 1687 1465 1726 promiscue
1483 1687 1636 1727 vsurpata,
1658 1697 1756 1716 recen-

43 1733 140 1757 tamen
156 1728 187 1755 in
203 1725 294 1765 praef.
311 1726 347 1754 ad
362 1725 439 1755 suam
456 1726 526 1756 edit.
552 1737 616 1766 pag.
634 1729 700 1756 XVI
715 1728 775 1768 sqq.
800 1727 878 1757 iudi·
920 1731 995 1758 tiore
1010 1736 1108 1757 autem
1130 1738 1205 1757 aeuo
1228 1728 1304 1758 male
1328 1729 1490 1770 disparata,
1513 1727 1608 1765 Κωφᾶς
1631 1736 1659 1759 et
1681 1731 1757 1764 ἔνεον,

0 1775 1 1799 1
45 1776 105 1803 eat,
128 1770 305 1805 argumentis
322 1768 386 1796 vsus
401 1768 550 1808 speciosis,
575 1772 761 1799 Ammonium
782 1781 876 1808 gram·
919 1769 1069 1810 περιμάξοι]
1085 1779 1112 1800 et
1125 1769 1264 1806 ἔκμοέξιη,
1287 1770 1407 1811 τύραννος
1421 1782 1450 1802 et
1463 1770 1614 1807 βασιλεὺς,
1638 1775 1758 1801 Ammo-

44 1813 238 1845 mancorum,
275 1811 324 1850 qui
348 1809 515 1850 supersunt,
553 1810 614 1840 fere
637 1813 877 1852 antiquissimum,
920 1815 985 1843 nius
1017 1813 1157 1845 ostendit3
1194 1814 1323 1843 accidisse
1351 1821 1433 1854 putat
1457 1814 1560 1845 Valck.
1584 1822 1615 1843 vt
1641 1813 1757 1843 librarii

44 1852 157 1883 sacculo
174 1854 237 1892 pos’t
254 1853 398 1881 Christum
420 1863 517 1881 natum
539 1855 653 1892 primo,
676 1854 725 1882 seu
750 1854 800 1884 sub
821 1858 877 1884 ini-
921 1857 1020 1896 postea
1034 1855 1134 1884 libello
1151 1855 1280 1885 facerent
1297 1856 1433 1892 titulum,
1457 1857 1518 1896 περὶ
1531 1854 1623 1891 ὅμοι’ων
1638 1856 1684 1893 affl*
1700 1853 1758 1884 διαι-

43 1898 120 1926 tium
134 1895 251 1924 secundi
268 1897 393 1923 maxime
410 1894 552 1924 floruisse:
570 1895 615 1923 sed
632 1897 799 1925 nouissimus
816 1897 876 1926 edi·
923 1896 1007 1936 φέρων
1028 1898 1130 1932 λέξεων.
1187 1898 1268 1926 Idem
1290 1909 1354 1938 pag.
1376 1901 1426 1929 IV.
1451 1900 1502 1928 fibi
1525 1899 1695 1938 persuadet,
1728 1904 1758 1929 et

44 1936 755 1978 tor-‚quimagnampraefationisValckenarianae
766 1947 876 1979 partem
919 1939 1084 1980 probabiles
1114 1939 1208 1969 adfert
1237 1943 1382 1977 rationes,
1425 1944 1613 1971 Ammonium
1639 1941 1756 1971 lexicon

45 1979 113 2010 suae
129 1979 247 2009 subiecit
264 1979 450 2019 praefationi,
473 1991 500 2020 p.
515 1982 591 2009 XLV
610 1980 646 2020 sq.
663 1989 691 2010 et
706 1992 734 2021 p.
753 1984 819 2012 XXI
834 1981 875 2022 sq.
921 1983 1002 2012 suurn
1018 1982 1208 2023 conscripsisse
1225 1979 1362 2019 ἄτακτον,
1386 1991 1431 2018 et,
1454 1995 1523 2024 quas
1543 1984 1647 2018 tradit,
1670 1983 1754 2013 diffe-

45 2022 112 2053 suae
129 2021 248 2063 praefat.
264 2021 390 2050 discedit>
403 2033 418 2051 a
437 2021 573 2052 sententia
589 2023 783 2054 Yalckenarii.
807 2024 875 2054 Vid.
921 2028 1026 2054 rentias
1050 2025 1209 2054 verborum
1231 2028 1260 2054 in
1284 2035 1374 2055 certas
1397 2029 1494 2067 potius
1519 2025 1672 2066 disparasse
1689 2025 1755 2055 clas-

47 2076 121 2106 quae
135 2064 228 2105 scripsi
251 2066 280 2093 in
306 2064 418 2094 Introd.
441 2067 470 2094 in
486 2066 548 2095 hist.
568 2067 600 2095 L.
616 2067 665 2095 Gr.
685 2077 750 2106 pag.
767 2072 818 2101 338
836 2066 876 2107 sq.
921 2067 974 2102 ses,
997 2077 1091 2107 neque
1109 2067 1198 2097 vllam
1211 2068 1341 2098 habuisse
1358 2069 1472 2099 ordinis
1485 2068 1650 2099 litterarum
1665 2071 1755 2100 ratio-

44 2110 181 2139 Ceterum
209 2107 244 2135 de
268 2106 331 2145 ipso
349 2109 523 2142 Ammonio,
547 2109 608 2136 eius
623 2118 712 2148 opere
733 2110 877 2149 huiusque
922 2121 999 2140 nem.
1023 2109 1115 2141 Harl.

46 2151 222 2181 editionibus
236 2148 366 2178 conferes
382 2149 575 2188 praefationes
595 2150 805 2186 Valchnarii,
827 2154 878 2191 qui

47 2194 124 2224 hune
145 2191 276 2221 libellum
298 2194 455 2221 Ammonio
480 2192 597 2231 copiose
622 2192 764 2232 d0&cque
784 2194 879 2223 vindi-
967 2194 1015 2231 m)
1046 2197 1130 2224 Hunc
1152 2194 1283 2224 libellum
1305 2206 1364 2225 non
1390 2195 1483 2226 solum
1511 2199 1670 2234 genuinum
1699 2196 1764 2230 esse.

47 2239 140 2271 cauit,
163 2245 247 2275 atque
265 2234 447 2263 recentissimi
463 2234 601 2268 editoris,
626 2234 771 2276 Clzmstplz.
791 2236 876 2267 Frid.
923 2239 1071 2266 Ammonis
1087 2248 1178 2277 opus,
1203 2238 1247 2266 sed
1265 2237 1383 2267 alteram
1407 2239 1497 2268 veluti
1519 2241 1605 2269 huius
1623 2241 1656 2269 de
1671 2240 1753 2269 diffe-

48 2279 210 2311 ,Annnoniss
239 2276 327 2307 Harl.
924 2283 1025 2309 rentiis
1049 2289 1101 2310 etc.
1135 2280 1264 2320 opusculi
1294 2291 1408 2321 partem
1438 2283 1631 2320 constituisse,
1660 2283 1753 2313 censet

92 2320 155 2350 hilm
178 2319 312 2349 Valcken.
330 2318 420 2358 praef.
439 2330 501 2360 pag.
518 2321 580 2349 XX.
599 2319 736 2348 credibile
751 2320 878 2357 videtur,
925 2322 1065 2355 Valcken.
1088 2323 1210 2364 praefat.
1231 2334 1296 2365 pag.
1313 2325 1393 2355 XVI.

0 2382 1 2394 ι
50 2365 236 2399 Αωωοιιὶυιιι
256 2361 379 2403 posuisse
402 2363 463 2402 περὶ
480 2360 609 2402 διαφόρων
631 2364 742 2402 λέξεων,
769 2364 805 2407 dc
826 2373 877 2406 yo-
