2049 2720
54 154 180 184 vohlv.
201 159 270 188 9-31
298 153 351 188 M.
377 151 609 188 ANTON1N1
633 150 781 186 VERSS.
808 149 1109 185 VERNACVLAE
1137 152 1205 188 Lib.
1218 150 1291 187 IV.
1304 163 1327 186 c.
1339 149 1429 185 XX.
1443 150 1499 195 (ol.
1511 150 1681 198 XXIII.)
1712 163 1764 198 513

151 248 296 294 (Gallica
328 247 427 296 veofio
451 247 503 284 M.
523 246 686 282 Antonini
709 257 771 291 per
791 245 823 280 S.
846 245 888 280 B.
907 257 948 279 ex
969 245 1143 291 Hispanico
1157 244 1250 291 faHa
1276 245 1383 293 Paris:
1402 257 1472 290 1573.
1491 254 1568 290 1588.
1587 253 1617 287 8.
1640 260 1701 282 non
1721 248 1765 297 est

50 303 202 337 librorum
217 302 430 346 imperatoris,
447 300 484 334 de
497 301 610 346 quibus
626 298 776 334 haetenus
790 299 876 337 dixi,
894 297 956 345 sed
966 297 1142 344 Horologii
1155 299 1349 342 principum,
1366 298 1518 345 quodsub
1535 300 1645 334 Marci
1659 300 1763 336 Anto.

50 354 117 388 nini
137 354 260 387 nomine
276 352 407 401 scripsit
424 351 590 386 Antonius
609 351 645 385 de
662 350 834 385 Guevarra
849 347 896 392 ιω)
918 350 1042 394 (Relox
1061 349 1100 383 de
1115 350 1277 393 Principes
1293 361 1312 382 o
1327 350 1440 384 Marco
1456 349 1616 397 Aurelio)
1639 351 1768 389 editum

50 403 222 450 Hispanice
236 404 367 439 Pinciae
385 414 459 447 ¹5²9·
487 403 613 450 Hispali
629 414 704 446 1532.
729 408 798 437 tum
816 401 927 443 italice,
951 402 1124 446 interprete
1149 401 1194 435 M
1200 402 1327 435 ambri
1333 412 1379 434 no
1405 401 1462 435 Ro
1462 402 1495 448 s
1483 401 1516 448 s
1514 413 1565 440 eo,
1591 414 1620 437 a.
1638 411 1715 447 1548.
1733 412 1765 446 8.

54 455 168 492 Venaet.
192 455 295 501 [1562.
313 466 342 497 4.
359 453 399 489 de
415 467 478 500 qua
497 464 528 489 et
542 453 675 502 reliquis
691 453 818 488 italicae
833 450 987 488 verfionis
1004 451 1092 487 editt.
1118 450 1182 486 vid.
1200 452 1332 486 Paitoni
1347 452 1469 488 bibliot.
1485 462 1543 488 etc.
1561 453 1584 487 1.
1600 466 1629 501 p.
1643 467 1701 498 ¹40
1719 453 1783 504 sq..-

52 516 84 543 et
105 503 188 541 infra
212 505 252 541 de
272 505 337 541 ital.
359 504 514 551 version]
541 514 611 550 1581.
628 517 658 549 4.
680 511 712 540 et
733 505 830 539 latine
845 516 914 539 cum
934 506 1154 539 commentario
1168 503 1235 538 Iob.
1254 503 1435 543 Wankelli,
1470 504 1597 551 Torgae
1613 508 1686 543 1601.
1704 504 1767 543 fol.

50 558 173 607 Lipsiae
193 559 267 592 1606.
292 560 361 602 1615.
388 560 471 600 1624.
496 561 571 602 1632.
606 557 735 605 Torgae
753 558 824 591 1611.
852 556 985 591 Craton.
1001 560 1070 599 1615.
1086 568 1116 600 4.
1140 555 1293 602 Francos.
1311 557 1393 598 1664.
1414 561 1445 590 et
1466 556 1588 603 anglice
1603 569 1666 603 per
1686 559 1768 594 Tho.

50 608 173 646 North.
197 608 303 645 Lond.
321 611 392 653 1619.
408 621 440 652 4.
469 616 506 644 vt
527 611 618 644 binas
631 610 829 656 germanicas
849 609 999 657 versiones
1021 614 1050 642 et
1069 608 1202 642 alteram
1215 607 1364 654 gallicam
1376 609 1602 653 praeteream.)

152 677 349 724 [Hispanico.
398 675 500 711 Vidas
518 673 669 725 seguense
690 678 802 711 ciertas
821 685 923 710 cartas
937 673 990 710 del
1009 671 1140 710 mismo.
1168 675 1315 710 Ambers.
1333 676 1428 718 1604.
1444 686 1490 710 12.
1514 676 1566 720 (in
1583 675 1675 712 catal.
1692 676 1769 714 bibl.

48 727 258 772 Barberinae‚
285 738 366 764 tom.
383 729 407 763 I.
425 741 498 777 pag.
517 730 579 773 56.)
605 747 653 754 -
680 740 740 776 per
761 728 810 762 D.
827 727 928 774 Hyac.
948 727 1039 762 Diaz
1056 727 1095 761 de
1111 727 1279 761 Miranda.
1307 725 1440 762 Madrit.
1458 727 1560 773 1785]

150 796 299 842 [Italicas
314 793 476 830 versiones
493 792 625 844 copiose
639 792 839 843 persequitur
854 795 988 829 Paitoni
1003 796 1036 829 in
1051 794 1131 829 Bibl.
1147 793 1236 842 degli
1254 793 1619 842 Autori-volgarizzati‚
1647 804 1728 832 tom.
1745 797 1770 832 1.

50 858 126 896 pag.
142 850 196 891 136
213 845 280 897 sqq.
307 860 386 895 quas
401 849 510 896 paucis
527 844 677 882 reseram.
730 847 806 881 Vita
823 845 855 880 di
870 847 922 881 M.
940 846 1076 880 Aurelio
1093 844 1324 893 Imperadore‚
1346 858 1412 880 con
1430 846 1461 882 le
1482 844 1545 880 alte
1559 855 1591 881 et
1602 845 1772 894 profonde

49 896 107 934 sue
125 895 292 940 sentenze,
319 899 454 934 notabili
472 899 683 940 documenti,
709 897 908 932 ammirabili
928 895 1090 945 essempli,
1118 907 1148 932 et
1171 896 1326 932 lodevole
1347 910 1467 932 norma
1481 895 1514 931 di
1531 899 1650 932 vivere.
1701 902 1772 935 No.

51 959 204 986 vamente
224 947 364 985 tradotta
385 948 418 984 di
439 950 632 998 Spagnuolo
649 952 793 996 (Anton.
810 947 851 983 de
869 949 1052 993 Guevarra)
1074 951 1108 983 in
1130 948 1245 996 lingua
1262 946 1419 984 Toscana
1432 961 1491 998 per
1504 949 1689 984 Mambrino
1703 951 1772 986 Ro.

44 1000 98 1048 seo
115 1003 155 1036 da
170 1002 342 1039 Fabi-iano,
369 1003 485 1037 Venet.
510 1013 593 1047 1543.
610 1008 640 1041 8.
668 1011 752 1045 1544.
771 1009 801 1041 8.
826 1001 955 1035 Romae
971 1011 1059 1044 ¹74²·
1075 1011 1105 1042 4.
1130 1021 1181 1027 —
1209 1002 1301 1040 Vita,
1326 1000 1424 1047 gesti,
1451 998 1599 1042 0011111111,
1627 999 1770 1043 discessi,

21 1084 26 1086 .
52 1050 165 1088 lettere
183 1052 216 1087 di
238 1055 286 1088 M.
304 1056 382 1087 Aur.
399 1056 518 1100 imper.
546 1071 598 1079 —-
626 1054 701 1087 Con
723 1052 754 1087 la
775 1054 889 1099 gionta
912 1050 946 1085 di
966 1050 1157 1087 moltissime
1177 1049 1270 1091 cose,
1295 1053 1356 1086 che
1373 1064 1414 1086 ne
1436 1050 1471 1086 lo
1486 1052 1679 1099 Spagnuolo
1698 1067 1771 1091 non

53 1115 172 1146 erano,
198 1117 216 1139 e
233 1103 274 1139 de
294 1102 326 1140 le
345 1101 419 1140 cose
437 1102 647 1153 Spagnuole‚
673 1104 733 1138 che
751 1115 955 1138 mancavano
977 1106 1010 1137 in
1033 1102 1064 1137 la
1084 1101 1280 1137 tradottione
1302 1102 1454 1145 italiana,
1476 1105 1550 1150 (per
1567 1103 1666 1139 faust.
1684 1106 1773 1141 Lon.

51 1157 215 1204 gianum.)
243 1158 356 1192 Venet.
374 1168 459 1200 1544.
485 1175 530 1182 -
559 1153 634 1190 ibid.
655 1153 741 1201 apud
763 1153 886 1189 Aldum
907 1152 954 1188 fil.
977 1157 1062 1199 1546.
1078 1160 1108 1194 8.
1135 1152 1210 1189 ibid.
1231 1152 1306 1189 eod.
1327 1167 1416 1189 anno
1437 1156 1654 1202 (quamquam
1679 1159 1711 1191 in
1734 1160 1773 1192 ti.

54 1205 125 1242 tulo
149 1220 275 1243 nomen
294 1207 475 1243 Mambrini
491 1203 607 1248 Rosci,
634 1214 804 1253 tamquam
827 1207 1029 1253 interpretis,
1056 1204 1180 1249 exstat.)
1203 1222 1254 1228 -—
1281 1202 1357 1241 ibid.
1375 1216 1461 1250 1549.
1483 1206 1532 1249 (in
1554 1205 1643 1242 calce
1665 1211 1771 1253 ¹550-)

55 1269 100 1293 12.
132 1255 224 1294 conf.
240 1255 403 1294 Thesaur.
423 1257 497 1292 bibl.
520 1257 778 1304 Norimbergae,
807 1268 895 1301 1739.
912 1268 941 1298 4.
968 1255 1109 1291 vol.1V.
1135 1267 1209 1304 pag.
1223 1267 1278 1290 212
1294 1253 1340 1303 sq.
1367 1276 1418 1282 —
1445 1266 1527 1301 1553.
1549 1263 1581 1297 8.
1607 1276 1657 1285 —
1684 1263 1774 1305 1556,

56 1320 101 1344 12.
118 1329 166 1335 —
184 1317 266 1355 1585.
286 1316 317 1352 8.
335 1329 386 1336 —
404 1312 500 1346 1606.
518 1317 553 1351 8.
570 1318 601 1344 et
616 1305 748 1357 saepius.
773 1306 836 1344 vid.
852 1309 986 1342 Paitoni.
1002 1326 1052 1335 —
1071 1308 1095 1341 1.
1112 1305 1221 1343 dodici
1239 1305 1311 1341 libri
1327 1306 1361 1342 di
1377 1307 1429 1345 M.
1445 1309 1522 1344 Aur.
1537 1310 1706 1346 Antonino
1721 1332 1773 1340 —

54 1359 203 1396 traslatati
221 1360 273 1396 dal
289 1363 411 1397 Greco.
462 1362 540 1396 Con
561 1362 648 1395 varie
660 1360 795 1395 Lezioni
817 1357 857 1394 de
874 1358 941 1395 testi
961 1361 1070 1408 greci,
1097 1371 1194 1398 econ
1211 1371 1257 1393 un
1278 1357 1419 1394 rissretto
1442 1357 1477 1393 di
1497 1361 1618 1396 notizie
1639 1364 1773 1399 intorno

56 1411 120 1448 alla
136 1409 272 1455 nascita,
297 1414 427 1456 azioni,
451 1426 468 1448 e
484 1423 595 1448 morte
603 1410 660 1454 ¹del
673 1410 870 1457 medestmo,
896 1409 1026 1446 estratto
1043 1409 1084 1446 da
1100 1407 1156 1461 piu
1174 1410 1308 1446 lssorici.
1359 1412 1397 1445 In
1413 1411 1525 1446 Roma
1537 1425 1596 1461 per
1609 1414 1775 1450 Giacomo

58 1462 287 1512 Dragondelli.
313 1467 402 1510 1675.
421 1476 466 1500 12.
517 1465 625 1499 Huius
647 1464 724 1499 anni
749 1472 779 1499 et
802 1460 933 1498 formae
956 1462 1136 1497 editionem
1160 1471 1350 1498 memorant
1369 1464 1487 1498 3116101·
1509 1463 1603 1500 catal.
1626 1464 1775 1505 biblioth.

57 1516 180 1552 Barber.
195 1517 219 1551 1.
243 1530 275 1564 p.
290 1517 339 1561 56.
362 1526 394 1552 et
412 1517 583 1551 Paitonius.
637 1515 812 1564 (interpres
836 1511 898 1549 fuit
913 1515 1031 1550 Fronc.
1049 1514 1267 1556 Barberinus,
1293 1511 1358 1549 sen.
1374 1524 1463 1562 pater
1478 1525 1692 1563 purpuratus,
1719 1520 1776 1566 qui

60 1564 130 1602 vsus
142 1566 186 1602 est
200 1566 273 1603 eod.
291 1580 410 1616 graeco
428 1567 556 1602 Abbatis
573 1564 690 1608 Gradi,
712 1577 742 1602 et
757 1565 833 1601 edit.
847 1565 985 1601 Londin.
1006 1580 1034 1601 3.
1050 1568 1140 1610 1643.
1167 1564 1230 1602 vid.
1247 1566 1465 1600 Fontaninum
1483 1564 1568 1601 della
1584 1568 1779 1616 Eloquenza

60 1618 209 1661 italiana,
241 1621 272 1652 V
275 1627 357 1654 enet.
375 1631 460 1662 1737-
477 1630 508 1661 4.
532 1631 605 1666 pag.
622 1629 672 1663 555
691 1615 735 1668 sq.
767 1628 799 1653 et
821 1617 1041 1653 Mazzucbelli
1066 1617 1183 1654 vohn.
1207 1627 1288 1666 part.
1305 1620 1329 1652 Ι.
1355 1616 1442 1665 degli
1464 1618 1611 1654 Scrittori
1632 1618 1778 1662 d'ltalia,

60 1682 133 1718 pag.
151 1682 225 1716 299.
252 1680 349 1718 atque
370 1671 502 1704 Paiton.
525 1683 600 1718 pag.
620 1670 702 1713 141.)
728 1689 775 1696 --
806 1670 948 1705 clement
969 1683 1008 1704 ex
1034 1669 1168 1716 Hoymii
1183 1670 1315 1704 Notizia
1337 1667 1471 1705 de’libri
1496 1670 1559 1705 rari
1580 1684 1655 1721 pag.
1671 1683 1722 1718 93.
1746 1683 1779 1709 et

56 1721 264 1756 Fomaninus
289 1724 389 1757 citant
410 1720 485 1756 edit.
506 1735 532 1756 a.
550 1723 641 1765 1667.
659 1727 689 1762 8.
724 1730 895 1769 vtramque
917 1730 1026 1757 autem
1048 1721 1282 1756 Mazzuchelli.

163 1787 296 1874 AngZe
311 1799 433 1886 al.]1535.
449 1787 600 1839 impressa
615 1789 650 1823 in
665 1787 740 1826 bibl.
758 1787 847 1825 Guil.
862 1786 983 1830 Laudi,
1009 1787 1085 1824 teste
1099 1786 1194 1824 catal.
1209 1789 1305 1825 MSS.
1321 1787 1423 1838 Angl.
1439 1796 1470 1824 et
1483 1788 1621 1825 Hibem.
1639 1802 1714 1839 pag.
1727 1801 1783 1835 70.

61 1849 112 1875 nr.
128 1850 216 1885 ¹²97·
281 1851 320 1874 ar
336 1866 344 1874 .
1031 1862 1035 1867 .

165 1905 305 1954 Anglice
323 1908 420 1941 vertit
439 1905 584 1942 Mericus
603 1902 833 1948 casaubonus,
865 1903 972 1941 Lond.
998 1910 1088 1951 1634.
1109 1917 1140 1949 4.
1174 1908 1264 1941 cuius
1292 1905 1398 1942 versio
1425 1903 1545 1942 deinde
1564 1905 1637 1956 post
1658 1920 1782 1956 paucos

27 1983 36 1990 .
65 1954 191 1994 menses
217 1956 418 1992 emendatius
439 1955 567 1999 recusa,
593 1967 624 1992 et
649 1957 798 1992 breuibus
822 1955 976 1992 illustrata
998 1956 1139 1999 notulis,
1167 1970 1246 2006 quas
1266 1959 1319 1992 vix
1338 1956 1549 1993 centesimam
1572 1955 1632 1994 esse
1656 1970 1784 2008 partem

65 2021 204 2051 eorum,
236 2020 317 2057 quae
346 2010 380 2044 in
408 2007 556 2044 diuinum
582 2010 672 2044 hunc
692 2005 885 2056 scriptorem
908 2011 1048 2049 notarit,
1079 2008 1210 2044 testatur
1230 2008 1367 2057 epistola
1384 2022 1412 2054 3.
1439 2007 1479 2044 ad
1501 2008 1683 2046 Gerardum
1704 2009 1786 2048 Vos-

65 2058 160 2097 fium.
212 2061 334 2109 Qinta
359 2058 458 2096 editio
480 2062 574 2095 huius
598 2058 753 2095 versionis
775 2073 803 2094 a.
820 2061 911 2105 1692.
929 2065 959 2100 8.
987 2069 1018 2095 et
1039 2057 1145 2101 sexta,
1172 2073 1255 2109 quae
1274 2074 1303 2095 a.
1319 2065 1412 2106 1694.
1438 2060 1546 2097 lucem
1568 2059 1667 2106 vidit,
1694 2076 1789 2113 prae.-⁴

69 2109 196 2149 miffam
218 2112 338 2147 habent
357 2114 517 2147 Antonini
539 2114 652 2153 vitam,
675 2124 715 2147 ex
735 2109 854 2159 gallica
871 2112 1051 2146 Daceriana
1067 2109 1196 2160 anglice
1210 2111 1409 2148 translatam.

168 2177 242 2215 Post
263 2176 543 2214 Casaubonianam
570 2177 750 2225 elegantior
772 2176 959 2225 meliorque
985 2178 1126 2214 Collierii
1147 2176 1313 2214 translatio
1335 2177 1456 2226 prodiit
1479 2194 1508 2216 a.
1524 2193 1607 2225 1701.
1639 2181 1690 2217 the
1710 2183 1788 2218 Em-

67 2242 164 2276 peror
178 2232 312 2266 Marcus
329 2232 518 2266 Antoninus
539 2230 588 2266 liis
609 2229 841 2277 conversations
863 2229 942 2264 with
956 2231 1020 2266 him
1029 2229 1117 2278 seis,
1142 2241 1182 2265 or
1197 2230 1314 2266 Mora!
1328 2231 1541 2268 Meditations
1555 2243 1616 2268 etc.
1667 2233 1789 2270 Addita

1612 2286 1788 2321 Gatackeri

92 2364 170 2438 sad)
193 2365 304 2438 anser
322 2364 473 2398 Wankelii
494 2364 588 2407 praef.
610 2365 646 2397 ad
663 2365 808 2406 Horolog.
825 2366 1008 2408 principum,
1031 2364 1100 2396 Nic.
1115 2363 1249 2397 Antonii
1264 2365 1337 2398 bibl.
1353 2366 1504 2411 hispanam
1527 2375 1598 2402 tom.
1614 2370 1638 2402 1.
1659 2380 1725 2411 pag.
1739 2379 1791 2408 99.

102 2419 120 2438 u
143 2419 173 2438 m
195 2419 210 2437 a
275 2429 282 2438 ο
298 2418 317 2438 Ι.

77 2408 91 2450 t
121 2419 189 2496 isox.
204 2462 240 2495 V.
253 2410 272 2449 ς
319 2408 336 2446 ³
964 2453 1000 2499 ,Τ
1011 2462 1043 2498 tt.
