2049 2720
36 166 247 202 vol.1n.p.63r

750 161 1028 201 ATHENAEVS

1246 162 1316 202 Lib.
1330 167 1399 204 IV.
1413 180 1437 204 c.
1452 168 1579 206 XXV.
1682 171 1746 215 603

31 259 115 297 adde
129 258 203 295 ibid.
220 270 312 295 notas
327 256 522 306 'Weffeling
537 269 613 307 pag.
633 269 694 302 ¹90
711 253 775 307 sq.]
800 259 1034 307 grammaticus
1048 254 1078 302 ⁶)
1096 257 1168 304 post
1182 260 1413 297 Commodum
1436 265 1515 310 imp.
1541 265 1622 312 quin
1645 266 1745 302 etiam

31 311 104 362 post
119 313 263 361 Oppiani
277 322 395 362 poetae
407 322 553 347 mortem
573 307 726 360 scripsisse
747 309 877 345 testatur
893 312 937 353 ί),
965 310 1041 344 lieet
1065 309 1180 346 Suidas
1201 309 1370 357 adfirmet,
1397 326 1472 350 eum
1495 313 1638 351 floruiss'e
1662 319 1744 377 ἱιῃΡἶ

28 456 127 492 strati,
149 456 185 486 de
201 467 260 498 quo
278 457 441 487 Athenaeus
455 456 519 486 XV.
534 464 597 495 pag.
617 457 678 492 674
688 453 727 495 sq.
744 461 773 485 et
787 456 862 485 Cha-

28 502 129 536 tonia,
164 499 199 529 de
222 509 280 540 quo
304 499 421 535 Suidas,
453 507 481 528 et
503 500 612 531 Lyceae
636 498 693 527 fiue
721 500 862 534 Lynceae,

27 543 114 582 ‘quem
128 541 226 572 laudat
240 542 401 571 Athenaeus
412 563 421 576 ‚
444 549 472 570 et
486 551 520 570 ex
536 541 730 581 quorumdam
750 539 862 571 senten-

26 586 68 613 tia
84 585 173 614 etiam
187 583 355 625 Apollonii,
377 584 452 620 (vid.
470 582 591 613 Aetian.
608 585 670 614 XV.
688 593 729 617 23.
753 583 788 613 de
801 586 859 613 ani-

26 625 94 658 mal.
116 633 145 656 et
165 626 357 657 Athenaeum
371 626 434 657 v11.
458 636 523 667 pag.
541 627 623 662 283-)
645 634 675 656 et
689 625 800 656 Philisti
821 634 862 657 at·

23 679 82 709 que
98 670 305 710 Aristophanis,
327 668 457 708 (Athen.
474 670 523 698 VI.
541 678 605 708 pag.
621 673 702 705 ηρ.)
718 669 861 699 videndus

24 721 94 754 prae
113 715 214 742 ceteris
230 712 343 743 Petrus
357 712 454 752 Bayle
474 714 503 741 iu
520 712 647 742 Diction.
664 713 764 742 histor.
780 713 859 742 criti-

25 764 78 790 co,
101 765 165 785 voc.
180 754 368 790 Naucratis,
398 762 468 785 tom.
487 755 538 784 111.
564 754 644 794 [pag.
661 760 719 791 487
734 754 810 795 sqq]
831 763 859 785 et

23 796 201 828 Athenaeus
213 795 273 839 ipse
289 799 367 828 Xlss.
385 809 450 838 pag.
469 800 534 833 596.
559 797 609 827 vbi
626 797 661 826 de
677 798 857 827 Naucratide

22 839 191 870 Archedice.
237 839 295 870 Alii
318 847 434 881 praeter
454 850 486 869 ea
509 839 591 869 fuere
612 838 767 870 Athenaei
785 840 857 870 cele-

23 881 98 912 bres.
145 886 170 918 ι)
193 881 369 914 Athenaeus
389 882 574 923 Attalenfis‚
599 881 693 918 Cilix,
717 882 858 919 medicus,

23 935 111 965 quem
138 921 389 966 pneumaticorum
419 927 581 966 principem
609 933 753 955 memorat
773 926 856 956 Gale-

21 978 75 996 nus
103 969 219 1008 passim‚
261 975 292 998 vt
315 967 364 998 lib.
388 970 438 998 IX.
468 967 503 997 de
531 968 679 1008 compofit.
705 968 856 999 medicam.

20 1009 178 1040 secundum
213 1021 335 1048 genera,
379 1020 440 1051 cap.
467 1018 494 1046 ς,
523 1009 573 1040 lib.
603 1010 639 1039 de
665 1020 757 1040 venae
788 1010 853 1041 feei.

21 1059 122 1082 eontra
147 1053 344 1083 Erasistratum
368 1064 428 1094 cap.
444 1062 467 1089 ς.
493 1052 543 1083 lib.
560 1054 582 1083 1.
620 1052 655 1082 de
688 1053 854 1086 differentia

17 1094 156 1136 pulsuum
173 1106 233 1137 cap.
251 1106 275 1131 3.
301 1104 330 1126 et
351 1095 401 1126 lib.
420 1097 469 1126 1v.
493 1106 574 1136 capp.
593 1106 635 1126 ιο.
664 1106 691 1124 12
713 1104 740 1125 et
761 1106 802 1130 ¹4.
826 1104 854 1126 et

17 1137 70 1168 lib.
91 1141 125 1169 V.
151 1139 187 1168 <ie
209 1139 307 1168 cauffis
331 1138 572 1180 symptomatum,
601 1139 654 1167 vbi
675 1137 726 1169 lib.
745 1141 851 1170 XXIV.

18 1181 106 1210 huius
129 1182 269 1211 Athenaei
290 1184 366 1212 citat.
405 1180 495 1218 [conf.
512 1180 640 1221 Ionstum
661 1180 697 1209 de
720 1180 850 1222 scriptor.

16 1223 117 1254 histor.
133 1223 206 1265 phil.
220 1226 258 1255 11.
280 1234 340 1266 cap.
356 1233 377 1254 1.
403 1223 430 1262 §.
448 1231 474 1258 ς.
498 1222 617 1253 Fabric.
634 1225 665 1253 Β.
683 1225 733 1253 Gr.
751 1227 786 1254 V.
805 1233 850 1259 43.

16 1265 77 1296 vol.
94 1268 129 1297 X.
149 1277 212 1307 pag.
228 1276 296 1302 492.
313 1265 372 1297 vol.
389 1267 453 1296 XII.
470 1276 535 1306 pag.
551 1274 621 1303 779.
644 1267 675 1294 in
696 1268 798 1306 primis
821 1268 851 1296 in

14 1306 138 1338 elencho
161 1308 363 1344 medicorum,
391 1307 451 1339 vol.
470 1310 549 1339 xm.
573 1319 636 1349 pag.
654 1309 719 1345 93.]
770 1310 851 1338 Eius-

16 1350 80 1381 dem
103 1350 198 1388 forte,
221 1353 273 1392 qui
297 1351 450 1382 Nicandri
469 1350 707 1391 Alexipharmaca
727 1350 848 1381 illustra-

15 1395 75 1430 vit,
97 1404 244 1435 quemque
258 1394 419 1424 Theodori
433 1393 537 1423 medici
555 1395 722 1431 magistrum
738 1405 849 1425 inemo·

13 1436 59 1470 tat
86 1436 232 1468 Laertius
262 1439 293 1467 in
319 1439 483 1478 Aristippo,
519 1435 570 1467 lib.
586 1438 623 1471 11.
650 1437 715 1467 sedi.
734 1447 798 1473 1c4.
822 1444 851 1468 et

36 1489 103 1509 uem
122 1481 303 1510 Athenaeum
326 1479 498 1511 Tarsensem
519 1486 603 1509 vocat
620 1479 740 1510 Caelius
752 1480 850 1511 Aure-

15 1489 116 1553 iianus
137 1521 188 1553 lib.
205 1524 242 1553 11.
263 1522 299 1552 de
314 1523 423 1552 morbis
439 1523 547 1557 acutis,
564 1533 625 1563 cap.
644 1531 667 1553 ι.
705 1523 740 1563 2)
758 1521 850 1554 Athe-

14 1573 110 1596 naeus
129 1563 252 1600 rhetor,
275 1567 356 1601 (teste
376 1566 517 1596 Vari-one
539 1564 589 1596 lib.
607 1568 673 1596 Vll.
696 1565 732 1595 de
752 1565 851 1604 lingua

14 1605 62 1639 lat.
86 1618 163 1644 non,
185 1609 390 1646 Athenienfis,)
411 1607 540 1637 aemulus
560 1611 779 1646 Hermagorae,
801 1611 852 1649 qui

0 1671 1 1692 ;
15 1650 189 1681 rhetoricam
205 1651 280 1682 dixit
296 1650 416 1681 fallendi
437 1660 528 1681 artem
540 1672 548 1685 ,
576 1651 715 1692 Quinffil.
732 1651 781 1682 lib.
799 1654 849 1682 111.

14 1702 74 1734 rap.
95 1702 116 1724 ι.
133 1695 160 1733 §.
180 1697 220 1725 16.
244 1695 319 1730 flue,
344 1702 376 1724 vt
393 1693 638 1734 Sextus-Empir.
655 1695 690 1726 11.
713 1694 849 1725 aduersus

14 1736 180 1768 mathemat.
205 1747 269 1776 pag,
286 1746 332 1775 75.
357 1735 444 1772 λα’·γών
467 1734 575 1773 duratam
597 1737 782 1775 ςοχοιζομίνην
802 1740 848 1769 τῆς

13 1779 63 1807 τῖον
75 1777 205 1807 immin-uu
221 1781 324 1811 πσθὲς.
358 1780 432 1809 Vide
451 1782 538 1811 etiam
562 1779 702 1821 Quinctil.
727 1779 792 1811 libr.
809 1783 847 1811 ΙΙ.

13 1830 74 1861 cap.
94 1832 131 1856 ις.
155 1821 236 1862 [see'k.
253 1832 297 1858 ²3-
325 1822 376 1852 vbi
398 1823 558 1852 Turnebus
579 1833 647 1852 eum
676 1834 742 1853 cum
762 1825 848 1853 Athe-

13 1873 86 1892 naeo
115 1867 321 1904 peripatetice,
356 1874 385 1895 et
407 1864 580 1894 Mosellanus
608 1875 673 1895 cum
699 1867 848 1895 Athenaeo

13 1907 155 1936 Naucrat.
179 1906 341 1937 confundit.
375 1907 437 1938 vid.
454 1909 613 1938 Burmann:
647 1908 683 1937 ad
705 1908 846 1945 Qineiil.

13 1956 75 1979 not.
97 1959 160 1990 pag.
179 1955 236 1981 182.
268 1951 300 1980 it.
326 1948 466 1991 Quinffil.
487 1951 538 1980 111.
561 1958 588 1985 3,
613 1959 654 1985 ις.
695 1953 747 1981 111.
773 1960 799 1985 ς,
821 1958 846 1986 5.

13 1992 65 2022 111.
87 1994 116 2027 6,
134 1991 197 2028 46]
212 1999 241 2021 et
259 1991 531 2022 Phoebammoncm
550 1993 699 2022 rhetorem
721 2003 785 2033 pag.
801 2000 846 2028 98.

14 2033 65 2064 vbi
87 2033 182 2064 adfert
204 2034 405 2065 deffinitionem
425 2034 576 2065 schemati·
599 2036 741 2066 Athenaei
765 2038 848 2066 Nau-

15 2079 148 2113 truitae,
172 2077 231 2106 flue
252 2078 331 2118 quod
351 2086 380 2108 et
396 2079 498 2107 rhetor
516 2077 564 2108 ille
580 2079 766 2109 Naucratites
781 2078 848 2108 fue-

15 2120 70 2154 rit,
97 2120 156 2149 flue
177 2120 258 2160 quod
281 2121 498 2150 Phoebammon
525 2122 654 2150 nostrum
682 2120 849 2151 confuderit

15 2171 82 2192 tum
97 2163 222 2193 rhetore.
268 2166 301 2201 3)
312 2163 489 2193 Athenaeus
503 2161 772 2203 ἓτιγραμματοποιός
787 2164 848 2193 lau·

15 2204 98 2234 dmu-
113 2204 240 2236 Laertio
253 2204 318 2236 libr.
334 2208 384 2237 VI.
402 2217 462 2247 cap.
481 2216 522 2241 ¹4·
541 2215 568 2236 et
582 2206 632 2237 lib.
644 2209 707 2237 VII.
724 2217 786 2247 cap.
802 2217 846 2242 30.

16 2247 89 2281 [vid.
102 2246 203 2288 supra,
227 2247 286 2279 vol.
305 2251 355 2279 IV.
372 2259 436 2289 pag.
453 2252 539 2284 466]
558 2265 603 2272 -
623 2251 658 2286 4)
673 2249 850 2280 Athenaeus

17 2288 208 2331 Seleucenfis,
231 2290 423 2332 philosophus
438 2294 659 2333 peripateticus,
683 2294 763 2322 cuius
777 2300 849 2322 tam-

18 2340 103 2371 quam
116 2332 243 2372 aequalis
259 2333 302 2364 sui
312 2336 450 2363 meminit
459 2334 634 2365 Strabolib.
645 2337 723 2365 XIV.
739 2346 766 2375 p.
777 2339 847 2372 670.

18 2373 144 2404 Eundem
159 2374 213 2404 esse
235 2376 378 2417 suspicor,
399 2387 487 2417 quem
507 2380 537 2407 in
554 2377 640 2408 rebus
653 2377 850 2407 Semiramidis

0 2414 114 2462 ¹laudat
133 2417 291 2450 Diodorus
317 2418 434 2450 Siculus
461 2419 512 2453 lib.
528 2422 566 2451 11.
594 2432 656 2463 cap.
672 2431 721 2452 20.
756 2420 850 2460 [conf.

884 363 915 396 G
922 373 945 409 g
960 373 1011 408 gg
1037 372 1056 395 a
1634 368 1745 404 Marci

905 452 1003 492 Bayle
1024 451 1043 483 l.
1058 463 1082 483 e.
1105 464 1170 485 voe.
1188 452 1323 486 Athene'e
1343 464 1404 488 not.
1424 457 1476 496 G]
1521 458 1555 498 ς)
1569 458 1747 492 Athenaeus

908 494 1092 535 Cyzicenus,
1114 498 1144 526 in
1160 499 1241 527 omni
1257 500 1465 530 mathematum
1477 512 1596 538 genere,
1619 506 1745 534 maxime

905 548 978 567 vero
996 539 1026 568 in
1042 542 1202 576 geometria
1217 539 1356 577 celebris,
1381 544 1449 573 teste
1466 544 1574 574 Proclo
1588 545 1640 577 lib.
1660 548 1695 577 11.
1713 549 1744 577 in

906 580 1056 610 Euclidem
1079 592 1143 622 pag.
1161 591 1203 618 19.
1250 585 1307 613 Hic
1330 586 1509 616 Archimedis
1532 589 1679 628 aequalis,
1707 589 1743 619 de

906 624 1047 653 machinis
1066 624 1178 654 bellicis
1191 624 1300 667 seripsst
1314 627 1348 656 ad
1365 629 1497 658 Marcum
1513 631 1695 667 Marcellum,
1711 640 1743 662 vt

905 666 968 696 dixi
983 665 1066 707 supra
1080 667 1131 698 lib.
1149 670 1199 698 ΠΙ.
1223 679 1282 710 cap.
1303 679 1351 705 24.
1375 670 1451 709 [vol.
1467 675 1518 703 IV.
1544 683 1573 714 p.
1591 683 1649 703 222
1664 673 1741 714 sqq]

905 712 938 745 6)
952 708 1132 741 Athenaeus
1141 710 1274 751 stoicus,
1303 713 1468 754 Porphyrio
1489 717 1519 744 in
1548 718 1608 745 vita
1634 715 1742 747 Plotini

903 762 964 792 cap.
981 762 1028 782 20.
1042 761 1229 784 memoratus.
1255 755 1328 791 [vid.
1345 755 1449 797 supra,
1472 757 1531 788 vol.
1549 760 1601 789 111.
1617 769 1645 800 p.
1665 759 1740 798 542]

902 796 938 832 7)
953 793 1133 825 Athenaeus
1154 796 1350 835 Byzantius,
1379 810 1466 839 quem
1490 811 1554 829 cum
1582 800 1741 833 Cleodamo

901 838 1091 868 instaurandis
1105 839 1225 868 vrbibus
1243 841 1466 883 muniendisque
1481 843 1620 884 praefecit
1636 843 1742 875 Gallie-

900 890 954 908 uus
967 882 1036 920 imp.
1053 882 1122 911 teste
1137 881 1278 912 Trebellio
1288 883 1420 915 Pollione
1435 887 1464 915 in
1479 887 1566 916 huius
1582 889 1642 916 vita
1657 898 1680 918 c.
1699 897 1737 922 ¹3-

899 924 953 951 His
969 923 1042 952 adde
1059 928 1086 958 ε)
1103 924 1312 961 Athenaeum,
1337 929 1475 964 Antigoni
1489 930 1626 963 amicum,
1650 940 1738 970 quem

900 963 951 994 ille
967 965 1069 995 ducena
1083 966 1219 997 aduersus
1235 969 1342 998 Arabes
1352 970 1518 1000 Nabataeos
1533 971 1734 1014 mifitOlymp.

900 1009 1018 1037 CXVII.
1039 1016 1059 1038 ι.
1091 1008 1220 1040 Diodor.
1245 1012 1321 1041 XIX.
1347 1019 1417 1042 tom.
1433 1014 1471 1044 Il.
1494 1023 1558 1054 pag.
1577 1024 1632 1052 730
1647 1015 1686 1056 sq.
1708 1024 1737 1046 et

898 1050 933 1087 9)
949 1049 1159 1088 Athenaeum,
1187 1053 1305 1083 Archini
1326 1061 1438 1094 patrem
1451 1076 1458 1090 ‚
1488 1059 1539 1097 qui
1560 1058 1738 1088 Atheniensi-

897 1092 950 1121 buu
966 1092 1058 1127 suafit,
1082 1102 1112 1123 vt
1129 1097 1234 1125 Ionum
1251 1094 1353 1126 litteris
1369 1105 1520 1128 vterentur
1534 1099 1580 1130 01.
1592 1101 1695 1131 XCIV.
1708 1110 1732 1131 a.

898 1134 1026 1176 Apostot.
1042 1138 1134 1167 XVII.
1149 1145 1192 1171 25.
1211 1140 1349 1177 prouerb.
1373 1148 1401 1170 et
1421 1141 1522 1170 Suidas
1542 1144 1572 1172 iu
1590 1145 1699 1178 Σαμίων
1720 1142 1734 1172 ὅ

894 1175 986 1213 (Σῆμος.
1032 1180 1098 1218 [ιο)
1116 1178 1294 1211 Athenaeus
1316 1182 1479 1222 epicureus.
1515 1184 1575 1216 vid.
1603 1185 1663 1216 vol.
1678 1188 1732 1218 111.

894 1230 958 1260 pag.
975 1221 1062 1258 ὅσα]

936 1262 968 1299 b)
984 1265 1212 1294 Grammaticum
1228 1272 1313 1295 vocat
1327 1267 1509 1297 Athenaeum
1524 1269 1653 1298 nostrum
1668 1271 1732 1300 Sui-

894 1304 955 1341 das,
979 1313 1055 1336 certe
1072 1308 1133 1336 eius
1149 1306 1219 1337 libri
1237 1308 1484 1349 Dipnosophiston
1498 1310 1630 1342 referunt
1643 1312 1731 1343 indu·

893 1348 988 1377 ssriam
1012 1356 1040 1378 et
1061 1350 1225 1380 institutum
1247 1354 1339 1381 critici
1353 1362 1385 1381 ac
1400 1355 1589 1390 grammatici.
1634 1357 1729 1386 Maxi-

892 1401 968 1420 mam
992 1394 1069 1421 enim
1093 1400 1205 1433 partem
1229 1393 1265 1423 de
1285 1394 1400 1431 verbis,
1422 1404 1449 1424 et
1463 1395 1534 1426 locis
1556 1396 1731 1439 scriptorum

893 1433 1071 1474 explicandis
1094 1436 1210 1465 solliciti
1234 1435 1314 1473 sunt,
1335 1444 1364 1477 et
1385 1439 1516 1476 physica,
1539 1450 1613 1480 quae
1634 1441 1728 1472 adtin-

892 1485 973 1514 gunt,
998 1480 1185 1515 grammatice
1202 1481 1300 1519 potius
1321 1478 1444 1510 trafflnt
1457 1490 1485 1511 et
1501 1484 1618 1519 critice,
1641 1494 1748 1524 quam-

893 1519 1107 1560 philosophice.
1172 1522 1256 1551 Vnde
1285 1530 1313 1552 et
1340 1524 1488 1554 Eustathio
1515 1525 1551 1554 ad
1583 1525 1665 1557 Iliad.
1689 1525 1727 1561 ψ’.

894 1572 957 1602 pag.
976 1572 1051 1597 1394.
1067 1563 1228 1605 adpellatur
1244 1577 1327 1593 νννννν
1331 1564 1384 1598 evit.
1430 1569 1548 1608 Itaque,
1569 1569 1650 1609 quod
1665 1570 1728 1600 Da-

894 1607 953 1635 niel
971 1606 1102 1637 Clericus
1126 1617 1207 1648 parte
1225 1609 1276 1638 111.
1302 1610 1366 1639 hist.
1390 1610 1550 1640 medicinae
1571 1622 1636 1652 pag.
1655 1622 1726 1648 204.

893 1649 1071 1678 Athenaeum
1089 1652 1216 1680 nostrum
1238 1662 1292 1691 pro
1313 1651 1427 1682 medico
1451 1654 1551 1684 haberi
1575 1654 1654 1695 posse
1676 1657 1727 1691 ait,

892 1690 984 1721 laxius
1007 1693 1047 1722 ita
1068 1692 1289 1731 intelligendum
1311 1703 1401 1735 puto,
1419 1707 1496 1730 non,
1521 1698 1601 1737 quod
1617 1697 1727 1738 profes-

891 1735 969 1764 fione
993 1736 1122 1766 medicus
1142 1737 1250 1773 fucrit,
1278 1737 1325 1766 sed
1350 1739 1429 1779 quod
1451 1739 1563 1769 medica
1585 1740 1729 1780 quaedam

890 1776 972 1808 libris
987 1778 1044 1808 sui·
1056 1782 1224 1815 intexuerit,
1238 1780 1357 1810 medicis
1372 1783 1459 1811 etiam
1475 1782 1588 1812 duobus
1603 1785 1729 1824 Daphno

893 1821 1014 1859 Ephefio
1031 1830 1059 1851 et
1074 1824 1179 1851 Rufino
1195 1824 1328 1853 Nicaenfi
1344 1826 1421 1854 inter
1435 1827 1573 1855 conuiuas
1589 1825 1728 1855 confabu-

890 1862 980 1893 lantes
996 1865 1130 1895 induetis.
1152 1865 1275 1896 Fabi-ic.
1320 1868 1388 1896 Iure
1406 1869 1507 1896 vocari
1527 1869 1619 1908 potest
1633 1870 1729 1897 Varro

891 1913 920 1934 et
935 1905 1044 1935 Plinius
1061 1909 1249 1937 Graecorum.
1274 1908 1348 1937 adde
1369 1919 1443 1948 quae
1456 1909 1551 1951 scripsi
1571 1912 1602 1940 in
1616 1910 1728 1942 Introd.

891 1950 921 1977 in
935 1949 998 1979 hist.
1014 1950 1046 1979 L.
1066 1951 1116 1980 Gr.
1132 1951 1156 1980 1.
1173 1960 1237 1990 pag.
1253 1960 1316 1986 232.
1339 1951 1432 1982 Harl.

933 1995 963 2026 c)
983 1990 1163 2022 Athenaeus
1176 1992 1226 2023 lib.
1244 1995 1266 2024 1.
1283 2004 1348 2034 pag.
1365 2004 1408 2030 ις.
1426 1997 1504 2024 inter
1518 2004 1579 2030 eon,
1599 1998 1650 2036 qui
1668 1998 1729 2026 Ha-

890 2032 1008 2063 lieutica
1028 2034 1272 2075 composuerunt,
1301 2035 1399 2066 laudat
1420 2035 1466 2065 τᾶν
1487 2036 1571 2074 ὅλίγῳ
1585 2036 1634 2078 neo*
1657 2036 1730 2074 ἧμὸν

890 2074 1045 2112 γενόμενον,
1068 2079 1236 2118 Oppianum
1248 2077 1388 2115 Cilicem,
1408 2081 1485 2111 vnde
1500 2083 1623 2121 primus,
1647 2081 1730 2122 quod

891 2118 976 2149 sciam
993 2121 1131 2150 Athenaei
1143 2129 1267 2156 aetatem
1282 2124 1428 2153 constituit
1441 2124 1516 2153 Tan.
1528 2123 1625 2154 Faber
1642 2124 1692 2154 lib.
1703 2125 1729 2156 1.

892 2164 970 2203 epist.
990 2166 1030 2195 63.
1047 2173 1111 2203 pag.
1127 2172 1174 2193 ιιι
1190 2163 1230 2204 sq.
1248 2165 1316 2195 edit.
1334 2167 1369 2196 ΙΙ.
1405 2167 1468 2195 Pon
1482 2166 1639 2196 Commodi
1654 2170 1727 2207 imp.

892 2214 1016 2235 mortem
1042 2205 1174 2246 scripsisse
1194 2209 1252 2236 iam
1269 2207 1436 2238 obseruauit
1453 2209 1489 2239 G.
1506 2209 1535 2240 I.
1555 2209 1671 2250 l'offius
1691 2219 1728 2238 ex

892 2249 948 2277 hoc
963 2250 1024 2277 eiu:
1039 2247 1104 2277 leco
1121 2248 1170 2280 lib.
1187 2251 1251 2280 X11.
1268 2261 1332 2290 pag.
1351 2261 1413 2289 537.
1428 2253 1460 2279 τί
1474 2246 1502 2279 ’ἓν
1520 2246 1683 2286 flaminius,
1706 2250 1728 2279 ει·

892 2291 939 2328 qq)
960 2289 1026 2319 καθ’
1047 2289 1120 2326 ’ipsis
1141 2290 1285 2327 Κᾶμμοδος
1303 2292 1318 2321 u‘
1340 2291 1511 2334 αὐτοκράτωρ
1531 2295 1575 2322 ἒπὶ
1594 2295 1643 2322 τῶν
1659 2292 1726 2329 ὄχη-

891 2331 984 2368 adrisit
997 2332 1184 2373 eroefuza'puwv
1205 2331 1264 2370 ἔχε
1277 2332 1323 2364 ro'r
1343 2334 1501 2377 ‘Hya‘nxaov
1526 2334 1643 2374 ξῗοπιιλόν
1664 2335 1727 2365 εἶπεν

893 2378 1020 2416 ς’ρωμὲνης
1035 2375 1108 2412 citieus*
1121 2380 1228 2407 >croy-53⁴2:
1244 2380 1289 2416 ugr.)
1307 2377 1442 2418 ‘Hfunk'ris
1455 2379 1602 2415 καλεῖσθαι]
1618 2376 1725 2410 ἤθελεν,

892 2421 1001 2461 Neque
1015 2420 1120 2459 obstat,
1144 2422 1225 2463 quod
1236 2421 1289 2454 lib.
1303 2425 1366 2454 XV·
1382 2433 1448 2465 pag.
1460 2426 1535 2462 ⁶77.
1552 2426 1626 2463 (non
1640 2423 1728 2452 Athe·

1626 2475 1728 2502 naeut,
