2013 2725
187 96 245 130 530
297 57 369 116 La.
387 79 431 118 V.
451 78 568 120 exa.
778 75 915 114 mnax
941 74 1237 114 scR11>T0RvM
1586 77 1710 105 voiix.
1726 79 1900 112 »27891’791

292 176 426 212 iambos.
479 175 567 209 Vixit
596 180 702 206 autem
730 168 803 219 ipse}
828 174 919 207 annis
942 183 1021 217 490.
1049 171 1121 220 post
1150 169 1479 206 be11u111·troianun1;
1530 170 1714 206 Secundum
1744 171 1904 221 quosdam

294 230 347 263 hic
368 230 488 275 primus
516 224 639 259 iambos
663 220 791 270 scripsit.
817 221 923 269 (conf.
947 223 1057 272 paullo
1077 234 1189 263 antea,
1216 221 1256 257 de
1271 220 1423 265 simmia,
1449 220 1601 261 Rhodio,
1626 222 1739 269 dicta.)

191 280 328 321 Simon,
354 275 508 326 sophista,
537 277 590 324 qui
615 273 775 322 publicam
792 277 966 324 pecuniam
984 275 1220 311 interuertebat.
1246 274 1375 323 ‘Simon
1405 283 1437 310 et
1465 271 1668 309 Theodorus
1697 283 1739 309 eti
1758 273 1906 319 Cleonyg

293 343 365 365 mus
393 330 512 377 periuri
537 325 701 374 Aristoph-

191 382 391 430 Simplicius,
426 376 652 428 philosophus.

192 433 250 478 [if]
266 434 392 467 Sirieius
406 429 565 478 Neapoli,
586 429 662 464 vrbe
679 426 887 471 Palaestinae,
907 428 1082 470 oriundus,
1108 426 1266 478 sophista,
1293 425 1462 477 discipulus
1481 426 1729 468 Andromachi,
1769 429 1824 476 qui
1846 438 1904 476 per

294 480 427 530 aliquod
449 493 575 529 tempus
597 483 735 516 Athenis
756 480 883 521 docuit,
909 479 1028 530 scripsit
1042 480 1350 531 progymnafinata,
1377 490 1408 515 et
1436 480 1684 515 declamationes.

191 533 361 576 sisinnius,
389 534 650 568 Nouatianorum
671 530 837 581 episcopus
859 543 919 568 etc.
946 535 999 577 (ex
1020 534 1162 568 Socratis
1183 534 1241 567 V1.
1266 543 1316 566 22.
1345 530 1448 566 instet
1472 531 1532 567 alia
1558 529 1598 566 de
1628 529 1766 567 Silinnio
1799 543 1909 566 narra·
1954 537 1966 550 ‘'
1993 575 1996 585 Δ

293 586 339 621 tio
361 598 400 620 ex
423 586 594 620 sozomeno
620 583 691 619 libr.
714 586 802 620 V111.
825 598 894 633 cap.
908 586 954 631 1.)

188 636 373 687 Σμηκίἓης.
403 637 438 671 In
452 636 574 672 tabellis
593 638 729 671 nomina
745 649 880 679 eornm,
907 637 963 685 qui
978 637 1012 671 in
1027 638 1075 672 ius
1094 635 1289 676 citabantur,
1316 630 1443 671 inscribi
1460 630 1629 677 solebant,
1655 634 1786 683 Aspasia
1807 639 1838 669 et
1854 632 1908 668 doo'

292 690 413 730 minus,
436 687 466 723 id
486 688 546 730 est,
574 690 707 724 maritus
727 689 803 723 eius.
891 728 893 733 ‚

192 741 355 783 Socrates,
383 738 609 789 Sophronisci,
633 740 782 780 statuarii,
805 750 836 775 et
853 741 1082 780 Phaenaretes,
1106 737 1295 780 obstetricis,
1315 738 1349 773 F.
1366 740 1510 787 primum
1536 736 1702 773 statuarius
1717 735 1795 772 fuit:
1818 739 1909 772 aiunt

294 794 396 831 enim,
414 794 537 827 Gratias
552 791 674 827 vestitas
689 793 822 826 Athenis
839 794 904 826 eius
921 789 1014 826 fuisse
1027 802 1120 837 opus.
1147 788 1274 824 Deinde
1290 788 1534 837 philosophatus
1550 788 1605 831 esi,
1620 788 1730 824 audito
1738 791 1908 836 Anaxago-

291 856 338 883 ra,
362 842 598 883 Clazomenio,
626 841 736 891 postea
752 844 916 883 Damone,
942 844 1019 876 hinc
1034 842 1206 875 Archelao.
1234 839 1441 875 Aristoxenus
1458 843 1501 874 ait
1515 843 1659 888 primum
1680 838 1833 875 audiuisse
1848 842 1907 875 Ar-

293 893 446 928 chelaum
464 904 523 929 etc.
552 890 712 941 Ingressus
727 891 852 927 virilem
868 902 1015 932 aetatem,
1033 889 1073 925 ad
1091 890 1312 938 Amphipolin
1329 900 1361 925 et
1374 889 1560 926 Potidaeam
1575 891 1728 925 militauit
1743 902 1773 926 et
1790 892 1829 926 ad
1848 894 1910 926 De-

293 945 386 981 lium.
429 946 517 980 Duas
548 945 658 980 habuit
678 955 813 986 vxores,
844 945 1071 992 Xanthippen,
1099 955 1117 977 e
1138 954 1201 990 qua
1218 940 1426 990 Lamprocles
1448 952 1539 977 natus
1558 940 1623 983 esi,
1650 952 1681 978 et
1698 942 1908 988 Myrtonem,

292 994 453 1040 Aristidis,
476 994 563 1038 Iusti,
581 995 694 1036 filiam,
721 1008 759 1030 ex
773 1007 835 1044 qua
849 992 1085 1042 Sophroniscus
1101 1003 1134 1028 et
1149 992 1381 1035 Menedemus,
1400 991 1465 1028 siue
1479 994 1694 1028 Menexenus.
1721 994 1809 1028 Vixit
1829 1004 1911 1028 tem-

292 1060 375 1098 pore
391 1047 462 1082 belli
478 1045 752 1095 peloponnesiaci,
769 1057 800 1082 et
815 1046 948 1095 quidem
961 1057 1052 1082 natus
1063 1043 1262 1094 Olympiade
1270 1046 1433 1081 LXXVII.
1463 1046 1549 1079 Vixit
1564 1058 1666 1079 annos
1675 1045 1799 1079 LXXX.
1816 1046 1911 1079 obiit-

294 1112 358 1148 que
373 1097 588 1147 imprudentia
603 1098 654 1133 vel
667 1101 775 1147 potius
789 1100 930 1134 amentia
940 1094 1195 1138 Atheniensium,
1211 1097 1342 1132 condius
1354 1097 1460 1131 bibere
1475 1098 1629 1132 cicutam:
1648 1095 1742 1130 nullo
1757 1095 1819 1131 alio
1839 1095 1909 1131 scri·

292 1160 352 1200 pto
369 1149 502 1187 relicto.
525 1163 635 1199 quam,
656 1159 689 1184 vt
710 1148 842 1198 quidam
865 1150 999 1188 volunt,
1025 1149 1134 1195 bymiw
1149 1150 1182 1183 in
1199 1147 1377 1194 Apollinem
1392 1154 1422 1182 et
1439 1147 1579 1182 Dianam
1595 1158 1625 1182 et
1643 1146 1909 1193 Aqlbpeafabula

293 1200 434 1237 versibus
450 1200 571 1250 scripta.
608 1199 822 1249 Philosophos
838 1198 944 1236 effecit
962 1201 1140 1241 Platonem,
1158 1202 1211 1248 qui
1228 1198 1340 1236 relidlo
1351 1202 1461 1243 Lyceo
1479 1197 1618 1234 traduxit
1635 1197 1778 1234 scholam
1793 1201 1826 1234 in
1843 1197 1910 1234 sub·

292 1254 436 1298 urbium,
451 1252 540 1301 quod
550 1251 724 1287 Academia
738 1262 881 1293 vocatur,
897 1255 1044 1299 (eiusque
1060 1249 1227 1287 sediatores
1238 1250 1420 1288 Academici
1432 1250 1504 1285 dicii
1523 1263 1621 1299 vsque
1637 1249 1675 1285 ad
1685 1249 1909 1285 Aristotelem:

293 1308 325 1340 Is
341 1307 428 1339 enim
444 1306 475 1338 in
491 1303 633 1353 quodam
652 1305 750 1338 horto
767 1313 841 1338 ante
853 1304 963 1338 vrbem
978 1302 1038 1337 sito
1055 1302 1170 1338 ludum
1183 1302 1372 1338 litterarium
1388 1304 1521 1350 aperuit,
1548 1313 1578 1337 et
1596 1304 1632 1340 ἐκ
1648 1303 1695 1341 τέ
1710 1299 1793 1340 κατ’
1804 1297 1910 1340 αὐτ-ἓν

294 1351 477 1405 περιπάτει»
497 1370 514 1391 a
532 1358 680 1401 peripato
696 1353 761 1389 siue
781 1354 858 1389 loco
884 1353 1168 1395 deambulationis,
1193 1356 1247 1402 qui
1270 1356 1302 1388 in
1322 1353 1379 1388 illo
1403 1356 1501 1388 horto
1523 1363 1604 1394 erat,
1639 1350 1712 1390 suos
1737 1352 1908 1402 discipulos

293 1409 422 1442 vocauit
438 1409 661 1454 peripateticos
671 1408 696 1449 ,)
719 1405 922 1452 Aristippum
939 1408 1033 1447 item,
1053 1407 1279 1449 Cyrenaeum,
1301 1408 1469 1440 auehi-ein
1483 1403 1609 1439 scholae
1623 1404 1789 1454 sediaeque
1804 1408 1907 1450 Cyre-

293 1461 422 1498 naicae,
450 1458 670 1503 Phaedymam,
690 1457 829 1498 Eleum,
850 1471 867 1491 a
883 1469 949 1505 quo
970 1456 1050 1492 secia
1075 1456 1188 1497 eliaca,
1218 1455 1326 1503 postea
1349 1471 1366 1491 a
1380 1455 1601 1497 Menedemo,
1627 1458 1769 1491 Eretriae
1789 1456 1909 1493 docen-

294 1520 344 1554 te,
372 1509 455 1544 dicia
477 1511 627 1551 eretrica3
655 1522 692 1543 ex
717 1510 776 1543 hac
800 1510 926 1552 Pyrrho
947 1508 1085 1556 prodiit:
1114 1507 1347 1553 Antisthenem,
1375 1510 1430 1557 qui
1453 1510 1604 1552 Cynicam
1620 1506 1736 1543 seciam
1752 1507 1908 1548 condidit,

294 1560 478 1599 Euclidem,
502 1558 751 1607 Megarensem,
776 1574 793 1593 a
817 1572 883 1606 quo
899 1561 1078 1606 megarica‚
1111 1572 1192 1607 quae
1219 1558 1333 1594 eadem
1354 1573 1371 1593 a
1387 1558 1625 1600 Clinomacho,
1655 1558 1796 1594 Euclidis
1819 1557 1908 1594 disci-

294 1610 388 1660 pulo,
409 1611 493 1645 dit‘ia
509 1609 691 1646 dialediica:
717 1611 970 1655 Xenophontem,
984 1609 1091 1653 Grylli
1103 1611 1135 1648 F,
1152 1610 1351 1656 Aeschinem,
1377 1610 1562 1655 Lysaniam,
1583 1611 1786 1657 Sphettium,
1816 1610 1907 1646 Cebe-

295 1669 374 1702 tem,
399 1662 616 1701 Thebanum,
637 1662 813 1701 Glaucum,
837 1658 1087 1704 Atheniensem,
1110 1661 1296 1707 Brysbnem,
1319 1660 1571 1702 Heracleotam,
1599 1663 1654 1709 qui
1671 1660 1908 1700 contentiosam

294 1712 495 1748 dialetsiicam
511 1712 690 1749 introduxit
707 1726 768 1746 vna
788 1725 863 1748 cum
888 1712 1040 1752 Euclide,
1067 1711 1302 1747 Clinomachus
1316 1714 1419 1747 auxit:
1446 1724 1613 1760 quumque
1630 1711 1752 1747 multos
1775 1712 1908 1749 sectato-

293 1777 343 1800 res
367 1761 539 1805 habuisset,
564 1762 653 1798 desiit
676 1767 709 1797 in
731 1765 882 1802 Zenone,
904 1765 1028 1803 Citieo,
1054 1765 1107 1810 qui
1133 1762 1263 1797 stoicam
1288 1761 1431 1797 scholam
1452 1762 1601 1803 instituit,
1628 1765 1768 1812 vixitque
1791 1763 1910 1809 Olym.

292 1815 387 1863 piade
414 1815 546 1849 CXXV.
576 1815 638 1848 Alii
670 1812 852 1857 Brysonem
880 1827 950 1848 non
980 1815 1137 1853 Socratis,
1172 1812 1224 1848 sed
1251 1812 1392 1848 Euclidis
1423 1813 1605 1848 auditorem
1637 1812 1777 1850 scribunt
1804 1813 1910 1854 fuisse.

291 1864 473 1909 Brysonem
493 1863 615 1900 audiuit
635 1867 781 1907 Pyrrho,
807 1880 823 1899 a
849 1878 915 1911 quo
938 1866 1123 1908 Pyrrhonii.
1176 1865 1337 1900 Praeterea
1358 1862 1528 1912 discipulos
1550 1865 1662 1900 habuit
1682 1867 1828 1902 Socrates
1846 1867 1908 1904 Al·

293 1917 457 1958 cibiadem,
484 1916 704 1954 Critobulum,
731 1916 959 1955 Xenomcdem,·
987 1916 1238 1960 Apollodorum,
1266 1917 1421 1958 critiam,
1444 1914 1670 1952 Athenienses:
1696 1927 1767 1954 tum
1797 1918 1906 1955 Crito.

289 1980 378 2010 nem,
406 1969 578 2009 Simonem,
606 1970 777 2002 Eumarem
795 1965 965 2002 Phliasium
995 1967 1049 2014 [if]
1068 1969 1245 2009 Simmiam,
1268 1967 1489 2007 Thebanum,
1520 1967 1732 2017 Terpfionem,
1760 1970 1906 2020 Megari.

292 2032 387 2061 cum,
414 2020 577 2059 Euenum,
605 2020 878 2065 Chaereplionrem.
936 2020 1119 2054 Theodorus
1140 2022 1252 2060 etiam,
1275 2029 1500 2067 cognomento
1521 2021 1650 2062 atheus,
1672 2021 1836 2059 Socratem
1853 2038 1908 2059 au.

293 2070 392 2111 diuit,
417 2069 621 2119 docensque,
649 2074 761 2106 omnia
784 2069 845 2105 esse
867 2069 1099 2110 indifferentia,
1125 2069 1240 2105 sensiam
1262 2071 1471 2105 Theadnream
1494 2069 1636 2107 instituit.
1687 2074 1769 2106 Eam
1797 2075 1905 2122 philo.

290 2120 423 2169 sophiae
438 2133 582 2169 partem,
609 2135 690 2170 quae
714 2121 758 2156 est
782 2121 822 2156 de
843 2124 986 2156 moribus
1009 2133 1040 2157 et
1066 2122 1249 2161 virtutibus,
1274 2124 1444 2172 praecipue
1466 2121 1567 2157 coluit
1591 2121 1756 2165 SocrateS,
1779 2135 1811 2159 et
1838 2129 1903 2162 iam

291 2170 390 2207 senex
409 2174 527 2207 cithara
544 2171 653 2208 ludere
667 2172 777 2207 didicit
797 2172 880 2220 apud
895 2174 1092 2213 Cononem,
1118 2184 1148 2208 et
1165 2172 1282 2209 derisus
1304 2187 1321 2208 a
1340 2172 1528 2223 quibusdam
1551 2171 1629 2210 dixit
1660 2173 1739 2209 illud
1756 2175 1905 2213 Solonis:

294 2220 479 2273 ὅψιμαθὴς
499 2225 638 2272 μᾶλλον
663 2220 681 2268 ἢ
706 2221 871 2270 alpoz-929,
896 2224 1037 2270 praestat
1051 2225 1149 2271 sero,
1175 2237 1269 2271 quam
1292 2237 1454 2271 nimquam
1479 2226 1601 2260 dicere.
1655 2225 1721 2260 Hic
1735 2224 1903 2265 daemoni.

291 2287 349 2309 um
373 2274 539 2324 quoddam
560 2274 666 2312 secum
689 2274 889 2311 familiariter
912 2276 1056 2326 colloqui
1078 2275 1210 2312 dicebat.
1263 2278 1387 2313 Primus
1412 2276 1639 2324 Aristophanes
1662 2277 1807 2313 Nubibus
1829 2279 1902 2317 scri-

292 2328 353 2376 ptis
378 2326 482 2376 ipsum
501 2326 705 2376 perstrinxit,
732 2326 1058 2380 vt¹corrunipentem
1085 2330 1237 2371 iuueneS,
1272 2338 1311 2378 'et
1335 2330 1468 2366 atheum
1495 2326 1600 2378 ipsum
1629 2331 1776 2373 vocauit,
1809 2331 1898 2381 quod

1840 2396 1900 2434 PCR
