2049 2720
66 156 368 207 v01.111.p.⁴33r43-6
393 154 621 197 SPHAERAE
647 151 714 195 ET
738 154 870 196 olom
893 156 1126 198 VETERVM
1156 157 1311 197 LibJV.
1326 173 1348 196 c.
1362 159 1472 200 XVI.
1486 161 1542 210 (ol.
1557 161 1681 210 XIV.)
1709 174 1770 209 297

166 254 370 291 Ptolemaeus
385 264 610 303 cognomento
628 253 820 290 Pindarion.
869 252 953 289 Vide
969 251 1062 303 supra
1079 256 1113 289 in
1130 255 1321 292 Ptolemaeo
1339 255 1574 294 Alexandrino.

163 322 390 364 Ptolemaeus,
417 323 623 363 Platonicus,
650 324 707 370 qui
725 319 847 371 scripsit
869 324 903 357 in
918 322 1101 356 Timaeum
1125 321 1286 365 Platonis,
1310 323 1384 359 teste
1410 322 1538 360 Proclo.

164 389 392 431 Ptolemaeum
420 388 685 437 Philadelphum,
707 400 839 437 regem,
864 389 1016 424 Platonis
1039 385 1232 423 sectatorem
1250 400 1345 425 vocat
1371 391 1401 425 S.
1418 391 1646 436 Hieronymus
1666 390 1773 440 praef:

63 439 104 476 ad
119 440 319 490 quaestiones
333 441 422 476 hebr.
437 444 471 477 in
486 439 643 483 Genefin,
670 443 704 476 in
720 452 762 476 eo
777 438 928 489 quidem,
955 438 1044 490 quod
1061 450 1092 475 et
1107 437 1174 488 ipse
1187 440 1284 477 instar
1305 441 1447 478 Platonis
1471 455 1574 479 vnum
1597 442 1697 478 deum
1718 455 1772 478 co-

11 510 15 513 *
62 492 200 528 lendum
221 490 284 529 effe
306 491 408 528 duxit.

165 558 369 595 Ptolemaeus
395 557 642 607 Philadelphus,
672 554 888 606 philosophus
909 557 1166 607 pythagoricum,
1199 571 1297 608 quem
1322 558 1414 594 Beda
1436 559 1490 595 lib.
1513 559 1553 595 de
1574 559 1717 602 musica,
1744 570 1775 597 et

62 622 102 645 ex
122 622 161 645 eo
183 611 347 660 Memfim
370 623 446 659 pag.
463 616 527 655 185.
555 608 595 645 ad
617 610 861 645 Nicomachum
876 605 879 609 ”
894 619 990 658 atque
1021 610 1148 656 Ionstzts
1177 623 1252 659 pag.
1270 622 1330 654 114.
1357 619 1536 653 memorat,
1570 612 1681 647 nullus
1704 610 1775 646 suit.

61 662 349 698 Harmonicorum
364 664 453 697 enim
472 675 554 711 quae
568 661 623 697 ille
641 660 847 697 Ptolemaeus
866 660 982 697 dicitur
996 659 1170 710 scripsisse,
1193 663 1307 697 audior
1320 659 1383 697 suit
1396 661 1553 699 Claudius
1576 663 1685 699 noster
1703 665 1777 699 Pto-

62 711 228 756 lemaeus,
252 723 285 749 vt
307 711 402 762 supra
418 714 449 761 §.
467 726 510 749 12.
531 710 764 749 demonstraui.
866 719 870 722 “

164 779 414 816 Ptolemaeenfis
441 778 673 829 Philadelphus
703 781 785 814 inter
807 777 1077 829 Dipnosophistas
1107 778 1303 828 colloquens
1335 781 1373 816 ab
1400 781 1570 817 Athenaeo
1599 781 1777 822 inducitnn·

60 826 115 866 sed
132 833 157 866 is
172 845 190 866 a
210 834 315 881 patria
337 831 541 868 Ptolemaide
565 833 756 867 Phoeniciae
782 833 826 866 ita
845 831 981 874 dicitur,
1008 842 1042 866 vt
1061 833 1244 867 Antiochus
1273 831 1485 868 Ptolemenfis
1506 832 1590 882 apud
1612 833 1779 870 Marcelli-

61 893 143 917 num
159 885 318 919 comitem
332 886 366 919 in
379 885 549 919 chronico.
590 885 702 931 Itaque
717 881 841 917 Ionfius
859 882 946 918 male
961 881 1213 931 Philadelphum
1230 883 1468 920 Ptolemaicum
1486 884 1645 933 adpellat3
1672 900 1690 920 a
1704 888 1777 920 Pto-

61 933 202 969 lemaide
213 948 291 971 vero
308 937 452 983 Aegypti
466 934 618 970 dicuntur
632 936 741 984 potius
758 934 984 980 fflolemastae,
1013 944 1045 970 vt
1060 937 1187 970 notauit
1202 935 1269 970 Ez.
1287 936 1493 982 Spaubemim
1509 935 1578 972 diss'.
1594 939 1648 973 lx.
1665 937 1705 972 de
1720 935 1777 972 vsu

63 998 218 1022 numism.
236 999 311 1035 pag.
327 999 394 1031 9¹²-

162 1052 234 1087 Fuit
255 1061 286 1087 et
309 1052 418 1087 recens
443 1050 576 1100 quidam
599 1049 739 1101 scriptor
764 1050 918 1087 Claudius
933 1052 1150 1091 Ptolemaeus,
1178 1052 1295 1087 nobilis
1319 1051 1484 1095 Senensis,
1510 1057 1600 1090 cuius
1623 1054 1695 1090 libri
1720 1053 1775 1090 sex

64 1103 276 1152 epistolarum
293 1103 398 1138 italice
415 1100 523 1152 scripti
540 1103 680 1146 exstant,
709 1116 849 1150 quarum
870 1101 998 1139 selec'las
1022 1103 1140 1151 gallice
1164 1103 1322 1139 transtulit
1345 1105 1468 1138 Petrus
1488 1106 1525 1140 V
1526 1109 1607 1145 idal,
1633 1105 1776 1142 Tolosa-

63 1168 141 1198 nus,
172 1153 264 1190 Paris.
287 1167 368 1199 1572·
393 1162 423 1195 8.
476 1156 644 1189 Praetereo
669 1155 885 1188 Ptolemaeum
906 1155 1076 1201 Lucensem
1098 1157 1180 1189 circa
1206 1157 1242 1188 A.
1265 1156 1304 1189 C.
1327 1167 1413 1197 ¹300·
1435 1155 1556 1192 clarum
1584 1156 1776 1205 scriptorem

63 1201 222 1249 chronici,
247 1205 336 1256 quod
349 1205 458 1240 laudat
474 1205 613 1239 Ioannes
630 1202 757 1239 Gerson
777 1204 817 1240 de
831 1205 910 1240 statu
927 1204 1079 1241 ecclesiae
1097 1207 1137 1240 V.
1153 1215 1184 1240 et
1195 1208 1239 1242 N.
1254 1206 1300 1243 T.
1329 1207 1422 1252 [Eius
1437 1210 1563 1245 annales
1580 1209 1618 1244 ab
1633 1223 1662 1246 a·
1680 1212 1775 1245 1060.

62 1256 102 1293 ad
115 1272 143 1297 a,
159 1269 242 1302 1303.
265 1255 458 1306 prodierunt
472 1255 624 1305 Lugduni
646 1259 734 1300 1619.
750 1256 796 1302 8.]

161 1361 248 1396 XVI.
275 1360 387 1410 Qum
404 1363 615 1411 geographos
636 1358 732 1411 supra
747 1371 866 1408 cap..2.
881 1357 1106 1410 persequerer,
1135 1358 1288 1396 adnotaui
1303 1361 1463 1398 nonnulla
1481 1363 1512 1411 §.
1528 1376 1576 1399 10.
1598 1361 1638 1398 de
1661 1363 1774 1399 tabulis

63 1410 127 1447 fine
143 1413 261 1447 chartis
275 1423 422 1449 veterum
437 1414 685 1462 geographicis,
713 1411 753 1448 de
768 1414 882 1461 quibus
900 1415 988 1447 varia
1005 1415 1102 1448 etiam
1119 1411 1287 1449 obseruata
1301 1412 1363 1449 effe
1381 1415 1476 1450 video
1493 1417 1594 1450 Petro
1609 1414 1722 1450 Bertio
1741 1419 1775 1451 in

64 1460 264 1512 praefatione
289 1464 329 1499 ad
352 1465 528 1500 Ptolemaei
551 1465 801 1513 geographiam.
854 1464 955 1499 Lubet
979 1466 1077 1512 igitur
1101 1466 1134 1498 in
1159 1462 1336 1513 praesenti,
1370 1467 1421 1501 vbi
1444 1465 1484 1501 de
1506 1467 1774 1503 astronomorum

62 1517 231 1563 principe,
263 1515 473 1559 Ptolemaeo,
514 1518 598 1552 mihi
619 1514 728 1551 sermo
751 1513 832 1556 suit,
865 1514 1013 1550 {imiliter
1035 1528 1137 1564 pauca
1160 1516 1321 1563 quaedam
1345 1515 1538 1566 subiungere
1565 1516 1605 1553 de
1629 1529 1775 1555 veterum

23 1570 25 1573 ’
61 1564 202 1614 sphaeris
217 1565 387 1616 globisque
401 1568 588 1604 coelestibus
605 1577 634 1603 et
648 1569 717 1603 aliis
734 1566 896 1602 eiusmodi
910 1567 1132 1602 instrumentis
1146 1566 1373 1603 astronomicis
1386 1597 1394 1611 ,
1423 1570 1536 1618 quibus
1561 1572 1692 1605 interim
1710 1581 1775 1606 vte-

64 1627 116 1651 tur
130 1616 252 1661 let‘ior,
278 1618 382 1654 donec
397 1622 518 1655 oriatur
531 1621 610 1655 alius
624 1633 680 1654 me
705 1617 881 1659 eruditior,
908 1621 962 1667 qui
981 1616 1151 1653 satisfaciat
1172 1617 1448 1656 lacobiBernardi
1462 1619 1508 1667 Μ’)
1535 1620 1714 1663 desiderio,
1741 1633 1776 1657 vt

64 1667 235 1704 historiam
252 1669 343 1718 globi
361 1670 487 1719 plenius
503 1683 598 1720 atque
614 1673 753 1706 exac‘tius
771 1667 935 1706 describat.
988 1671 1038 1704 De
1055 1668 1319 1706 obseruationum
1336 1672 1470 1719 quidem
1485 1672 1673 1708 coelestium
1696 1676 1776 1708 anti-

66 1722 185 1768 quitate
207 1721 370 1770 praeclara
389 1720 481 1768 sunt,
512 1735 594 1771 quae
615 1721 790 1771 disputauit
812 1734 950 1769 magnus
979 1722 1153 1768 Gaffimlus
1180 1723 1237 1769 [if]
1261 1721 1394 1772 praefat.
1421 1723 1460 1759 ad
1481 1727 1582 1759 vitam
1596 1725 1776 1769 Tychonis

64 1771 191 1807 Brahei.
244 1772 370 1821 Adtigit
387 1775 450 1809 hoc
466 1785 696 1822 argumentum
714 1776 809 1808 etiam
828 1773 1013 1821 loquelatur
1030 1771 1097 1808 diff.
1114 1776 1136 1808 l.
1152 1774 1192 1809 de
1217 1775 1382 1810 existentia
1397 1777 1462 1810 Dei
1487 1773 1637 1811 aduersus
1654 1778 1776 1812 Atheos

65 1828 136 1870 cap.
152 1836 200 1858 22.
250 1823 312 1859 Sed
328 1827 361 1859 in
377 1823 533 1873 praesenti
553 1839 633 1861 vnus
648 1827 730 1860 mihi
745 1828 803 1861 erit
820 1823 936 1872 scopus
952 1823 1154 1872 propositus,
1180 1836 1325 1862 veterum
1343 1829 1375 1861 in
1395 1825 1609 1862 efformandis
1631 1828 1777 1864 coelestis

67 1875 237 1909 machinae
258 1876 454 1923 imaginibus
476 1887 506 1912 et
526 1877 742 1912 instrumentis
767 1876 994 1912 astronomicis
1013 1875 1202 1912 industriam
1220 1877 1360 1912 breuiter
1383 1877 1611 1926 perstringere.

165 1943 209 1975 Vt
224 1941 262 1975 ab
278 1942 433 1978 Hebraeis
449 1945 576 1978 initium
591 1941 735 1983 sumam,
760 1940 912 1989 suspicari
927 1945 997 1990 quis
1012 1939 1138 1989 possit,
1152 1956 1265 1990 regem
1283 1944 1497 1980 Salomonem
1520 1947 1553 1980 in
1575 1945 1702 1994 templo
1716 1945 1776 1983 suo

66 1990 145 2027 duas
165 1992 233 2027 illas
250 1992 380 2041 insignis
397 1994 492 2029 molis
506 1994 677 2029 columnas
693 1993 767 2029 ideo
783 1992 939 2036 statuisse,
965 2004 998 2028 vt
1014 1993 1148 2042 singulis
1165 1995 1228 2029 illis
1242 1998 1426 2043 imponeret
1438 1994 1607 2046 sphaeram
1625 1998 1689 2033 {me
1704 1998 1778 2046 glo·

67 2043 165 2090 bum,
191 2052 224 2079 vt
238 2055 373 2080 vocatur
395 2058 411 2087 3
428 2047 657 2093 Reg.V11.16.
682 2048 737 2092 qui
762 2044 886 2094 septem
911 2055 979 2090 erat
1000 2044 1214 2080 circumdatus
1237 2047 1365 2082 circulis
1388 2046 1456 2082 fine
1479 2047 1616 2084 totidem
1632 2050 1777 2096 planeta-

69 2091 142 2133 rum
163 2095 285 2131 orbitis.
313 2095 355 2131 id.
377 2109 419 2139 ¹7-
485 2095 612 2132 Confer
634 2109 652 2132 2
670 2097 804 2144 Paralip.
823 2098 876 2131 151.
898 2099 946 2132 16.
1011 2095 1174 2144 Equidem
1196 2101 1241 2132 vti
1263 2096 1410 2134 sanctem
1436 2099 1701 2144 tabernaculum,
1732 2105 1775 2138 ita

70 2145 226 2196 templum
242 2160 375 2198 quoque
392 2146 550 2183 referebat
566 2150 745 2197 imaginem
764 2146 920 2192 vniuerfi,
950 2146 1033 2184 vnde
1055 2147 1235 2196 ἐκμαγεῖον
1249 2147 1383 2190 παντὸς
1401 2147 1511 2200 uso-,ug
1531 2151 1714 2201 adpellatur
1735 2154 1775 2189 ab

1602 2206 1776 2254 „janitore

113 2291 169 2331 hh)
191 2294 271 2324 Nou.
285 2295 369 2334 Reip.
382 2293 503 2324 litterar.
521 2304 546 2325 a.
562 2287 774 2329 169o.ton1.11.
793 2305 821 2335 p.
831 2302 895 2332 47¹·
941 2293 992 2334 qui
1006 2302 1040 2324 en
1058 2302 1076 2324 a
1094 2289 1138 2325 e'te'
1150 2297 1176 2326 le
1186 2295 1318 2335 premier
1333 2295 1502 2331 inventeur,
1523 2300 1552 2326 et
1567 2297 1648 2338 quels
1664 2301 1717 2327 ont
1732 2296 1777 2328 e'te'

73 2334 218 2376 Quelques
234 2336 393 2378 personnes
414 2335 560 2377 cin-{effes
569 2336 813 2377 soulmiteroient
839 2347 896 2378 que
940 2338 981 2367 les
1000 2347 1141 2378 progres-
1195 2337 1259 2379 Qus
1273 2337 1301 2378 fi
1325 2348 1354 2368 ce
1372 2339 1446 2378 plau
1471 2339 1508 2379 est
1530 2344 1598 2378 trop
1619 2339 1732 2381 difficile
1753 2337 1773 2371 (i

70 2379 192 2418 quelcun
204 2378 247 2419 fit
268 2379 416 2420 l‘histoire
437 2379 476 2409 du
492 2379 598 2419 globc,
621 2377 639 2409 ci
658 2389 715 2419 peu
728 2390 800 2420 prm
821 2390 893 2412 com·
940 2380 1082 2419 remplir,
1102 2391 1137 2410 on
1151 2381 1411 2422 voudroitfizvoo'r
1424 2381 1464 2411 du
1482 2382 1595 2417 moins,
1619 2383 1670 2422 qui
1693 2384 1729 2423 est
1748 2384 1774 2414 le

70 2429 117 2450 me
131 2430 168 2450 on
183 2430 202 2451 a
216 2421 284 2461 fait
305 2422 375 2454 cetui
394 2423 435 2454 du
455 2421 642 2461 catenen-ier,
666 2432 700 2453 en
723 2427 894 2459 montrum,
935 2423 1070 2463 premier
1083 2425 1243 2455 inv-auteur
1258 2424 1309 2455 des
1321 2423 1427 2465 globes
1443 2423 1537 2466 celeste
1551 2429 1586 2467 ‚et
1603 2426 1750 2467 terrestre.

116 2478 181 2513 Vol.
196 2479 234 2523 VJ.
649 2522 664 2525 ⁴
965 2476 1021 2523 Pp
