2049 2720
282 172 445 213 GALENJ
478 172 596 211 rimu
626 169 893 209 MANffEsTE
921 172 1063 210 srvan
1113 174 1186 211 Lib.
1201 173 1271 212 JV.
1285 172 1668 223 c.X1X.<0l.XVJJ.)
1706 187 1772 223 449

153 283 224 317 ¹07·
238 267 323 311 “Ort
341 269 375 321 αᾷ
394 267 573 315 ποιᾶτητες
595 263 788 318 deduceret.
841 267 938 312 Quod
958 267 1128 315 qualilates
1147 271 1344 315 incorporeae
1348 270 1427 319 sint,
1452 270 1574 306 Galeno
1590 270 1767 317 aclsm‘ptus

50 325 140 360 liber.
194 324 302 359 Exstat
317 327 350 359 in
369 323 487 358 Aldina
502 333 583 371 part.
601 324 656 357 lv.
685 324 768 355 inter
784 317 908 368 spurios
922 317 983 355 fol.
1001 332 1052 365 27.
1082 322 1115 354 in
1132 332 1248 368 graeca
1261 321 1351 357 Bastl.
1370 331 1451 369 part.
1467 323 1521 355 lv.
1540 335 1613 370 pag.
1632 334 1703 368 493.
1732 325 1765 358 in

48 375 125 412 edit.
146 376 311 411 Charterii
335 386 417 412 tom.
436 376 475 410 ΙΙ.
497 387 570 423 pag.
589 376 642 408 60.
669 375 709 417 inl
725 370 860 420 septima
884 372 1002 406 luntar.
1029 373 1064 406 in
1091 369 1175 407 clais.
1196 370 1318 421 isagog.
1341 371 1403 409 fol.
1418 380 1450 413 8.
1502 375 1632 421 Spurius
1657 373 1700 409 ess
1723 387 1764 409 ex

46 424 141 463 sensu
158 431 320 463 omnium.
372 428 516 476 Scriptus
533 425 576 461 est
591 425 629 461 ad
648 424 838 466 Pindarum,
866 435 965 470 quem
985 436 1055 471 cap.
1073 436 1104 470 9.
1120 422 1331 473 adloquitur,
1357 436 1471 462 contra
1486 426 1675 461 Stoicorum
1694 427 1764 474 phi-

45 477 245 529 losophiam.
268 500 319 507 —
344 480 504 529 Interpres
521 477 565 514 est
584 478 742 513 Horatius
761 476 928 511 Liuianus.

145 571 219 604 108.
247 565 301 600 Dc
322 565 456 600 motibus
476 562 646 610 manifestis
670 568 700 597 et
720 561 869 608 obfiztris.
922 559 1031 596 Exstat
1044 561 1138 597 latine
1154 568 1279 595 tantum
1298 562 1332 596 in
1349 558 1425 597 edit.
1441 562 1605 596 Charterii
1623 571 1702 598 tom.
1718 563 1760 597 V.

42 627 120 665 pag.
133 627 207 661 397.
232 617 266 650 in
289 613 423 663 septima
450 618 568 650 luntar.
596 618 628 651 in
652 611 736 662 spur.
756 611 819 648 fol.
836 615 891 649 66.
952 615 980 647 1s
1002 613 1101 656 liber,
1129 613 1229 648 Conr.
1251 613 1393 648 Gesnero
1413 610 1593 655 referente,
1627 616 1661 647 in
1683 628 1761 649 enu-

42 670 225 703 metatione
246 667 360 702 libror.
386 667 501 702 Galeni
526 681 544 702 a
568 667 757 701 Iohannitio
783 663 849 700 fiue
871 665 1008 700 Honain
1035 678 1075 700 ex
1100 666 1226 699 Graeco
1248 664 1423 703 Arabicus,
1464 673 1554 698 etex
1579 665 1717 700 Arabico
1741 679 1760 700 a

40 719 160 754 Marco
179 719 350 755 Toletano
372 720 490 756 latinus
513 716 617 753 factus
642 715 697 752 est.
750 716 801 752 Ad
821 716 978 751 meliores
996 717 1113 753 Galeni
1136 716 1235 751 libros
1255 717 1414 764 pertinet,
1439 725 1494 750 aut
1512 712 1618 750 saltim
1641 729 1679 750 ex
1696 718 1760 751 Ga-

39 770 107 807 leni
128 770 215 805 libris
238 768 355 807 fatstos.
406 772 615 819 Compilatus
640 768 684 805 est
704 782 743 803 ex
760 767 875 804 Galeni
890 768 979 804 libris
1000 783 1018 803 a
1039 781 1146 817 gnaro
1161 781 1279 803 eorum
1297 768 1453 808 homine,
1476 767 1679 810 Christiano,
1705 781 1760 803 ne.

40 834 105 872 que
127 824 214 857 enim
238 823 318 857 alius
340 824 513 858 hominem
537 835 598 870 pro
614 823 708 857 Titio
725 821 809 855 Petri
833 822 970 856 nomine
995 823 1147 855 citauerit.
1201 820 1387 854 Occurrunt
1407 820 1505 854 etiam
1526 821 1558 852 in
1575 832 1615 854 eo
1631 832 1758 855 errores

39 876 235 916 anatomici,
263 888 345 923 quos
363 872 555 910 commissos
573 889 591 910 a
607 872 734 909 Galeno
758 870 821 908 esse
836 874 888 907 vix
903 871 1023 908 credas.
1076 874 1256 920 Excerptus
1276 868 1387 906 forsan
1408 869 1452 905 est
1471 884 1511 905 ex
1532 870 1618 905 libro
1640 869 1680 906 de
1701 872 1757 907 ob.

38 922 138 961 scuris
160 927 321 970 motibus,
348 939 448 976 quem
471 923 692 975 composuill'e
711 922 810 960 refert
825 923 967 959 Galenus
990 926 1024 959 in
1044 923 1130 959 libro
1151 922 1192 958 de
1213 920 1440 958 musculorum
1453 919 1652 958 dissectione.

144 1023 216 1056 109.
243 1010 297 1045 De
303 1011 520 1057 facultatibus
536 1022 650 1056 corpus·
666 1008 808 1055 nostrum
825 1007 1088 1055 dispenflmtibus.
1139 1006 1249 1042 Exstat
1265 1008 1363 1042 latine
1378 1015 1502 1042 tantum
1517 1008 1549 1042 in
1566 1005 1638 1042 edit.
1654 1007 1756 1042 Char-

38 1063 113 1098 terii
132 1071 213 1097 tom.
231 1064 270 1097 V.
294 1075 368 1111 pag.
385 1075 415 1107 7.
468 1065 508 1098 Et
532 1065 566 1097 in
588 1060 724 1108 septima
749 1063 918 1095 luntarum
942 1061 974 1094 in
1001 1057 1112 1107 spuriis
1136 1057 1197 1094 fol.
1217 1063 1272 1095 60.
1299 1070 1331 1094 et
1353 1060 1387 1093 in
1406 1058 1477 1093 aliis
1504 1057 1591 1094 editt.
1613 1072 1754 1108 operum

36 1114 154 1151 Galeni
175 1113 281 1149 latinis
304 1116 386 1149 inter
405 1112 541 1164 spurios.
602 1112 658 1147 Est
676 1112 758 1148 liber
778 1111 956 1152 Ambfflae,
990 1124 1030 1145 ex
1056 1110 1185 1146 Galeno
1209 1110 1377 1146 collectus.
1405 1129 1455 1137 -
1492 1109 1633 1145 Codices
1660 1111 1755 1146 latini

35 1165 159 1202 exstant
177 1167 210 1200 in
230 1165 380 1201 biblioth.
400 1166 490 1214 publ.
508 1164 635 1201 Parisin.
655 1177 705 1199 nr.
720 1164 1200 1198 MMMMMMDCCCLXV.
1223 1173 1255 1198 et
1270 1175 1320 1198 nr.
1337 1162 1704 1198 MMMMMMMXV.

136 1262 202 1287 110.
231 1250 283 1285 Dc
297 1249 494 1297 dtffolutiom
509 1250 674 1289 continua,
693 1249 754 1296 fia
770 1247 808 1282 de
821 1248 1038 1282 alimentorum
1042 1248 1270 1294 fiicultatibus.
1321 1246 1432 1282 Exstat
1452 1248 1485 1281 in
1505 1245 1578 1282 edit.
1593 1247 1754 1282 Charterii

33 1303 186 1352 Partvi.
207 1314 283 1351 pag.
298 1313 374 1346 403.
397 1309 428 1335 et
451 1303 485 1335 in
509 1299 646 1349 septima
666 1302 788 1335 luntar.
810 1302 894 1334 inter
915 1297 1042 1349 spurios
1063 1296 1124 1335 fol.
1139 1311 1187 1342 71.
1238 1297 1362 1334 Prostat
1385 1307 1513 1334 tantum
1538 1298 1648 1334 latine.
1703 1300 1755 1334 Ex

36 1353 165 1390 Galeno
187 1352 389 1403 compositus
411 1351 474 1395 est,
501 1362 534 1389 vt
556 1351 699 1396 videtur,
722 1352 761 1387 ab
780 1350 935 1387 Arabissa.

137 1451 196 1475 ω.
223 1436 383 1484 Διαθήκη
404 1438 481 1488 περὶ
505 1438 567 1482 τῆς
585 1438 633 1476 ‘rie'
654 1435 855 1486 οἰνθρωπεὶε
878 1433 1042 1484 σώματος
1063 1436 1292 1480 κατασκευῆς.
1324 1436 1404 1486 Περὶ
1418 1437 1478 1479 τῆς
1493 1434 1666 1486 τεσσάρων
1688 1437 1754 1475 τῶν

30 1490 122 1542 ὀρῶν
136 1506 196 1532 τε,
222 1506 278 1538 χρη
299 1487 359 1534 ιβ’.
386 1489 492 1539 'missii‘
513 1486 651 1534 διαίτης,
712 1490 920 1536 Ρναμτερΐιιηι
943 1489 1060 1524 Galeni
1081 1491 1118 1523 dc
1136 1490 1262 1523 hunxani
1286 1490 1427 1533 corporis
1449 1488 1683 1534 cotfiitzttione;
1716 1489 1754 1523 de

35 1545 141 1578 diaeta
162 1549 304 1589 quatuor
325 1545 400 1577 anni
421 1541 638 1588 tempestatum
656 1547 686 1576 et
699 1541 862 1575 duodecim
878 1541 1033 1589 mcnflnm.
1085 1541 1136 1574 Ex
1151 1538 1247 1575 codd.
1262 1541 1333 1574 MS.
1352 1538 1426 1574 bibl.
1443 1541 1533 1589 publ.
1545 1538 1674 1585 Parifin.
1692 1541 1755 1587 pri-

35 1607 131 1630 mum
147 1607 263 1643 graece
279 1592 388 1636 edidit,
413 1604 444 1630 et
465 1593 596 1629 latinam
611 1592 794 1628 versionem
810 1591 955 1628 confecit
973 1594 1170 1628 Charterius.
1194 1591 1248 1627 Est
1263 1603 1348 1638 opus
1364 1593 1456 1626 Neo-
1468 1592 1597 1632 Graeci,
1623 1589 1754 1627 Arabici

33 1643 166 1695 saporis.
197 1665 249 1673 —
280 1644 398 1682 Codex
416 1658 549 1694 graecus
574 1644 672 1681 exstat
694 1647 726 1680 in
747 1645 823 1680 bibl.
841 1642 1162 1681 vindobonenssnr.
1179 1654 1225 1685 32.
1248 1641 1288 1678 de
1302 1641 1409 1679 Neffel
1429 1653 1511 1693 part.
1525 1644 1581 1678 111.
1604 1656 1638 1691 p.
1652 1655 1704 1689 43.

134 1742 196 1768 112.
224 1731 303 1782 Περὶ
325 1732 454 1780 χυμῶν,
505 1730 561 1764 De
581 1730 764 1767 humoribus
786 1730 876 1765 liber.
929 1731 1055 1766 Graece
1078 1741 1148 1765 non
1169 1727 1288 1776 exstat,
1314 1742 1422 1778 neque
1438 1731 1472 1765 in
1487 1728 1622 1771 Aldina,
1647 1740 1756 1777 neque

33 1784 70 1832 in
94 1781 274 1819 Bastleenfi.
295 1784 298 1787 ’
340 1787 428 1819 Eum
456 1784 602 1830 primum
632 1795 748 1831 graece
777 1781 876 1817 edidit
894 1781 1194 1825 Ren.Charterius,
1226 1790 1308 1818 tom.
1325 1783 1379 1816 111.
1403 1794 1477 1830 pag.
1493 1793 1569 1826 150.
1590 1778 1755 1829 refertque

34 1835 223 1870 Charterius
246 1848 321 1870 eum
344 1837 428 1870 inter
446 1846 519 1876 eos,
546 1846 628 1882 quos
652 1847 768 1881 graece
788 1836 824 1868 in
846 1833 956 1869 lucem
978 1835 1125 1881 primum
1144 1831 1279 1882 prodire
1302 1836 1474 1868 curaverit.
1526 1831 1581 1866 Est
1596 1845 1680 1880 opus
1694 1834 1755 1867 Ga-

33 1883 166 1920 lenistae
186 1889 292 1932 graeci
315 1888 521 1926 recentioris,
549 1887 583 1919 in
606 1898 673 1933 quo
694 1887 843 1932 inprimis
867 1884 1030 1920 influxum
1053 1884 1279 1932 tempestatum
1301 1886 1333 1917 in
1349 1881 1489 1932 quatuor
1503 1885 1661 1918 humores
1679 1895 1754 1917 cor·

35 1938 124 1985 poris
147 1936 246 1971 nostri
267 1936 468 1972 demonstrat
490 1934 559 1969 rudi
581 1935 775 1984 pathologia
797 1946 828 1970 et
849 1950 868 1970 a
882 1936 998 1970 Galeni
1020 1938 1154 1983 ingenio
1178 1935 1384 1970 abhorrente.
1435 1933 1570 1970 Relatus
1589 1937 1687 1970 etiam
1708 1933 1753 1969 est

33 1991 62 2024 is
85 1988 165 2023 liber
185 1990 266 2023 inter
287 1986 410 2036 spurios
430 1991 463 2022 in
484 1985 559 2021 edit.
582 1985 717 2036 septima
733 1988 921 2028 Iunmrum,
946 1987 998 2021 vbi
1015 1987 1132 2034 legitur
1153 1989 1189 2022 in
1208 1983 1301 2021 classe
1316 1983 1500 2034 spuriorum
1514 1984 1574 2022 fol.
1592 1993 1651 2026 118.
1680 1986 1754 2021 Au-

34 2039 161 2088 gustino
178 2039 377 2085 Gadaldino‚
402 2035 600 2080 Mutinensi,
626 2041 809 2086 interprete.
862 2040 913 2072 An
936 2037 979 2072 est
998 2041 1022 2073 is
1045 2038 1127 2073 liber
1140 2038 1217 2086 περὶ
1232 2038 1352 2086 χυμῶν
1368 2040 1404 2076 ἐκ
1421 2038 1486 2076 τῶν
1501 2034 1751 2087 Ἱπποκράτες,

36 2103 135 2140 quem
157 2089 301 2126 recenset
323 2097 407 2127 inter
434 2088 530 2126 codd.
552 2103 688 2138 graecos
716 2090 789 2125 bibl.
811 2087 1059 2125 Vindobonens.
1084 2089 1125 2124 de
1149 2089 1257 2126 Ness'el
1282 2099 1361 2136 part.
1378 2090 1432 2124 111.
1461 2103 1508 2125 nr.
1527 2097 1578 2131 28.
1603 2103 1676 2138 pag.
1690 2093 1752 2134 39?

37 2143 150 2178 Galeni
167 2141 208 2178 de
220 2144 415 2179 humoribus
431 2143 531 2184 liber,
553 2139 697 2177 diuersus
712 2141 751 2176 ab
766 2140 874 2182 edito,
898 2151 965 2176 erat
979 2144 1011 2176 in
1034 2141 1180 2178 biblioth.
1198 2140 1389 2177 Coislinian.
1411 2139 1599 2176 Montfauc.
1616 2152 1697 2188 part.
1713 2143 1752 2175 Π.

35 2206 109 2243 pag.
127 2201 203 2238 448.
230 2214 279 2221 -
308 2196 419 2230 Galeni
440 2194 480 2229 de
499 2194 691 2228 humoribus
711 2192 791 2227 liber
810 2205 927 2240 graece
947 2206 1129 2238 numquam
1152 2195 1291 2228 antehac
1311 2195 1397 2240 typis
1417 2191 1551 2228 excusus
1572 2206 1647 2227 cum
1671 2189 1751 2227 vers.

37 2245 92 2281 lat.
106 2249 190 2281 notis
207 2247 440 2295 marginalibus
461 2255 493 2281 et
509 2244 625 2279 tabella
644 2247 741 2279 totius
757 2243 828 2278 libri
844 2246 1007 2279 Bcrnardi
1024 2243 1201 2281 Bertra'na'i
1215 2247 1358 2291 Rhegini
1370 2271 1380 2287 ‚
1407 2247 1543 2293 Argent.
1564 2243 1647 2292 apud
1665 2244 1751 2279 Sam.

37 2296 170 2334 Emmel
197 2304 279 2341 1558.
305 2303 372 2339 8&
405 2318 456 2324 -
492 2295 681 2344 Saragossae
706 2296 845 2344 prodiit,
881 2307 1023 2332 vertente
1044 2294 1198 2338 Rasario‚
1222 2301 1311 2341 1567.
1333 2308 1364 2339 4.
1390 2314 1442 2323 --·
1469 2297 1665 2343 Archangeli
1680 2297 1752 2329 Pic-

0 2370 1 2375 ,
39 2349 200 2383 rathamim·
227 2351 259 2384 in
283 2350 352 2386 libr.
371 2349 486 2385 Galeni
507 2348 547 2383 de
572 2349 766 2385 humoribus
788 2350 1030 2385 commentarii.
1057 2346 1153 2387 Paris.
1175 2348 1264 2399 apud
1279 2346 1432 2385 Bernard.
1449 2344 1689 2387 Turrisanum‚
1715 2348 1752 2381 in

0 2407 1 2453 3
39 2399 160 2436 Aldina
180 2399 391 2446 bibliotheca,
419 2402 499 2446 1556.
519 2403 582 2442 3.,

87 2495 154 2529 Vol.
171 2494 211 2529 V.
912 2483 978 2523 1..ss
1591 2495 1652 2528 ¹¹3·
1674 2483 1754 2534 Περὶ
