2049 2720
80 150 293 185 V⁰¹·ffl·1³-4¹⁹
629 149 769 190 coDD.
797 149 940 188 MssT1
971 148 1246 188 TETRABIBLI
1345 150 1416 197 Lib.
1430 148 1499 187 IV.
1518 159 1542 185 c.
1554 146 1664 186 XVI.
1737 154 1801 191 287

79 244 152 282 eod.
168 247 284 282 XXVI.
308 245 340 281 h.
366 245 445 295 plut.
464 245 601 282 alterum
623 244 768 281 eiusdem
790 243 985 293 syntagma:
1014 244 1087 281 cod.
1103 246 1245 282 XLVIII,
1261 257 1287 281 2.
1309 245 1398 294 (pag.
1415 258 1459 288 70
1476 241 1536 292 sq.)
1562 262 1614 269 -—
1639 241 1725 277 Ptol.
1746 241 1804 276 Tae.

76 299 247 338 trabiblor,
280 297 354 336 cod.
368 300 456 333 XVI.
476 312 523 334 nr.
542 311 579 334 ιι.
602 300 690 346 (pag.
705 299 773 342 34.)
796 297 869 333 cod.
887 299 954 332 XX.
979 310 1027 333 nr.
1045 309 1074 341 4.
1102 311 1179 333 cum
1202 299 1365 340 anonymi
1389 295 1593 344 expositione
1616 292 1804 341 quadriparo

77 351 134 386 titi.
160 351 207 398 (p.
226 352 292 396 38.)
319 348 583 386 cod.XXXXlll.
604 362 654 386 nr.
672 362 694 385 1.
722 353 769 398 (p.
788 349 860 394 66.)
886 370 938 378 —-
965 349 1235 398 Cenfiloqfflum,
1262 346 1283 383 s.
1298 346 1456 398 Κάξπος,
1484 346 1558 382 cod.
1577 347 1663 380 XVI.
1690 357 1740 379 nr.
1758 355 1803 388 ¹3·

79 403 170 450 (pag.
188 404 251 446 34.)
282 421 331 428 -—
363 401 438 438 cod.
455 403 526 438 XX.
555 414 602 437 nr.
621 413 651 437 2.
670 412 700 437 et
719 415 768 436 nr.
782 413 808 444 3.
838 404 998 446 anonymi
1028 403 1295 437 commentarius.
1325 402 1415 448 (pag.
1430 402 1495 444 38.)
1526 417 1574 423 —
1605 394 1803 443 fragmenta.

76 453 168 502 (pag.
186 457 239 494 68.
260 466 308 488 nr.
327 465 340 488 1
357 465 388 489 et
404 454 449 497 2.)
473 473 523 482 -
550 455 749 490 Harmonic.
772 453 845 489 cod.
862 454 978 492 XXIX.
994 453 1075 502 plut.
1088 461 1134 501 58.
1158 466 1207 489 nr.
1222 465 1269 499 ¹9·
1296 462 1327 488 et
1343 451 1523 499 Porphyrii
1544 447 1803 485 commentarius

77 517 126 540 nr.
144 518 199 541 20.
225 505 317 553 (pag.
334 517 397 548 474
412 503 474 554 sq.)

179 575 317 620 Neopoli
342 577 377 609 in
400 574 475 610 bibl.
499 577 598 624 regia.
631 575 719 612 Ptol.
734 579 892 626 Καρπος,
914 573 988 613 cod.
1011 576 1112 610 chart.
1132 571 1212 612 saec.
1228 575 1314 610 XVI.
1339 593 1390 600 --
1417 573 1599 620 Porphyrii
1619 576 1805 606 comment.
1843 595 1850 601 .

76 630 111 662 in
131 627 218 663 Ptol.
235 627 429 661 harmonica
449 629 685 675 prooemium,
706 627 781 663 cod.
806 630 907 663 chart.
931 625 1012 663 saec.
1031 627 1117 661 XVI.
1142 647 1193 654 -—
1218 626 1453 675 Apotelesmat.
1470 624 1540 659 libri
1561 625 1614 657 IV.
1637 634 1713 656 cum
1730 622 1807 654 Por-

73 682 185 729 phyrii
210 687 241 714 et
264 690 520 722 anonymorum
544 679 689 716 duorum
711 678 935 729 expositione,
961 677 1035 715 cod.
1051 679 1190 717 membr.
1203 677 1283 716 saec.
1300 680 1375 714 XV.
1401 696 1452 703 —·
1478 678 1644 713 Hannon.
1661 673 1736 708 libri
1751 671 1807 707 ill.

76 730 149 767 cod.
175 729 255 766 saec.
271 731 358 765 XIV.

166 808 214 843 'In
236 805 311 842 bibl.
328 806 451 841 Bauar.
469 807 603 842 Monaci
619 806 659 844 de
673 806 795 843 musica
810 807 882 843 libr.
899 809 956 843 111.
974 819 1051 843 cum
1067 806 1245 855 Porphyrii
1258 804 1435 842 introduei.
1451 802 1560 851 (catal.
1576 815 1649 853 pag.
1667 802 1713 836 61.
1729 797 1806 835 cod.

76 860 180 895 CLIV
200 868 229 893 et
246 858 408 902 CLVIII.)
432 867 464 893 et
488 859 728 907 almagestum‚
755 859 829 896 cod.
845 861 975 896 CLVII.
1002 858 1078 894 ibid.
1105 879 1156 886 ——
1183 857 1358 894 declaratio
1383 878 1434 890 v·-
1461 856 1526 895 τῶν
1542 850 1729 905 προχάξων
1745 852 1807 895 τ’ἧς

22 919 48 929 ”
75 909 291 960 eleemoysnas·
318 911 408 959 (pag.
423 913 477 954 67·
500 910 576 947 cod.
591 912 785 957 CLXXIII.)
812 932 862 940 —
889 910 1068 948 duodecim
1089 910 1323 947 mathematica
1342 909 1480 946 Ptolem.
1503 906 1668 958 opuscula.
1695 908 1742 954 (p.
1758 910 1805 944 81.

16 1015 19 1017 ‚
31 1009 39 1014 ι
74 964 150 999 cod.
166 964 375 1009 CCXXVII.)

177 1040 313 1074 Pataufi
341 1039 376 1073 in
407 1034 521 1073 museo
546 1034 741 1079 Triuisam',
779 1040 986 1074 Harmonica
1006 1050 1084 1073 cum
1105 1038 1305 1087 Porphyrio.
1339 1056 1391 1063 —-
1422 1033 1592 1083 Augtfiae
1608 1033 1650 1070 V
1647 1032 1738 1069 indel.
1759 1032 1804 1067 bic

75 1093 241 1138 Harmon.
257 1103 335 1126 curn
352 1102 453 1125 enarr.
472 1091 660 1138 Porphyrii.
684 1109 732 1117 -
759 1091 964 1139 Guelferbyti
979 1092 1012 1124 in
1028 1089 1104 1125 bibl.
1119 1088 1246 1130 ducali,
1274 1090 1490 1124 Harmonica.

184 1168 304 1203 Turim’
318 1169 354 1202 in
369 1166 443 1202 bibl.
461 1169 550 1213 regia
561 1193 571 1207 ‚
598 1164 815 1213 adparitiones
832 1165 1000 1201 stellarum
1016 1174 1076 1199 etc.
1103 1163 1177 1200 cod.
1193 1166 1400 1200 CCXXXIV.
1428 1162 1541 1210 (catal.
1557 1175 1632 1211 pag.
1647 1161 1730 1206 318.)
1755 1178 1807 1191 -ι-

75 1223 244 1271 Hannon.
267 1218 342 1255 cod.
359 1218 534 1256 CCXXXI.
561 1216 671 1264 (catal.
691 1229 768 1267 pag.
784 1216 876 1266 316.)
911 1237 962 1244 —
993 1215 1285 1266 Qadripartitum.
1313 1215 1388 1252 cod.
1405 1214 1673 1251 CCLXXXVIH.
1696 1210 1806 1262 (catal,

75 1283 151 1322 pag.
168 1272 261 1316 386.)

179 1348 221 1383 V
218 1348 347 1387 nuntiis,
380 1347 414 1381 in
437 1344 514 1381 bibl.
539 1347 581 1380 D.
597 1346 728 1388 Marci,
753 1344 834 1382 teste
853 1343 948 1381 catal.
970 1347 1006 1380 in
1029 1342 1102 1380 cod.
1118 1344 1267 1380 eccm.
1301 1342 1473 1392 Expositio
1496 1345 1530 1378 in
1554 1340 1748 1378 retrabiblon
1773 1348 1805 1376 et

74 1397 209 1439 Fructus
229 1397 251 1434 s.
266 1394 417 1449 Κοίςπος.
446 1417 496 1427 --
520 1399 554 1431 in
569 1396 643 1433 cod.
663 1399 844 1433 CCCXIV.
872 1396 1156 1446 Qadripartitum
1178 1409 1254 1431 cum
1270 1395 1474 1444 expositione
1495 1397 1658 1440 anonymi
1676 1403 1707 1430 et
1724 1395 1803 1427 Por-

74 1455 188 1502 phyrii
204 1449 359 1498 isagoge,
396 1453 473 1485 item
495 1451 648 1491 Frudtus,
684 1448 724 1484 de
743 1448 900 1498 expeditis
923 1449 1121 1491 canonibus,
1155 1447 1196 1483 de
1218 1446 1381 1483 iudicandi
1402 1446 1555 1483 facultate
1579 1456 1610 1481 et
1633 1445 1674 1480 de
1696 1446 1804 1492 hypo-

75 1503 214 1542 thesibus
236 1503 439 1550 planetarum
462 1513 538 1535 cum
557 1502 691 1535 Theonis
717 1503 846 1548 proleg.
868 1503 901 1535 in
922 1513 1082 1547 magnam
1106 1498 1279 1544 syntaxin:
1302 1519 1351 1526 —
1376 1498 1449 1535 cod.
1467 1499 1628 1534 CCCXV.
1665 1497 1803 1531 Theonis

74 1569 198 1592 comm.
216 1556 249 1589 in
265 1565 404 1588 canones
421 1552 503 1588 Ptol.
520 1550 540 1586 s·
557 1561 638 1598 λον,
654 1548 785 1598 ἔφοδος.
813 1551 901 1604 (³de
915 1551 956 1586 ad
974 1552 1003 1598 ᾗ.
1019 1554 1075 1587 VI.
1095 1551 1137 1587 de
1155 1551 1229 1588 cod.
1245 1552 1352 1596 Ven.)
1377 1571 1424 1579 -
1453 1553 1486 1585 in
1509 1548 1583 1584 cod.
1603 1548 1803 1583 CCCXVIII

74 1618 106 1645 et
127 1605 302 1642 CCCXXI.
343 1606 550 1639 Harmonica
574 1617 650 1639 cum
671 1604 849 1650 Porphyrii
876 1613 1060 1639 comment.
1094 1623 1143 1630 —
1180 1606 1213 1638 in
1243 1601 1316 1638 cod.
1336 1603 1505 1637 CCCXIII
1527 1610 1557 1636 et
1578 1601 1747 1635 CCCXIV
1769 1607 1801 1633 et

73 1659 226 1696 DXCIV.
265 1655 570 1704 Qadripareitum‚
604 1655 746 1704 Κοὶςπος
774 1665 804 1691 et
828 1654 868 1689 de
895 1653 1136 1704 hypothesibus
1166 1654 1384 1704 planetarum.
1417 1673 1467 1680 —
1502 1655 1536 1688 in
1558 1650 1819 1687 cod.DXC111.-

73 1711 252 1756 Porphyrii
274 1720 400 1743 comm.
418 1710 453 1742 in
473 1709 691 1742 Harmonica.
743 1705 897 1747 Accessit,
924 1707 999 1742 teste
1025 1707 1193 1754 Villoison.
1209 1709 1243 1740 in
1263 1704 1422 1741 Anecdot.
1443 1718 1492 1753 gr.
1514 1713 1596 1739 tom.
1614 1705 1652 1737 ll.
1676 1716 1708 1752 p.
1728 1709 1801 1745 284.

72 1763 207 1801 Fruc‘ius
230 1774 308 1796 cum
329 1758 533 1807 expositione
556 1761 735 1794 Achmetis.
762 1778 814 1785 -
842 1759 987 1794 Vmetiis
1010 1760 1042 1793 in
1066 1758 1214 1794 biblioth.
1238 1759 1270 1792 S.
1287 1758 1478 1799 Michaelis,
1513 1757 1800 1792 Harmonicorum

73 1815 144 1851 libri
161 1815 215 1848 lII.
244 1825 293 1860 gr.
323 1825 399 1846 cum
426 1812 602 1857 Porphyrii
622 1820 804 1846 comment.
827 1821 858 1845 et
877 1811 969 1846 Ptol.
990 1812 1206 1845 inerrantium
1229 1808 1397 1845 stellarum
1421 1808 1700 1856 significationes,
1740 1817 1800 1853 pet

74 1864 150 1902 Nic.
167 1865 334 1899 monicum
354 1877 371 1897 e
389 1876 508 1910 graeco
525 1861 715 1907 translatae,
742 1865 775 1896 it.
791 1864 951 1910 Excerpta
973 1875 1012 1897 ex
1038 1862 1122 1897 Ptol.
1148 1862 1235 1896 libris
1257 1864 1292 1896 in
1314 1874 1369 1909 op.
1390 1859 1574 1896 Astrolabii.
1601 1856 1664 1891 vid.
1678 1857 1800 1890 Mitta-

72 1918 146 1953 felli
167 1914 243 1950 bibl.
263 1913 358 1948 codd.
380 1914 463 1947 illius
486 1913 673 1948 monasterii
698 1913 761 1948 col.
778 1925 839 1957 973
860 1911 902 1961 sq.
929 1923 960 1947 et
974 1913 1036 1947 col.
1053 1926 1100 1957 75.
1131 1913 1219 1947 idem
1242 1912 1305 1947 col.
1325 1924 1406 1954 1127.
1430 1917 1597 1946 memorat
1616 1906 1689 1943 cod.
1707 1907 1798 1942 Ptol.

42 1966 47 1969 ”
73 1968 160 2006 delle
175 1964 357 2002 Predizioni
381 1964 600 2013 astrologiche
617 1964 744 1999 Iib.1v.
770 1963 902 1998 tradotti
928 1963 1012 1999 dalla
1030 1966 1134 1999 Greca
1156 1964 1235 2000 nell'
1245 1962 1380 1998 italiana
1393 1960 1521 1998 favella.
1549 1960 1667 2005 Harl]

175 2051 299 2086 Graece
329 2050 477 2097 primum
505 2046 582 2082 editi
610 2062 628 2082 a
650 2046 813 2083 Inachimo
830 2046 1082 2091 Camerariow)‚
1117 2059 1193 2082 cum
1224 2045 1372 2082 versione
1397 2042 1452 2081 sua
1479 2043 1623 2080 duorum
1647 2044 1797 2091 priorum

71 2103 233 2141 librorum
254 2110 289 2136 et
309 2102 561 2149 praecipuorum
583 2113 599 2133 e
625 2099 757 2146 reliquis
777 2100 952 2140 locorum,
977 2098 1128 2133 Norimb.
1149 2110 1227 2144 1535.
1248 2110 1280 2142 4.
1333 2099 1425 2133 Hinc
1446 2110 1523 2132 cum
1546 2093 1693 2131 versione
1709 2093 1796 2128 Phil,

72 2154 345 2198 Melanchtlzonis,
372 2153 427 2198 qui
444 2156 476 2186 in
494 2148 627 2200 praefat.
645 2149 684 2185 ad
700 2152 873 2185 erasmum
891 2151 1077 2191 Ebuerum,
1105 2147 1291 2186 senatorem
1307 2146 1633 2197 Norknbergensem,
1653 2145 1795 2186 testatur,

73 2206 105 2246 se
120 2206 298 2244 editionem
317 2205 499 2239 camerarii
519 2202 629 2238 multis
655 2202 783 2238 mendis
803 2200 973 2251 purgasse,
1000 2212 1072 2238 tum
1092 2214 1250 2239 numeros
1273 2205 1307 2238 in
1329 2201 1409 2240 Iocis
1430 2202 1583 2252 apheticis
1603 2208 1668 2234 tarn
1685 2199 1794 2246 graeci

74 2272 174 2311 quam
187 2257 279 2294 latini
301 2265 403 2291 textus
420 2253 614 2291 emendasse.
639 2253 732 2290 Basil.
751 2266 825 2302 1553.
842 2261 874 2295 8.

102 2327 105 2329 '
1639 2313 1791 2362 [Plenior

138 2430 182 2465 w)
203 2429 239 2459 V.
253 2425 342 2477 indie.
363 2425 468 2458 libror.
488 2436 546 2458 rar.
568 2425 639 2463 bibl,
656 2424 792 2460 Budenfis
804 2447 813 2463 ,
837 2431 909 2467 part.
925 2424 963 2456 11.
981 2433 1045 2466 pag.
1061 2431 1127 2466 24¹.
1149 2422 1245 2456 Harl.
