2013 2725
159 44 218 75 4¹0
268 32 340 84 Liq.
354 31 401 68 V.
419 44 441 67 c.
458 31 538 66 XL.

165 123 332 175 episcopus
356 124 557 165 calinensis,
591 123 630 160 ad
656 126 841 173 marginem
867 123 984 160 Suidae
1005 121 1051 160 sui
1076 124 1303 161 adnotauerat.

807 30 967 67 SVIDAE
991 31 1184 66 CODlCES
1211 32 1312 67 MSS.
1343 39 1345 41 ’

1572 34 1692 80 ῺΗΧ.
1703 43 1728 67 p.
1739 35 1879 68 644P645

1363 126 1447 160 Sunt
1468 138 1524 160 eae
1545 128 1715 175 pauciores
1737 126 1882 176 quidem,

165 176 219 213 sed
239 177 405 213 interdum
425 177 480 223 [if]
506 177 632 219 bonae.
656 187 686 212 et
709 190 792 225 quae
813 177 1013 226 plerumque
1034 180 1231 214 aufioritate
1252 178 1342 213 MSti
1362 174 1456 213 Paris.
1474 179 1513 212 A.
1527 177 1773 214 confirmantur.
1820 178 1883 213 Ad.

168 296 239 324 tima
254 293 372 324 mutilus
388 301 415 324 et
431 293 517 330 lacer,
541 296 681 335 incipiens
697 295 733 324 ab
746 293 896 324 ’Angffuro
912 302 940 325 et
955 295 1007 325 de-

172 339 261 367 sinens
277 340 305 367 in
321 339 420 372 Φιμοί·
443 355 486 361 -—-
508 335 719 373 Ἔτυμολογικᾶν
736 339 770 366 r}
787 336 902 373 μεγάλε
911 340 1009 378 Γραμ-

170 382 286 416 ματικὲ.
330 379 425 419 Ἀρχή,
443 398 487 403 —
507 397 549 403 —
573 382 616 409 ΤΞ
633 397 672 403 -
687 379 783 411 Σεῖδοι.
805 384 1008 422 apographum

171 434 277 452 recenS.
292 423 400 452 codicis
417 434 457 453 nr.
476 434 527 453 20.
548 423 591 462 (v.
609 424 688 454 catal.
705 425 774 454 bibl.
792 424 872 454 Leid.
899 435 927 465 p.
948 433 1011 459 39¹.

172 476 216 495 nr.
235 475 258 495 2.
280 474 307 495 et
323 476 384 501 392.
409 477 452 497 nr.
473 472 512 497 16.
535 474 563 496 ct
583 478 609 507 p.
632 471 696 502 396.
715 478 757 498 ur.
775 469 840 505 ιο.)
854 484 896 489 --
921 467 1009 497 Pari-

164 508 219 550 fiis
229 510 257 537 in
276 508 346 538 bibl.
357 508 436 549 publ.
446 511 477 538 in
488 508 550 539 cod.
562 512 772 541 MMDcxxil.
784 510 1010 540 MMDCXXIII.

174 553 393 583 MMDCXXIV
413 560 440 581 et
464 554 677 584 MMDCXXV.
699 554 734 583 ab
751 555 836 583 initio
853 552 966 582 litterae
979 554 1011 583 Α.

174 594 210 622 ad
223 595 310 623 finem
328 594 441 624 litterae
457 597 498 625 T.
521 597 566 625 hic
581 597 620 626 cst
635 596 744 632 codex,
776 598 857 625 cuius
876 606 932 636 ope
954 596 1010 624 Kti-

176 638 264 666 flerus
283 638 400 667 testatur
410 637 588 676 seingentem
604 640 777 668 mendorum
789 649 942 668 numerum
953 638 1009 667 sus-

175 678 286 715 tulisse,
316 691 366 709 nec
391 692 494 721 paucas
510 684 538 710 in
564 683 665 711 eodem
693 681 864 723 suppleuisse
886 681 1013 711 lacunas..

175 724 205 751 in
222 723 285 752 cod.
298 726 524 754 MMDCXXVI.
544 726 579 753 ab
594 727 680 754 initio
696 725 810 754 litterae
827 727 859 753 K.
874 725 908 753 ad
925 726 1011 753 finem

175 765 292 795 litterae
314 769 354 796 Ψ,
394 784 436 789 -
482 769 620 807 Excerpta
651 778 666 796 e
688 767 774 797 Suida
805 767 869 797 sunt
890 770 919 796 in
948 766 1012 795 cod.

176 808 438 838 DCCCCXCVIH.
466 812 525 838 vita
546 811 681 847 Gregorii
699 812 888 839 Nazianzeni.
912 826 954 831 ——
983 812 1013 837 in

177 851 240 878 cod.
263 853 438 880 MDCXXX.
463 862 505 881 nr.
528 856 568 886 ἐς.
603 868 646 873 ·—
696 853 890 892 llffontpellicr
913 851 1014 880 Suidas

177 894 207 921 in
223 892 293 923 bibl.
312 892 464 922 Pellicierii
478 895 546 923 teste
564 893 722 923 Montfauc.
740 910 781 916 —-
804 897 835 924 In
853 893 921 923 bibl.
934 893 1014 924 Cois-

177 934 228 965 lin.
247 937 286 964 est
301 936 362 968 cod.
381 938 562 967 CLXXVIII,
588 935 734 972 Συναγωγῆ
756 937 849 971 λέξεων
871 938 1018 971 συλλεγεῖ-

178 989 214 1005 σα
229 979 257 1005 ἐκ
275 976 404 1018 δια-φόρων
421 981 537 1014 βιβλίων
551 988 605 1009 etc.
626 982 657 1010 in
673 991 732 1020 quo
743 1003 750 1014 ,
775 979 968 1010 Montfaucon
984 982 1014 1008 in

178 1028 230 1050 cat.
246 1021 315 1052 bibl.
339 1022 418 1051 illius
441 1033 503 1062 pag.
520 1027 583 1057 238.
612 1022 728 1059 scribit,
756 1023 821 1052 loca·
841 1022 1015 1063 scriptorum

179 1063 215 1092 ab
230 1064 292 1104 ipso
307 1072 404 1094 notata
418 1066 494 1105 apud
511 1065 628 1095 Suidam
645 1065 702 1104 legi
713 1087 723 1100 ,
750 1066 797 1096 sed
819 1066 931 1095 diuersa
955 1064 1015 1106 ple-

179 1116 313 1147 rumque.
335 1124 380 1130 —-
411 1109 576 1138 Moritfauc.
599 1119 662 1149 pag.
684 1113 749 1144 603.
772 1109 848 1149 seqq.
873 1119 908 1138 ex
930 1108 1015 1138 codd.

179 1148 299 1179 coislin.
317 1152 510 1182 CLXXXVII.
529 1153 684 1181 CCCXLV
703 1160 732 1182 et
755 1153 951 1182 CCCXLVII.
977 1150 1017 1180 se-

163 1190 253 1222 .Ie&a
271 1194 411 1234 excerpfit
423 1194 575 1229 historica,
605 1205 683 1235 quae*
702 1195 778 1236 apud
798 1194 947 1230 Suidam,
969 1196 1017 1230 (vt

180 1234 291 1275 saepius
309 1237 444 1273 adnotat,
469 1239 731 1278 Harpocrationeni
747 1246 774 1268 et
788 1237 1018 1275 etymologicum

182 1277 229 1307 vel
244 1289 303 1307 non
321 1281 450 1315 exstant,
471 1279 520 1309 vel
534 1280 647 1309 diuerse
664 1290 828 1311 narrantur.
851 1297 893 1303 —
925 1281 1018 1312 Vene-

180 1321 234 1351 riis
251 1324 281 1350 in
296 1321 365 1350 bibl.
380 1324 481 1353 Ioann.
498 1331 525 1352 et
541 1323 631 1353 Paulli
645 1326 906 1353 Dominicanorum
917 1345 926 1359 ,
947 1323 1017 1353 Sui-

182 1363 240 1393 dae
256 1363 386 1398 lexicon,
412 1365 578 1400 bonibycin.
597 1366 667 1396 saer.
684 1368 760 1396 xiv.
784 1369 819 1395 II.
836 1366 905 1395 voll.
928 1367 1017 1403 (teste

180 1406 387 1446 Montsnucon
408 1410 438 1437 in
458 1408 551 1438 diario
564 1408 625 1439 ital.
644 1421 671 1449 p.
688 1419 738 1447 47.
762 1418 790 1438 et
805 1409 875 1438 ibid.
892 1420 919 1449 p.
934 1410 1017 1446 363.)

183 1456 277 1478 totum
293 1450 398 1479 §uidae
416 1450 538 1481 lexicon.
567 1454 602 1481 11.
620 1452 690 1482 voll.
714 1463 799 1481 manu
823 1454 944 1488 Georgii
969 1453 1018 1479 Ba-

183 1492 304 1531 iophori
324 1503 349 1522 a.
369 1503 450 1528 ¹402-
473 1494 620 1535 scriptum.
644 1510 684 1517 —-·
713 1495 886 1524 Florentiae
901 1497 929 1523 in
948 1493 1019 1522 bibl.

183 1536 304 1563 monast.
319 1535 347 1564 b.
370 1538 490 1566 Mariae.
515 1552 554 1558 —-
591 1537 718 1567 Venetiis
738 1540 769 1565 in
786 1536 855 1566 bibl¹
874 1539 907 1565 D.
928 1539 1019 1566 Marci

185 1576 249 1605 cod.
265 1579 490 1608 CCCCXLVIII
506 1587 534 1608 et
550 1581 667 1608 DXXX.
689 1581 758 1618 teste
779 1579 861 1608 catal.
885 1589 948 1619 pag.
964 1588 1019 1613 242

185 1626 216 1648 et
229 1624 295 1652 286.
316 1623 423 1650 atenim
441 1624 471 1650 in
486 1622 679 1651 codDXXX.
698 1633 757 1651 non
775 1621 878 1651 Snidae
895 1621 1020 1655 lexicon,

183 1661 231 1690 sed
247 1661 324 1692 illius
340 1659 580 1701 etymologstum,
595 1664 794 1704 dequoinfra,
810 1664 910 1699 latere,
928 1666 1020 1692 anirn-

184 1704 311 1734 aduertit
327 1706 470 1745 Vitloison
485 1708 582 1737 anecd.
606 1717 648 1744 gr.
667 1709 702 1738 ΙΙ,
725 1716 789 1747 pag.
811 1717 876 1742 250.
900 1709 951 1746 qui
966 1707 1020 1735 ibi-

184 1746 250 1776 dem
265 1756 324 1777 not.
335 1757 360 1778 2.
384 1747 473 1777 alium
483 1750 546 1778 cod.
557 1749 674 1784 Suidae,
688 1749 817 1778 nondum
827 1748 978 1784 collatum,
992 1751 1021 1777 in

183 1790 255 1820 bibl.
274 1791 390 1823 Veneta
406 1794 556 1821 Marciana
571 1804 598 1821 n.
614 1801 684 1827 449.
705 1800 734 1821 et
756 1792 846 1821 alium
869 1803 914 1821 nr.
926 1798 967 1826 ες.
990 1793 1022 1820 in

186 1832 259 1862 bibl.
274 1836 375 1864 Ioann.
391 1842 420 1863 ct
433 1834 523 1864 Paulli
535 1856 546 1870 ‚-
574 1835 745 1871 (eumdem,
772 1845 859 1870 reor,
886 1845 973 1874 quern
993 1842 1023 1863 et

185 1876 333 1905 Fabricius
348 1884 376 1906 et
391 1887 446 1914 ego
460 1888 475 1906 e
493 1878 693 1907 Montfaucon.
717 1878 812 1907 diario
833 1877 931 1917 paullo
955 1884 1024 1906 ante

183 1917 405 1957 laudauimus‚)
425 1928 576 1950 memorat.
598 1937 643 1943 -
685 1922 720 1950 In
739 1921 802 1951 cod.
825 1920 895 1950 bibl.
917 1921 1020 1950 Venet.

186 1964 215 1993 S.
231 1961 381 1991 Michaelis
400 1973 436 1991 ex
449 1963 547 1993 Suida
561 1965 708 1998 narratio,
740 1973 771 1993 vt
793 1964 899 1992 dicitur
921 1963 956 1991 de
979 1962 1018 1991 sa-

185 2005 318 2034 cei-dorio
331 2005 403 2035 lesu.
428 2017 454 2035 v.
472 2006 634 2036 Mittor-elli
654 2006 723 2036 bibl.
748 2009 823 2036 MSS.
847 2005 926 2035 illius
946 2005 1017 2035 bibl.

185 2047 240 2078 eol.
258 2055 334 2084 ¹098.
354 2056 381 2077 et
396 2048 448 2077 col.
460 2055 520 2084 893.
532 2049 569 2078 de
584 2050 716 2079 versione
733 2048 875 2089 Philelphi
893 2048 941 2078 lat.
956 2058 1018 2077 tum

185 2090 290 2128 scripta·
314 2099 375 2120 tum
397 2091 473 2120 edita
488 2100 539 2120 etc.
569 2099 658 2131 atque
672 2091 788 2132 copiose
806 2091 858 2121 col.
876 2097 938 2127 982.
956 2091 1018 2131 sqq.

184 2134 219 2163 de
234 2134 364 2163 versione
373 2136 460 2163 Lauri
468 2137 598 2171 Qfirini,
614 2136 791 2164 etAmbrofii
807 2134 935 2164 Camald.
952 2133 1022 2165 libr.

183 2177 391 2217 codicibusque
404 2176 477 2207 aliis.
499 2194 544 2200 —
567 2179 646 2206 Inter
661 2178 742 2206 codd.
759 2178 943 2213 Nmiianos,
973 2188 1017 2207 nr.

182 2221 356 2250 ccxcvm
385 2228 414 2250 et
435 2222 589 2250 CCXCIX.
617 2220 719 2249 Suidae
748 2219 862 2250 lexicon
888 2223 923 2249 11.
945 2228 1016 2252 tom.

181 2263 228 2293 sed
239 2285 246 2297 ‚
268 2262 417 2293 consector
432 2263 512 2294 catal.
530 2274 594 2305 pag.
612 2271 679 2297 500.
694 2271 793 2298 notat,
823 2263 849 2292 se
866 2263 1014 2304 reperisse,

179 2305 287 2338 collata
299 2307 393 2347 prima
411 2307 519 2338 codicis
533 2308 638 2348 pagina
652 2316 718 2336 cum
731 2306 799 2339 edit.
813 2307 886 2336 hanc
901 2306 955 2337 effe
970 2305 1014 2336 lo-

1803 231 1884 266 haec

1050 295 1242 337 cupietiorem
1258 294 1366 324 codice.
1386 311 1430 319 --
1466 295 1638 326 Florentiae
1651 297 1680 325 in
1696 295 1766 325 bibl.
1781 297 1884 327 medic.

1052 340 1091 368 est
1106 339 1170 368 cod.
1186 340 1208 369 I.
1231 337 1301 378 plut.
1320 341 1379 368 LV.
1402 340 1513 373 Βιβλιόν
1527 339 1622 372 λέξεων
1638 336 1713 367 Σεδᾶ
1737 340 1806 378 (fic)
1829 351 1885 368 συν-

1052 383 1162 417 ‘rotz-9⁸&
1176 379 1249 421 παραὶ
1267 378 1396 421 διαφέρων
1413 386 1514 418 σοφῶ“ν”
1524 379 1625 421 ἅνδρῶν
1650 384 1708 412 Inc.
1726 393 1741 411 a
1757 381 1852 411 littera
1864 384 1888 412 Α

1053 427 1109 455 hoc
1127 425 1217 454 modo
1227 419 1266 452 *A
1280 419 1297 451 ἂ
1313 424 1386 464 παραὶ
1401 422 1568 464 ’Λρις-οφοῖνει
1589 426 1725 463 ἒπίρ-ρημκ
1743 423 1821 460 μεταῖ
1845 427 1886 453 ἕκ-

1054 466 1176 502 ‚imiimi
1191 476 1242 497 etc.
1266 475 1294 496 et
1310 467 1412 498 definit
1428 472 1458 498 in
1473 467 1569 497 littera
1586 470 1626 498 Ψ.
1654 467 1775 509 scriptus
1791 476 1888 497 autem

1057 513 1095 540 est
1111 511 1175 540 cod.
1191 513 1326 540 Mantuae
1345 521 1423 546 ¹422·
1447 521 1533 540 manu
1555 512 1630 539 Petri
1645 511 1795 541 cretensis.
1841 514 1889 540 At-

1056 562 1151 584 tamen
1169 556 1197 583 in
1213 555 1268 583 hoc
1286 552 1385 582 codice
1399 556 1547 594 epitomen
1565 562 1675 582 tantum
1699 554 1801 583 Suidae
1824 564 1890 582 con-

1056 599 1165 631 tineris
1183 597 1232 632 id,
1255 596 1334 636 quod
1360 597 1396 626 de
1415 597 1480 626 cod.
1503 597 1634 626 mediceo
1657 597 1766 626 Fabric.
1790 595 1889 637 paullo

1054 648 1120 669 ante
1137 639 1295 673 contendit,
1317 642 1365 668 vix
1381 639 1478 669 credo.
1522 641 1600 669 Nam
1616 639 1804 676 concordare,
1828 639 1893 668 scri-

1055 684 1097 712 bit
1112 683 1245 713 Bandin.
1266 684 1293 711 in
1311 691 1362 711 cat.
1380 682 1464 712 codd.
1483 692 1524 719 gr.
1542 685 1577 711 11.
1601 681 1654 711 col.
1671 691 1734 715 213.
1757 681 1834 711 illius
1851 680 1891 710 le-

1055 727 1112 755 xici
1126 727 1243 754 initium
1264 734 1291 753 et
1310 726 1397 754 finem
1420 735 1484 753 cum
1502 724 1569 754 edit.
1589 724 1756 762 Cantabrig.
1783 726 1892 755 Kiister.

1058 778 1109 797 nec
1131 777 1197 797 vero
1213 767 1302 796 alium
1327 768 1389 797 cod.
1415 778 1449 796 cx
1475 767 1523 796 illa
1547 767 1683 808 producit
1703 767 1892 797 bibliotheca.

1059 811 1138 839 idem
1161 819 1256 838 tamen
1276 810 1407 841 Bandin.
1432 812 1463 838 in
1484 809 1564 838 catal.
1588 809 1672 840 codd.
1696 810 1765 840 bibl.
1786 809 1893 840 Medic.

1058 854 1192 881 Laui-ent.
1208 851 1375 881 Gaddianae
1391 860 1418 881 et
1440 853 1466 881 S.
1482 854 1602 886 Crucis,
1629 851 1687 881 vol.
1705 854 1756 881 111.
1779 863 1807 892 p,
1828 862 1892 890 27¹-

1059 897 1121 925 XV.
1137 906 1153 924 e
1169 894 1232 925 cod.
1248 897 1327 930 citat,
1351 895 1456 924 Suidae
1472 902 1639 935 excerptum
1654 895 1835 929 historicum,
1851 898 1894 924 in-

1057 945 1184 978 terprete
1200 948 1370 972 anonymo,
1391 938 1428 968 de
1441 937 1570 978 quodam
1586 937 1711 973 Iudaeo,
1739 940 1790 978 qui
1813 937 1896 967 suum

1059 983 1088 1010 in
1104 981 1251 1010 iudaismo
1268 981 1433 1021 persistendi
1455 980 1607 1009 confilium
1625 988 1747 1010 enarrat.
1776 997 1818 1004 —-
1862 982 1895 1009 In

1063 1023 1211 1064 Tomafini
1228 1023 1413 1053 bibliothecis
1430 1023 1598 1053 Patauinis
1616 1024 1724 1063 (Vtini
1745 1026 1822 1059 ¹639·
1839 1024 1895 1061 4.)

1060 1077 1124 1107 pag.
1144 1077 1192 1096 20.
1214 1067 1279 1097 cod.
1295 1066 1364 1095 bibl.
1383 1069 1408 1096 S.
1423 1068 1502 1096 loan.
1518 1068 1547 1095 iu
1565 1065 1712 1095 Viridario
1727 1069 1766 1096 ita
1781 1069 1895 1096 citatur.

1062 1109 1208 1146 „Suidas
1220 1108 1278 1150 sol.
1298 1109 1464 1140 Mediolani
1481 1118 1509 1139 a.
1525 1117 1614 1148 1514.
1639 1107 1750 1139 donum
1768 1109 1809 1140 H.
1827 1107 1863 1139 R.
1875 1111 1896 1126 “

1066 1152 1180 1182 Oxonz'i
1196 1154 1225 1182 in
1242 1152 1376 1183 biblioth.
1394 1151 1511 1189 collegii
1526 1154 1657 1192 corporis
1676 1153 1800 1186 Christi,
1831 1151 1896 1182 cod.

1062 1197 1229 1226 MDXLIlI.
1252 1195 1355 1225 Suidae
1376 1194 1433 1225 lex.
1452 1197 1490 1224 ΙΙ.
1504 1194 1574 1224 voll.
1590 1194 1641 1225 foi.
1658 1211 1702 1217 —
1720 1196 1797 1224 inter
1808 1194 1895 1223 codd.

1061 1238 1290 1274 Boroccianor,
1334 1238 1397 1267 cod.
1418 1239 1538 1267 LXXVI
1563 1245 1591 1267 et
1621 1238 1738 1267 CXVII.
1762 1247 1898 1277 excerpta

1061 1281 1202 1321 quaedam
1218 1281 1346 1311 eSuia'a
1369 1289 1398 1310 et
1415 1280 1478 1310 aliis
1499 1280 1534 1309 de
1558 1282 1653 1310 Creta.
1681 1297 1725 1303 -
1767 1281 1802 1309 In
1827 1270 1898 1309 bibl.
1957 1300 1959 1303 -
1998 1307 2001 1311 .

1060 1323 1174 1354 Bodlei.
1188 1326 1265 1353 inter
1278 1323 1361 1353 codd.
1374 1323 1506 1363 Digbam
1521 1323 1584 1353 cod.
1596 1324 1747 1353 MDCXII.
1765 1322 1898 1352 colleeta-

1061 1378 1114 1396 nea
1130 1378 1164 1396 ex
1183 1367 1278 1397 Suida.
1300 1383 1343 1389 —
1388 1366 1611 1405 Cantahrigiae
1631 1363 1711 1395 intei-¹
1726 1365 1810 1396 codd.
1832 1364 1897 1396 coll.

1061 1411 1221 1438 Trinitatis
1239 1420 1281 1439 nr.
1298 1410 1506 1438 CCCCXXIX.
1527 1410 1654 1438 narratio
1676 1419 1691 1437 e
1703 1407 1790 1438 Suida
1805 1416 1896 1438 trann-

1061 1451 1127 1483 lata.
1143 1460 1170 1481 ct
1180 1463 1222 1483 nr.
1234 1452 1501 1482 MCCCLXXXHI.
1517 1451 1600 1482 codd.
1611 1450 1725 1488 collegii
1739 1453 1764 1482 S.
1775 1450 1897 1481 Benedi-

1063 1495 1119 1530 eti,
1144 1495 1180 1524 de
1197 1493 1310 1530 Sybillis
1336 1495 1385 1534 (vt
1400 1496 1440 1524 ait
1455 1494 1605 1524 confeoor
1625 1494 1706 1523 codd.
1730 1495 1820 1523 MSSt.
1841 1495 1895 1522 An-

1063 1537 1137 1574 gliae
1162 1546 1189 1566 et
1207 1538 1330 1567 Hibern.
1353 1540 1374 1570 Ι,
1390 1545 1463 1578 part.
1484 1547 1547 1577 pag.
1563 1537 1638 1572 ¹3³-)
1662 1543 1689 1565 et
1713 1535 1776 1565 aliis
1798 1537 1897 1571 rebus,

1064 1582 1162 1608 variae
1176 1583 1382 1614 narrationes,
1404 1590 1439 1608 ex
1456 1578 1551 1614 libro,
1581 1581 1632 1618 qui
1653 1589 1752 1616 graece
1776 1587 1898 1608 vocatur

1063 1622 1180 1657 studes,
1203 1633 1290 1662 quem
1307 1631 1439 1662 tempore
1455 1621 1620 1651 Theodosii
1641 1622 1757 1651 iuuenis
1780 1632 1899 1662 compo·

1064 1664 1182 1694 suerunt
1199 1665 1316 1704 quidam
1333 1667 1390 1693 viri
1407 1664 1555 1704 sapientes.
1577 1680 1620 1686 ·—
1652 1664 1732 1693 Inter
1754 1663 1837 1693 codd.
1855 1674 1899 1693 ec-

1065 1707 1163 1736 clesiae
1184 1707 1311 1736 cathedr.
1334 1706 1538 1745 szelmenfis
1558 1717 1601 1736 nr.
1626 1707 1754 1735 DLXIV.
1784 1705 1900 1737 Suidae

1066 1760 1142 1789 pars,
1167 1760 1181 1778 a
1198 1750 1288 1778 verbo
1298 1748 1452 1784 Ἄνέφικτον
1469 1750 1503 1777 ad
1522 1747 1732 1785 verba'lssooe'm
1746 1751 1780 1777 τΞ
1795 1747 1898 1786 ἐφιάλ.

1064 1804 1108 1820 τε.
1124 1791 1176 1822 fol.
1199 1808 1239 1814 -
1265 1795 1306 1821 De
1317 1792 1414 1821 codice
1425 1791 1577 1832 Voffiano,
1598 1802 1641 1821 nr.
1652 1792 1810 1822 MMcxli.
1825 1802 1900 1821 nunc

1065 1835 1197 1864 Leidenfi
1213 1843 1242 1865 et
1259 1835 1345 1865 Suida
1369 1836 1438 1872 (cat.
1457 1836 1493 1863 11.
1515 1845 1578 1874 pag.
1597 1842 1642 1871 57.
1667 1836 1738 1864 item
1759 1836 1790 1864 in
1806 1835 1900 1865 Pauli

1065 1877 1216 1919 Colonrejlii
1239 1888 1307 1918 opp.
1330 1879 1452 1907 iunffim
1477 1877 1563 1906 editis
1592 1887 1607 1905 a
1630 1879 1652 1907 I.
1677 1877 1741 1908 Alb.
1765 1877 1897 1908 Fabricio

1064 1921 1230 1958 Hamburgi
1245 1930 1320 1956 ¹7¹9·
1338 1931 1365 1955 4,
1389 1931 1451 1960 pag.
1467 1923 1554 1957 847.)
1585 1919 1702 1950 Paulus
1723 1919 1898 1961 Colomefius

1064 1974 1153 2002 pauca
1168 1966 1280 1993 notauit
1292 1962 1447 2003 etscriplit,
1469 1962 1497 1992 se
1512 1962 1567 1992 alia
1584 1962 1619 1992 de
1629 1962 1731 1992 Suidae
1746 1962 1839 1992 lexico
1855 1963 1898 1993 di·

1062 2006 1131 2036 xisl‘e
1147 2008 1177 2035 in
1194 2006 1402 2041 dissertatione,
1423 2006 1458 2035 de
1473 2005 1568 2034 dubiis
1585 2005 1698 2046 aliquot
1711 2005 1899 2047 scriptoribus

1061 2050 1199 2078 haeienus
1216 2049 1339 2079 inedita:
1358 2059 1431 2089 quae
1443 2059 1511 2078 num
1528 2047 1622 2077 lucem
1637 2047 1807 2089 adspexerit,
1817 2050 1898 2089 equi-

1063 2092 1128 2121 dem
1147 2095 1261 2129 ignoro.
1279 2108 1320 2114 —
1343 2094 1420 2121 Inter
1434 2091 1516 2121 codd.
1534 2091 1659 2121 cathedr.
1667 2093 1802 2121 Cantuar.
1826 2093 1895 2128 (cat.

1063 2134 1121 2164 vol.
1144 2137 1183 2166 11.
1212 2146 1277 2175 pag.
1303 2136 1392 2173 225.)
1426 2145 1469 2163 nr.
1494 2136 1896 2164 MMMMMMMCCCXLV.

1061 2179 1208 2208 narratio
1221 2187 1238 2208 e
1251 2177 1328 2208 libro
1338 2201 1346 2213 ‚
1379 2178 1430 2217 qui
1442 2186 1554 2217 graece
1569 2177 1682 2207 dicitur
1696 2177 1812 2207 lexicon
1825 2176 1894 2207 Sui-

1061 2221 1127 2251 dae.
1151 2238 1193 2243 —-
1229 2223 1262 2250 In
1283 2220 1347 2250 cod.
1367 2221 1442 2250 xxi.
1458 2222 1539 2257 regio
1556 2220 1684 2249 Matrit.
1701 2221 1738 2249 est
1751 2218 1896 2253 etymolo-

1059 2266 1154 2301 gicum
1171 2274 1207 2293 ex
1220 2274 1326 2301 magno
1346 2262 1505 2300 etymolog.
1526 2262 1708 2299 desumtum,
1737 2273 1753 2291 a
1777 2261 1895 2292 Lascare

1057 2315 1155 2338 autem
1183 2309 1273 2338 variis
1293 2317 1372 2338 voce.
1398 2317 1415 2336 e
1437 2304 1534 2337 Suida
1558 2304 1730 2348 praesertim
1752 2307 1894 2378 excerpiti-

1779 2349 1852 2390 lupp
1865 2359 1892 2378 e-
